2684 4634
654 184 850 235 enpurrr
1312 39 1332 451 1

382 398 469 473 Art.
499 396 552 473 ΙΙ.
583 397 646 472 De
673 396 843 472 Persona
869 396 1123 476 Assumente.

248 561 325 621 Post
341 556 430 621 dista
446 560 488 620 de
505 560 625 620 unione
642 558 859 638 hypostatica,
876 569 1025 623 remanet
1049 569 1087 622 ut
1111 558 1284 640 singulatim

201 662 408 742 disputemus
424 661 466 722 de
482 659 612 721 duobus
629 661 788 722 extremis
806 662 943 736 unionis,
961 662 1088 724 scilieet
1105 664 1148 724 de
1164 664 1300 753 persona¹

203 774 393 825 assumente
416 773 449 824 et
472 763 514 824 de
538 767 655 823 natura
679 767 857 844 assumpta.
905 763 1000 826 Circa
1017 785 1197 845 personam
1214 784 1289 826 assu·
1330 808 1332 879 q

204 876 347 928 mentem
377 886 482 947 pauca
507 875 637 928 tantum
664 868 822 942 dicemuS,
847 869 925 948 quia
950 867 1022 947 ejus
1054 877 1209 930 naturam
1232 867 1289 948 jam

202 969 435 1050 descripsimus
452 969 484 1028 in
503 969 534 1028 Τ
531 990 556 1030 r.
568 969 606 1030 de
615 970 683 1032 Deo
700 971 799 1033 Trina
810 994 821 1032 .·
836 972 916 1033 satis
929 972 989 1032 erit
1003 972 1104 1052 igitur
1122 973 1291 1053 inquirere:

208 1084 238 1132 1⁰
250 1073 292 1134 de
309 1073 379 1153 ipsa
397 1075 536 1151 persona
553 1083 741 1135 assumente
756 1096 762 1149 ;
786 1087 821 1136 20
836 1076 877 1136 de
894 1084 1029 1153 tempore
1045 1075 1292 1155 assumptionis;

204 1187 238 1252 30
250 1177 291 1237 de
307 1174 418 1236 ordine
433 1176 667 1254 assumptionis
682 1163 746 1255 ,4⁰
762 1179 804 1238 de
820 1177 911 1238 niodo
926 1177 1084 1257 ejusdem.

425 1326 452 1382 Ι.
478 1326 533 1383 De
556 1317 641 1395 ipsa
663 1316 828 1393 persona
850 1329 1087 1380 assumente.

258 1461 323 1523 114.
367 1457 399 1505 1⁰
418 1451 515 1506 Thasii
530 1447 640 1511 :Sola
655 1464 808 1524 persona
821 1444 929 1509 Verbi
943 1445 1133 1510 incarnata
1148 1447 1224 1524 fuit,
1238 1464 1292 1509 seu

202 1544 400 1629 assumpsit
411 1545 604 1609 humanam
617 1549 783 1607 naturam
793 1561 809 1608 ¹.
854 1544 976 1625 Defide
985 1554 1035 1606 est
1048 1566 1091 1606 ex
1106 1547 1205 1606 variis
1217 1565 1292 1625 syn-

204 1645 296 1721 bolis,
309 1657 424 1709 contra
445 1648 717 1728 Patripassianos,
734 1648 798 1727 qui,
815 1644 1062 1710 distinctionem
1087 1667 1291 1729 personarum

204 1761 372 1829 negantes,
403 1751 650 1813 contendebant
682 1752 814 1812 Patrem
851 1752 1057 1812 incarnatum
1097 1760 1132 1812 et
1171 1770 1290 1832 passum

202 1851 300 1913 fuisse
316 1853 381 1934 (De
396 1855 463 1915 Deo
485 1855 591 1927 Trina,
609 1874 638 1914 n.
657 1853 719 1933 21).

246 1953 304 2034 (A)
336 1954 453 2036 Scrrpt.
503 1956 787 2036 Quotiescumque
813 1955 922 2036 agitur
948 1955 989 2017 de
1014 1955 1242 2016 incarnatione
1266 1954 1289 2012 in

204 2058 313 2121 Sacris
339 2060 482 2134 Litteris,
499 2078 628 2140 semper
652 2060 807 2121 asseritur
823 2057 981 2132 Verbum,
1001 2077 1058 2118 seu
1084 2057 1207 2118 Filium
1231 2057 1290 2126 Dei,

203 2180 269 2222 non
303 2172 414 2224 autem
448 2165 579 2225 Patrem
612 2170 669 2222 aut
700 2161 862 2243 Spiritum
901 2156 1063 2222 Sandtum
1095 2160 1290 2220 incarnatum

204 2262 323 2338 suisse;
348 2265 393 2326 ita
410 2286 436 2326 v.
453 2285 483 2346 g.
500 2265 640 2327 dicitur:
664 2266 840 2328 “Verbum
857 2284 933 2325 caro
954 2261 1078 2326 facium
1095 2272 1147 2325 est
1160 2263 1196 2340 ”3
1220 2262 1291 2325 “Sic

204 2365 291 2425 enim
318 2366 409 2428 Deus
433 2367 552 2428 dilexit
576 2369 737 2430 mundum
766 2376 802 2430 ut
825 2367 950 2428 Filium
974 2386 1070 2428 suum
1095 2365 1292 2446 unigenitum

202 2490 298 2530 suum
316 2471 410 2531 daret
421 2470 436 2494 ''
449 2482 470 2532 ².

246 2573 305 2652 (B)
328 2573 357 2634 T
356 2574 423 2635 rad.
442 2574 540 2636 Conc.
553 2575 704 2654 generale
728 2573 758 2633 V
770 2592 926 2654 expresse
948 2569 1096 2632 definivit
1113 2575 1245 2631 “unum
1260 2568 1295 2628 de

203 2677 366 2738 Trinitate
391 2677 597 2738 incarnatum
622 2676 722 2738 fuisse
735 2675 759 2750 ”,
783 2685 816 2737 et
840 2675 939 2738 Conc.
956 2671 1028 2733 Lat.
1044 2671 1067 2732 l
1074 2671 1105 2733 V
1125 2670 1296 2733 declaravit

202 2778 438 2859 “unigenitum
464 2779 527 2839 Dei
552 2777 654 2839 filium
678 2779 792 2858 Jesum
818 2777 985 2840 Christum
1009 2795 1028 2834 a
1052 2769 1297 2835 tota'Trinitate

203 2879 302 2941 fuisse
318 2881 538 2942 communiter
554 2882 759 2960 incarnatum
772 2880 795 2941 ''.
813 2879 927 2960 (Deua.
945 2896 974 2939 n.
995 2891 1051 2955 175
1081 2873 1172 2961 356).

246 2981 303 3061 (C)
334 2983 474 3044 Ratione
503 2984 734 3044 convenientiae.
779 2981 836 3042 Ex
862 3001 895 3042 se
925 2979 1004 3040 nihil
1036 2979 1194 3042 obstabat
1226 2980 1298 3060 quin

154 3105 156 3109 ·
205 3085 309 3157 Pater,
333 3084 383 3144 vel
413 3084 556 3164 Spiritus
588 3086 619 3147 S.
644 3085 823 3145 humanam
852 3091 1004 3144 naturam
1032 3091 1225 3156 assumeret,
1248 3082 1299 3142 sed

204 3186 312 3265 posito
329 3185 537 3247 revelationis
555 3185 652 3260 facin,
669 3188 754 3249 ratio
772 3185 969 3264 investigare
986 3191 1097 3263 potest
1119 3203 1178 3245 cur
1195 3184 1300 3256 Filius,

203 3289 415 3369 potiusquam
435 3290 531 3350 Pater
548 3290 597 3350 v'el
617 3290 758 3369 Spiritus
777 3288 819 3363 S.,
832 3289 1020 3348 incarnatus
1036 3284 1141 3346 suerit.
1190 3287 1300 3347 Praeci-

203 3411 278 3471 puae
295 3401 406 3452 autem
425 3393 569 3453 rationes
593 3391 835 3452 convenientiae
852 3389 1092 3450 desumuntur:
1116 3386 1168 3467 (a)
1185 3408 1230 3450 ex
1237 3389 1303 3469 fine

203 3492 444 3555 incarnationis
461 3519 472 3556 .·
499 3496 540 3557 ad
568 3494 830 3574 redemptionem
859 3491 1004 3553 hominis
1031 3490 1094 3551 tria
1121 3492 1301 3570 praesertim

205 3607 298 3658 erant
330 3599 521 3673 necessaria,
549 3598 673 3658 scilicet
699 3596 855 3670 dochino,
879 3593 1053 3674 exenplmn
1084 3601 1117 3655 et
1151 3594 1304 3656 rnediaior

204 3700 340 3778 gratiae,
362 3700 453 3778 atqui
472 3699 630 3773 Verbum,
647 3708 683 3761 ut
706 3698 879 3779 Sapientia
896 3697 1010 3770 Patris
1025 3695 1209 3782 dodrinarrr
1227 3717 1302 3778 prae·

205 3802 288 3873 bere,
313 3810 348 3862 ut
376 3802 550 3882 exemplar
577 3803 725 3864 omnium
755 3823 872 3878 rerum,
895 3801 1071 3881 exemplum
1099 3801 1197 3863 nobis
1221 3802 1303 3877 dare,

205 3905 339 3966 tandem
363 3914 399 3966 ut
421 3925 561 3985 persona
583 3908 676 3985 quasi
702 3908 811 3968 media
833 3908 918 3967 inter
935 3906 1066 3966 Patrem
1084 3912 1117 3964 et
1136 3903 1302 3986 Spiritum,

238 4091 245 4112 ¹
261 4091 317 4142 Cfr.
334 4091 365 4142 S.
383 4092 409 4142 T
405 4090 476 4142 liorrz.
492 4109 507 4159 3
522 4108 546 4158 p.
564 4108 589 4160 q.
605 4105 628 4156 3,
642 4108 666 4144 a.
681 4093 738 4156 4-83
753 4093 870 4156 Saurea,
884 4091 955 4160 disp.
969 4091 1039 4154 ΧΙΙ;
1054 4091 1224 4146 Salmarrtic.
1235 4092 1303 4160 disp.

205 4176 293 4238 V111;
310 4178 453 4242 Pelavius,
468 4177 483 4229 Ι.
501 4179 538 4243 ΙΙ,
552 4195 575 4231 c.
596 4190 634 4246 15.

239 4269 249 4290 ²
255 4264 322 4332 son.
341 4264 363 4326 l,
384 4278 424 4328 14;
443 4265 498 4329 ΙΙΙ,
514 4263 552 4318 16.
