2684 4634
239 168 296 219 DE
313 167 616 220 CONSECTARUS
633 166 879 229 UTRIUSQUE
898 166 1116 217 MYSTERII.
1160 167 1225 219 58³
1290 232 1293 239 Ι

105 346 109 354 ’
125 346 192 411 fuit
207 348 241 408 in
257 347 445 409 universum
461 347 575 409 orbem
587 358 607 408 1.
647 347 802 427 Jamvero
817 346 935 422 cultus,
951 346 1007 427 qui
1023 345 1108 408 altas
1123 344 1225 407 habet

125 451 257 516 radices
276 450 308 511 in
330 449 529 531 antiquitate
544 459 578 512 et
593 450 786 512 observatus
807 447 870 513 ¹luit
886 451 928 512 ab
944 449 1076 512 eximiis
1092 446 1223 524 sanetis,

126 572 197 615 non
216 562 327 634 potest
348 553 438 633 rejici
459 563 496 615 ut
516 574 626 627 novus,
644 553 826 634 praesertim
849 573 952 634 quum
976 571 1075 614 nemo
1093 550 1224 614 dubitet

126 675 339 736 progressum
356 656 599 721 admittendum
615 675 687 717 esse
703 656 735 717 in
752 656 815 737 piis
834 655 1074 728 devotionibus,
1090 651 1225 722 afflante

126 767 161 820 et
177 759 341 840 dirigente
354 758 478 839 Spiritu
493 757 534 835 S,
545 779 647 841 quum
660 769 694 822 et
706 760 823 840 aliquis
835 780 1027 847 progressus
1040 760 1071 820 in
1086 760 1223 839 dogma-

126 861 218 924 tibus
234 860 366 926 admitti
382 862 496 943 possit,
512 882 556 923 ex
572 859 669 925 dictis
686 863 718 924 in
742 863 793 926 Tr.
810 863 849 926 de
863 863 944 926 Fide
959 863 1003 944 (n.
1020 866 1061 940 84
1076 863 1145 943 sq).

174 959 242 1048 (Β)
259 964 403 1036 Addunt
419 963 511 1026 illum
528 963 652 1027 cultum
669 985 740 1027 esse
748 966 972 1046 pereeulosum,
982 965 1068 1047 quia,
1078 965 1105 1025 si
1122 963 1222 1025 semel

127 1066 227 1142 liceat
251 1068 358 1130 colere
380 1068 557 1150 specialem
584 1079 710 1151 partem
738 1071 883 1152 corporis
907 1070 1038 1144 Christi,
1060 1069 1130 1148 pari
1149 1066 1224 1147 jure

126 1169 278 1233 colendae
308 1179 405 1234 erunt
434 1191 550 1233 omnes
580 1181 614 1234 et
644 1173 783 1255 singulae
820 1184 931 1254 partes
968 1171 1113 1251 corporis
1143 1169 1222 1249 ejus.

126 1270 221 1352 Resp.
256 1271 348 1352 Nego
369 1273 643 1353 consequentiam:
669 1294 757 1349 nam,
774 1285 810 1337 ut
833 1295 909 1357 pars
932 1273 1077 1354 corporis
1100 1271 1222 1335 Christi

127 1375 314 1456 specialiter
331 1377 494 1452 adoretur,
513 1397 646 1439 necesse
669 1389 719 1441 est
743 1387 779 1440 ut
801 1378 888 1441 adsit
909 1376 1060 1458 specialis
1081 1376 1174 1450 ratio,
1190 1383 1223 1436 et

127 1478 262 1559 insuper
276 1480 413 1542 accedat
430 1479 589 1542 Ecclesiae
605 1480 812 1562 approbatio.
858 1481 973 1561 Atqui,
985 1499 1029 1541 ex
1045 1478 1152 1552 dietis,
1163 1498 1223 1558 pro

116 1579 325 1662 CordeJesu
341 1583 480 1645 colendo
496 1583 590 1645 adest
606 1584 757 1664 specialis
770 1584 862 1658 rati0,
875 1593 909 1646 et
921 1584 1054 1663 insuper
1064 1581 1222 1644 Ecclesiae

126 1685 344 1765 approbatio:
369 1694 402 1748 et
418 1687 464 1747 sic
481 1686 607 1748 tollitur
622 1686 804 1767 periculum
820 1686 863 1747 de
878 1706 945 1767 quo
960 1686 1076 1767 agitur.

167 1821 238 1902 267.
284 1817 342 1901 (C)
358 1820 531 1900 Objiciunt
546 1821 695 1883 hodierni
711 1820 871 1883 increduli
883 1821 1008 1883 cultum
1026 1820 1085 1883 SS.
1104 1819 1221 1883 Cordis

124 1920 204 2002 Jesu
222 1923 317 1986 inniti
334 1922 418 1986 falso
433 1923 672 2001 fundament0;
692 1944 779 1999 nam,
792 1925 894 2000 aiunt,
906 1944 962 1985 cor
978 1944 1044 1985 non
1060 1932 1111 1984 est
1126 1922 1220 1984 sedes
1277 1996 1279 2000 .

125 2026 258 2103 amoris,
274 2027 331 2088 sed
353 2028 465 2109 potius
484 2027 663 2103 cerebrum,
679 2047 717 2089 ac
738 2028 877 2108 proinde
898 2027 1067 2089 cerebrum
1090 2025 1221 2101 Christi,

124 2147 192 2189 non
210 2127 281 2208 ejus
298 2129 371 2205 Cor,
386 2138 473 2191 esset
493 2130 679 2210 spetialiter
697 2130 913 2193 adorandum.
929 2167 972 2176 —
986 2130 1079 2211 Resp.
1103 2128 1221 2192 Cultus

124 2230 186 2295 SS.
212 2231 330 2295 Cordis
355 2243 406 2296 est
428 2234 565 2295 omnino
591 2234 818 2314 independens
844 2254 864 2295 a
889 2233 1072 2315 quaestione
1095 2231 1222 2311 agitata

123 2335 212 2396 inter
233 2335 490 2419 physiologistas
513 2346 623 2398 utrum
651 2357 706 2398 cor
731 2338 775 2400 sit
800 2338 895 2399 sedes
918 2336 1048 2409 amoris
1063 2334 1114 2397 vel
1142 2354 1221 2410 n0n;

123 2437 193 2499 imo
209 2436 349 2502 libenter
363 2440 580 2514 admittimus,
595 2438 713 2501 saltem
731 2448 767 2502 ut
783 2439 994 2521 probabilius,
1009 2439 1117 2519 ipsum
1134 2456 1220 2499 cere-

122 2540 221 2620 brum
234 2561 306 2604 esse
317 2543 430 2605 sedem
443 2539 656 2604 afleitionum
673 2542 879 2604 sensibilium
894 2565 901 2619 ;
919 2542 976 2603 sed
994 2561 1050 2602 cor
1064 2550 1115 2602 est
1130 2551 1221 2603 certo

122 2642 174 2724 (a)
197 2644 374 2723 symbolum
400 2646 530 2721 amoni,
555 2666 642 2721 nam,
667 2647 753 2726 apud
781 2667 896 2707 omnes
921 2654 1046 2725 genteS,
1070 2664 1164 2706 amor
1187 2656 1221 2706 et

122 2747 244 2809 caritas
259 2748 487 2830 significantur
502 2769 561 2829 per
576 2769 652 2824 cor;
679 2747 730 2829 (b)
748 2758 781 2810 et
800 2751 933 2829 insuper
948 2768 1004 2809 cor
1019 2756 1069 2809 est
1084 2746 1171 2807 sedes
1186 2746 1218 2807 in

122 2855 190 2931 qua
206 2852 440 2932 manifestatur
453 2873 547 2914 amor
562 2852 725 2914 sensibilis
734 2873 741 2928 ;
757 2852 870 2914 statim
887 2851 975 2912 enim
992 2869 1030 2910 ac
1042 2849 1220 2910 vehemen-

122 2962 191 3016 tem
208 2952 418 3018 affedtionem
434 2955 621 3017 sensibilem
634 2955 833 3035 experimur,
843 2974 898 3015 cor
910 2961 1060 3014 nostrum
1073 2970 1220 3012 commo-

120 3066 227 3133 vetur,
238 3067 275 3120 ut
290 3067 422 3120 constat
438 3058 645 3139 experientia
661 3067 695 3119 et
710 3077 826 3118 omnes
842 3056 1030 3138 physiologi
1043 3054 1218 3140 latentur2.

156 3221 165 3243 ¹
180 3216 275 3284 Quum
288 3217 391 3271 limites
404 3218 485 3284 hujus
500 3218 634 3285 synopsis
652 3216 714 3269 haec
733 3216 829 3269 omnia
841 3216 960 3284 probare
973 3232 1030 3267 non
1043 3214 1146 3279 sinant,
1158 3216 1220 3281 lege

121 3301 284 3356 testimonia
305 3304 341 3356 ab
363 3301 523 3356 auiloribus
540 3302 600 3371 jam
622 3301 714 3376 citatis
734 3300 861 3366 collecta,
882 3301 1004 3368 Galiffet,
1023 3318 1050 3368 p.
1075 3301 1096 3366 1,
1116 3317 1137 3352 c.
1161 3315 1220 3367 1-2;

120 3389 219 3458 Leroy‚
229 3405 274 3457 op.
287 3388 333 3443 cit.
346 3405 370 3442 c.
384 3405 399 3443 2
404 3409 411 3453 ;
432 3390 596 3457 Balgairns,
609 3405 653 3455 op.
662 3387 708 3440 cit.
722 3403 746 3441 c.
760 3388 784 3451 l;
803 3389 836 3440 P.
847 3388 887 3440 Le
896 3389 979 3453 Dore,
992 3387 1045 3439 Les
1056 3386 1107 3438 SS.
1120 3386 1219 3439 Coeurs

120 3486 148 3530 et
160 3476 189 3529 le
201 3475 272 3529 ven.
288 3476 317 3529 P.
332 3476 437 3542 Eudes,
452 3475 570 3545 premier
582 3475 679 3543 apdtre
693 3474 728 3527 de
741 3475 800 3527 leur
813 3475 894 3539 culte,
910 3473 996 3537 PariS,
1012 3473 1086 3537 1891.

154 3556 165 3586 ²
179 3562 263 3631 Quod
276 3563 404 3633 sequenti
417 3562 628 3631 comparatione
642 3561 772 3614 illustrari
786 3570 896 3628 potest:
916 3561 930 3586 “
944 3561 1015 3612 Haec
1028 3559 1219 3627 phoenomena

120 3650 154 3705 iis
168 3667 232 3720 quae
244 3668 278 3705 ex
290 3651 500 3718 galvanometro
518 3659 688 3718 generantur
706 3658 868 3716 comparata
887 3656 959 3699 sunt.
998 3647 1069 3698 Haec
1088 3645 1219 3698 machina

119 3738 210 3792 tribus
222 3729 348 3807 partibus
361 3747 491 3791 constat:
511 3737 568 3804 pila
587 3734 726 3798 elettricai,
742 3736 796 3787 filis
814 3745 842 3787 et
861 3733 1025 3802 quadrantis
1044 3750 1105 3786 acu.
1147 3734 1218 3785 Cum

119 3824 148 3878 in
161 3823 220 3894 pila
232 3824 274 3878 vis
286 3823 418 3880 eledlrica
430 3824 561 3892 gignitur,
578 3823 673 3876 statim
688 3833 746 3876 tum
765 3822 794 3874 in
812 3821 878 3889 pila,
894 3831 953 3874 tum
967 3821 994 3873 in
1007 3819 1060 3873 filis
1073 3837 1147 3873 verae
1160 3835 1218 3872 mo·

119 3909 296 3966 dificationes
309 3908 375 3965 licet
388 3911 516 3965 sensibus
536 3928 592 3964 non
612 3911 703 3965 obviae
721 3912 832 3965 adsunt.
872 3913 905 3964 ln
924 3928 976 3963 acu
997 3919 1105 3964 tantum
1124 3907 1217 3975 hujus·

118 3997 198 4053 modi
210 3997 432 4052 modificationes
447 3997 568 4051 maxime
581 3998 710 4051 sensibus
724 3998 854 4052 obnoxiae
864 4009 1019 4066 apparent:
1038 3998 1081 4050 vel
1094 3996 1218 4048 minimae

117 4087 260 4141 currentis
276 4085 445 4147 variationes
464 4102 528 4139 eam
548 4084 707 4150 obturbant,
726 4085 876 4152 exagitant,
896 4084 976 4152 quasi
995 4094 1137 4137 amentem
1157 4084 1218 4136 red-

118 4174 198 4230 dunt.
237 4174 302 4228 Hoc
321 4173 350 4226 in
370 4190 437 4226 casu
456 4172 513 4242 pila
531 4173 783 4241 phoenomenorum
803 4173 1031 4245 primigeniorum
1049 4173 1218 4242 principium

117 4272 149 4317 et
160 4258 245 4317 sedes
258 4259 403 4315 evidenter
415 4270 457 4313 est
462 4278 469 4324 ;
488 4258 652 4328 quadrantis
670 4277 736 4313 vero
755 4277 822 4312 acus
836 4271 879 4313 est
893 4270 1000 4313 tantum
1021 4277 1117 4314 earum
1130 4271 1218 4314 exter·
