2684 4634
217 180 274 234 DE
292 183 596 255 conssscrnnns
609 186 855 247 'UTRIUSQUE
875 186 1098 236 MYSTERII.
1153 187 1220 238 587

118 365 212 446 pleta
224 365 342 444 ·luerit;
373 387 461 448 ergo,
478 377 556 448 post
572 369 731 430 unionem
748 368 1007 449 hypostaticam,
1025 369 1220 431 maternitas

118 465 235 528 divina
250 477 385 549 superat
406 488 523 529 omnes
547 468 628 529 alias
652 469 841 549 dignitates.
890 469 980 531 Hinc
1000 469 1034 531 S.
1051 469 1219 530 Beneven-

118 578 198 632 tura
213 570 279 633 ait1
295 594 301 635 :
325 570 442 653 “Quia
458 570 520 634 luit
537 582 643 634 mater
659 570 733 646 Dei,
745 592 812 652 quo
829 572 910 634 nihil
921 571 1065 635 nobilius
1082 571 1220 652 cogitari

120 682 243 754 potest,
258 674 306 735 sic
326 683 456 736 tantam
480 674 597 736 habuit
620 675 779 737 bonitatis
795 675 1006 756 dignitatern,
1023 675 1112 758 quod
1130 674 1220 736 nulla

121 776 241 840 mulier
256 798 375 858 capere
391 779 508 860 potuit.
555 777 591 842 Si
615 779 704 839 enim
728 798 844 839 omnes
860 788 1029 853 creaturae,
1045 786 1220 859 quantum-

120 900 266 961 cumque
278 883 496 944 ascenderent
512 881 545 943 in
562 881 685 961 gradus
702 880 894 956 nobilitatis
906 889 1018 943 essent
1031 889 1220 961 praesentes,
1265 962 1267 965 ι

119 1003 240 1054 omnes
255 984 415 1048 deberent
431 985 647 1047 reverentiam
665 984 767 1045 Matri
786 983 850 1045 Dei
863 983 887 1046 '’.

165 1084 227 1168 (B)
240 1087 380 1168 Insuper
395 1088 541 1168 dignitas
556 1087 673 1148 Matris
685 1086 749 1147 Dei
762 1095 873 1166 potest
888 1085 953 1147 dici
969 1085 1103 1165 infinita
1116 1104 1218 1146 mora·

119 1188 204 1251 liter.
251 1190 386 1252 Etenim
403 1191 549 1272 dignitas
566 1189 699 1252 moralis
716 1188 855 1268 alicujus
872 1209 1021 1270 personae
1038 1189 1221 1251 desumitur

121 1312 166 1352 ex
196 1293 360 1373 operibus,
383 1313 440 1355 seu
455 1290 628 1355 ‘fructibus
652 1312 735 1372 quos
761 1294 942 1372 producere
969 1301 1081 1373 potest
1089 1316 1096 1371 ;
1128 1290 1220 1370 atqui

123 1393 159 1454 B.
174 1395 225 1469 V.‚
237 1405 275 1457 ut
290 1396 400 1458 Mater
413 1395 486 1470 Dei,
498 1395 658 1476 produxit
670 1392 812 1457 fructum
825 1392 944 1456 infiniti
956 1394 1085 1469 valoris,
1098 1393 1222 1456 scilicet

124 1496 310 1576 Christum;
340 1518 420 1580 ergo
437 1498 524 1559 illius
540 1499 686 1579 dignitas
703 1508 753 1560 est
770 1496 899 1559 infinita
915 1498 1105 1560 moraliter:
1139 1502 1155 1528 “
1170 1495 1221 1557 Fi-

124 1600 187 1662 lius
204 1601 348 1667 infinitat
371 1603 486 1664 matris
511 1602 714 1678 bonitatem;
749 1600 878 1662 infinita
901 1602 1034 1663 bonitas
1057 1603 1090 1662 in
1115 1597 1221 1662 fructu

124 1703 289 1768 infinitam
305 1706 488 1788 quamdam
506 1706 614 1768 adhuc
631 1705 778 1767 ostendit
795 1705 826 1765 in
845 1704 959 1765 arbore
975 1704 1160 1766 bonitatem
1172 1700 1220 1764 2'’.

124 1805 226 1887 Quod
244 1809 374 1872 brevius
392 1809 426 1874 S.
443 1813 582 1874 Tramas
598 1812 644 1872 sic
660 1811 820 1892 exprimit
835 1822 868 1872 3:
892 1816 908 1842 “
922 1811 957 1872 B.
968 1810 1083 1891 Virgo,
1100 1831 1143 1872 ex
1159 1809 1222 1870 hoc

124 1912 215 1990 quod
233 1921 284 1974 est
299 1923 406 1976 mater
422 1915 495 1991 Dei,
512 1915 613 1977 habet
629 1915 809 1995 quamdam
835 1914 1033 1994 dignitatem
1058 1912 1222 1975 infinitam

123 2033 170 2074 ex
187 2013 276 2077 bono
292 2015 423 2080 infinito
438 2018 528 2099 quod
546 2025 596 2080 est
613 2018 705 2079 Deus
719 2017 742 2079 ”.

167 2161 241 2230 270.
288 2167 324 2216 20
346 2155 388 2216 In
413 2156 483 2217 suis
504 2155 712 2218 consotiorz‘is,
758 2153 817 2234 (A)
844 2154 948 2215 Beata
972 2137 1086 2231 Virgo,
1107 2160 1223 2232 utpote

126 2255 238 2317 Mater
262 2258 336 2335 Dei,
362 2259 521 2339 speciales
545 2268 578 2320 et
601 2259 735 2320 intimas
758 2256 933 2319 relationes
959 2254 1126 2318 contrahit
1147 2274 1222 2316 cum

125 2358 231 2421 tribus
247 2361 367 2424 divinis
383 2364 531 2444 personis
541 2376 573 2425 4:
597 2362 648 2443 (a)
659 2361 875 2441 aliquomodo
888 2361 1067 2442 participat
1073 2358 1223 2438 secundi-

124 2471 224 2525 tatem
236 2464 374 2541 Patris,·
407 2487 484 2529 nam
502 2467 558 2529 illa
573 2465 756 2528 fecunditas
768 2464 921 2526 consistit
932 2465 964 2525 in
975 2463 1115 2547 eoquod
1127 2464 1224 2524 Pater

123 2563 167 2626 de
200 2570 260 2628 sua
293 2569 489 2645 substantia,
513 2568 613 2630 modo
648 2567 785 2628 omnino
817 2566 978 2646 virginali,
1003 2565 1222 2646 Unigenitum

124 2687 223 2729 suurn
239 2680 393 2750 generat;
416 2673 507 2751 atqui
526 2671 562 2733 B.
575 2671 681 2749 Virgo
694 2669 806 2748 aliquo
817 2669 919 2729 modo
934 2668 1010 2728 huic
1027 2666 1223 2729 fecunditati

124 2771 271 2834 sociatur
279 2794 286 2851 ;
320 2795 398 2836 nam
415 2776 570 2836 eumdem
589 2773 709 2835 Filium
733 2779 871 2852 generat
894 2771 926 2831 in
951 2780 1101 2850 tempore
1124 2789 1223 2850 quem

127 2876 226 2938 Pater
241 2876 284 2938 ab
305 2887 431 2944 aeterno
453 2887 598 2959 generat,
614 2889 647 2938 et
674 2876 766 2937 illum
789 2875 912 2956 pariter
934 2880 1071 2953 generat
1099 2893 1142 2933 ex
1165 2874 1224 2933 sua

125 2979 321 3056 substantia,
357 2981 524 3060 modoque
558 2979 709 3059 virginali
719 3000 726 3055 ;
759 2998 846 3059 ergo,
905 2976 994 3037 Hinc
1031 2983 1168 3036 vocatur
1205 2995 1224 3036 a

127 3082 280 3143 Patribus
307 3103 373 3144 non
397 3084 505 3145 solum
522 3082 741 3163 primogenito
763 3081 879 3154 Patris,
896 3087 1012 3160 utpote
1038 3087 1117 3140 ante
1143 3076 1224 3138 alias

124 3193 293 3246 creaturas
328 3186 467 3261 intenta,
497 3187 555 3248 sed
587 3185 688 3246 etiam
722 3183 793 3264 ejus
823 3181 1022 3263 cooperatrix
1052 3181 1084 3241 in
1126 3201 1225 3261 opere

126 3288 380 3350 lncarnationis.

123 3389 179 3473 (b)
188 3390 363 3454 Contrahit
378 3391 571 3472 affinitatem
586 3389 751 3470 specialem
767 3409 839 3449 curre
860 3387 957 3449 Verbo
965 3409 981 3459 ,·
1007 3406 1084 3447 nam
1101 3385 1139 3446 fit
1152 3386 1224 3447 Ma-

124 3499 177 3556 ter
187 3494 289 3557 Verbi
305 3495 480 3567 lncarnati,
494 3504 527 3556 et
539 3502 633 3554 tanta
645 3501 695 3553 est
705 3492 784 3554 unio
797 3492 882 3552 inter
892 3490 1035 3550 Matrem
1048 3497 1082 3551 et
1095 3488 1225 3561 Filium,

125 3606 163 3660 ut
180 3598 307 3672 merit0,
325 3617 400 3658 cum
418 3593 552 3658 auctore
577 3594 671 3673 cujus
695 3613 795 3672 opera
814 3592 1007 3671 Augustino
1031 3590 1224 3665 tribuuntur,

162 3757 217 3809 ¹In
232 3757 243 3810 I
258 3756 324 3810 dist.
339 3770 382 3824 44,
396 3755 512 3824 exposit.
527 3754 627 3819 textus,
645 3752 709 3805 dub.
725 3766 750 3820 3,

161 3839 226 3896 ²Ita
237 3842 373 3895 filbertus
385 3843 427 3895 M.
444 3840 564 3904 Marial.‚
577 3857 604 3908 q.
624 3853 680 3904 197.
694 3869 729 3876 —
741 3835 751 3865 ³
762 3839 784 3901 Ι,
800 3855 826 3905 q.
840 3848 885 3908 ¹25,
899 3852 923 3887 a.
937 3835 962 3887 6.

161 3925 259 3983 ⁴Hinc
272 3929 300 3981 in
315 3929 397 3982 Bulla
409 3929 568 3998 Inesfabilzi
582 3928 617 3980 de
629 3926 720 3979 Marii
733 3925 834 3978 dicitur
849 3942 854 3976 :
876 3921 1000 3975 “Veluti
1015 3919 1157 3973 ineffabile
1172 3919 1226 3973 Dei

124 4016 303 4081 miraculum,
325 4015 383 4068 imo
411 4015 536 4068 omnium
563 4013 762 4065 miraculorum
788 4028 867 4078 apex,
890 4027 924 4063 ac
950 4008 1038 4075 digna
1058 4008 1112 4061 Dei
1134 4008 1228 4060 Mater

124 4102 272 4171 exstiterit,
292 4103 375 4157 etad
396 4104 490 4155 Deum
517 4101 609 4169 ipsum
637 4116 687 4166 pro
716 4098 823 4151 ratione
842 4105 977 4150 creaturae
996 4094 1228 4163 quamproxime
1283 4084 1284 4087 ¹

124 4192 262 4260 academ,
290 4191 421 4245 omnibus
453 4206 509 4258 qua
540 4187 672 4241 humanis
699 4204 754 4254 qua
779 4182 914 4253 angelicis
945 4180 1095 4262 praeconiis
1127 4179 1227 4234 celsior

123 4275 279 4343 eraserit'’.
