2684 4634
193 169 260 218 206
656 168 796 220 CAPUT
813 169 838 219 1.

548 285 602 290 ----
611 283 648 291 -..a

225 346 265 410 ⁶⁴·
305 342 487 414 Ceteroquin
508 362 568 400 non
588 344 748 402 diffitemur
765 345 841 403 inter
860 344 1003 414 Gentiles,
1020 343 1184 416 praesertim
1204 345 1288 416 AEgy·

191 432 278 501 ptios,
296 429 389 487 Indos
402 441 431 487 et
446 430 548 487 Persas
562 431 648 503 hujus
662 431 790 502 mysterii
801 431 914 489 semina
924 448 1024 503 sparsa
1034 430 1212 503 suisse,quae
1221 430 1289 487 nihil

190 517 270 574 aliud
291 527 358 574 sunt
378 517 432 573 nisi
455 516 603 588 primaevae
622 517 809 575 revelationis
828 517 968 590 vestigia:
988 517 1053 576 haec
1071 526 1175 576 autem
1194 517 1290 575 omnia

190 604 268 661 adeo
292 603 418 661 obscura
443 613 520 669 sunt,
544 615 585 670 ut,
609 605 673 662 sine
699 604 775 662 nova
800 604 987 673 revelatione,
1009 618 1178 676 nunquam
1193 622 1230 662 ex
1252 603 1289 665 eis

191 691 299 762 dogma
313 690 362 747 SS.
378 690 530 748 Trinitatis
544 692 631 749 educi
651 691 803 763 potuisset.
842 690 973 749 Aliunde
992 689 1154 762 probatum
1173 700 1219 749 est
1236 690 1290 748 hoc

191 778 361 850 mysterium
376 778 465 836 fuisse
477 778 622 849 gradatim
637 778 666 834 in
680 780 715 834 V.
730 789 759 837 et
773 779 810 836 N.
826 779 1021 836 Testamenta
1032 777 1212 845 revelatum;
1225 795 1289 849 ergo

191 886 226 925 ex
240 867 351 924 Graecis
363 866 549 938 philosophis
562 877 610 923 aut
624 866 825 925 Orientalibus
839 865 1030 938 religionibus
1042 864 1168 924 minime
1180 875 1287 924 mutua·

191 963 253 1009 tum
268 953 347 1011 suit¹.

258 1077 344 1153 Art.
366 1076 418 1154 ΙΙ.
441 1077 503 1152 De
523 1076 932 1153 consubstantialitate
953 1101 1227 1175 personarum.

233 1224 280 1304 65.
328 1228 565 1289 Demonstrata
582 1227 730 1289 trinitate
746 1245 972 1308 personarum,
987 1245 1043 1287 eas
1067 1245 1141 1287 esse
1163 1225 1289 1288 consub-

190 1331 359 1392 stantiales
375 1330 481 1410 magis
497 1326 621 1392 directe
644 1329 853 1410 probandum
879 1337 935 1390 est.
982 1326 1290 1391 Consubstantiales

86 1510 89 1515 ,
191 1443 268 1496 sunt
284 1434 405 1496 divinae
423 1453 572 1515 personae
588 1453 684 1495 sensu
701 1429 918 1508 stri&issim0,
934 1440 1099 1513 quatenus
1117 1453 1220 1494 unam
1236 1452 1289 1493 ntr-

192 1559 276 1600 mero
300 1546 452 1598 araturam
477 1536 608 1598 habent.
656 1536 754 1597 Ha'nc
778 1543 889 1597 autern
913 1534 1289 1597 consubstantialitatem

191 1643 223 1703 in
241 1649 315 1703 tuto
330 1639 575 1713 collocabimus,
592 1639 619 1699 si
635 1637 881 1701 demonstretur
896 1657 1170 1720 unamquamque
1183 1659 1290 1721 perso·

192 1764 269 1805 nam
286 1763 361 1804 vere
377 1762 448 1803 esse
466 1741 576 1803 Deum
586 1762 593 1817 ;
616 1760 691 1801 curn
709 1740 796 1801 enirn
815 1748 932 1802 natura
944 1741 1058 1803 divina
1070 1741 1114 1803 sit
1127 1742 1291 1804 numerica

191 1867 266 1921 una,
283 1867 327 1906 ex
344 1844 423 1906 alibi
440 1833 598 1924 probatis,
615 1864 658 1905 ex
676 1842 739 1904 hoc
752 1844 937 1904 necessario
954 1852 1110 1924 sequetur
1127 1853 1195 1906 tres
1211 1844 1290 1906 divi·

191 1971 251 2011 nas
274 1968 432 2030 personas
456 1967 556 2009 unam
581 1947 800 2027 eamdemque
824 1965 962 2008 numero
985 1954 1139 2008 naturam
1157 1942 1290 2009 'habere

192 2052 305 2133 Quum
322 2061 433 2113 autem
451 2070 549 2111 nemo
567 2049 736 2130 negaverit
751 2049 888 2110 Patrem
904 2068 976 2111 esse
1000 2049 1121 2124 Deum,
1136 2049 1290 2113 divinita·

191 2167 258 2218 tem
276 2155 378 2217 Verbi
396 2162 428 2242 et
446 2154 590 2234 Spiritds
607 2153 639 2217 S.
657 2153 797 2232 probare
813 2152 894 2214 satis
910 2152 979 2216 erit.

230 2290 278 2354 66.
327 2290 424 2348 Thais
439 2297 492 2348 ra:
512 2288 681 2366 Verbum,
698 2303 763 2350 seu
777 2286 899 2366 Filius,
917 2291 974 2352 est
988 2304 1074 2353 vera
1095 2305 1252 2367 persona
1270 2307 1292 2354 a

192 2389 300 2450 Patre
320 2384 498 2462 distincta,
515 2401 695 2463 verusque
719 2384 828 2464 Deus,
845 2384 1065 2464 proindeque
1088 2387 1190 2452 Patri
1212 2406 1292 2452 con·

190 2481 448 2547 substantialis.
496 2481 624 2562 Defide
639 2491 687 2544 ast
700 2503 743 2545 ex
756 2483 950 2546 definitione
963 2483 1098 2547 Nicoend
1110 2506 1212 2568 supra
1225 2487 1292 2568 (61)

191 2582 300 2645 relata.

232 2718 280 2799 67.
327 2719 489 2782 Probatur
508 2719 680 2802 Scriptura
693 2746 704 2785 .·
732 2735 763 2784 1⁰
778 2743 818 2784 ex
840 2721 905 2786 Vct.
927 2715 1155 2789 Testamentffl.
1204 2726 1294 2790 Inter

191 2831 305 2884 textus
322 2824 396 2885 Vet.
415 2824 504 2885 Test.
521 2824 608 2885 circa
624 2824 834 2887 divinitatem
850 2827 963 2902 Verbi,
979 2847 1036 2889 eos
1052 2827 1226 2908 seligimus
1238 2830 1292 2910 qui

192 2926 372 3006 Sapientiae
390 2927 545 2988 increatae
561 2928 723 3008 originem
740 2936 773 2990 et
790 2928 951 2991 attributa
967 2929 1171 3007 describunt;
1197 2952 1293 3014 argu·

226 3131 233 3152 ¹
250 3124 361 3176 Nostris
375 3124 474 3178 diebus
488 3143 505 3177 a
520 3125 716 3179 Rationalistis
729 3127 872 3181 nonnullis
891 3128 1025 3182 asseritur
1043 3127 1200 3183 trinitatem
1220 3129 1294 3183 inve·

190 3212 242 3264 niri
258 3211 285 3264 in
299 3211 387 3264 sacris
400 3213 538 3265 Indorum
552 3213 648 3266 libris:
669 3213 707 3266 ibi
722 3214 798 3267 eninr
816 3224 1056 3269 connumerantur
1072 3215 1214 3283 Brakma,
1227 3217 1296 3271 deus

190 3317 297 3366 creans,
324 3299 438 3361 Vr‘sltnrr,
459 3300 529 3353 deus
549 3317 729 3367 conservans,
748 3312 775 3355 et
794 3303 879 3366 Siva,
900 3302 971 3356 deus
990 3302 1146 3357 destruens.
1185 3304 1245 3358 Sed
1263 3320 1297 3358 ex

190 3387 297 3441 eisdem
310 3387 388 3440 libris
402 3397 512 3441 constat
526 3404 574 3441 eos
588 3405 651 3441 esse
664 3399 721 3443 tres
734 3389 803 3442 deos
816 3390 900 3457 plane
910 3387 1068 3454 distinctos,
1078 3389 1127 3460 qui
1137 3390 1297 3445 successive

190 3474 299 3528 adorati
313 3484 377 3526 sunt
391 3492 408 3526 a
422 3474 506 3527 variis
520 3474 655 3528 Indorum
668 3474 768 3540 settim
788 3475 892 3530 deinde
905 3493 972 3531 vero
984 3476 1111 3545 plurimis
1121 3487 1186 3547 post
1197 3495 1296 3548 propa-

189 3572 285 3629 gatum
312 3560 558 3614 Christianismum
585 3561 706 3625 saeculis,
732 3563 894 3630 Brahmani,
917 3573 948 3617 ut
967 3561 1030 3617 illas
1049 3561 1143 3618 sectas
1162 3563 1192 3618 in
1211 3582 1298 3618 unam

189 3648 390 3713 coadunarent,
404 3646 524 3700 triadem
538 3648 692 3716 quamdam
710 3649 890 3703 coniecerunt
908 3666 943 3703 ex
961 3649 1051 3703 tribus
1069 3650 1222 3720 praecipuis
1241 3651 1296 3705 diis

188 3735 333 3802 hucusque
352 3733 504 3802 separatim
524 3734 658 3788 adoratis.
698 3735 741 3788 cf.
763 3736 790 3788 C.
811 3737 845 3788 de
862 3736 981 3804 Harlea,
1000 3736 1078 3804 apud
1089 3737 1215 3807 laugey,
1231 3737 1297 3791 Dic·

188 3820 327 3875 tionnaire
340 3821 556 3890 Apologetique,
569 3821 708 3874 vocabulo
725 3823 753 3874 T
749 3824 849 3887 rr'nr'tel·
868 3822 1036 3890 Hardwick,
1045 3823 1141 3878 Christ
1149 3824 1209 3877 and
1218 3824 1299 3878 other

188 3917 315 3974 masters,
331 3907 458 3974 London,
476 3907 550 3974 1891,
565 3925 589 3976 p.
607 3922 653 3974 191
670 3925 723 3977 sq.;
742 3909 822 3962 Αὐύέ
831 3911 864 3962 de
876 3911 1001 3981 Broglie,
1016 3909 1143 3966 Histoire
1155 3911 1208 3966 des
1222 3912 1298 3965 Reli·

189 3995 280 4063 gions,
296 3996 338 4048 ch.
355 3996 387 4061 V,
401 4012 427 4063 p.
446 3997 495 4063 136
508 4012 549 4064 sq.
567 3995 610 4049 ed.
632 3996 705 4049 1886.

224 4090 235 4112 ²
250 4085 313 4136 Hoc
332 4094 530 4151 argumentum
550 4084 684 4151 praeclare
702 4083 805 4138 evolvit
824 4085 989 4153 Franaelr'n,
1003 4086 1042 4140 th.
1059 4098 1083 4152 7.
1122 4086 1165 4142 Cf.
1179 4088 1297 4151 Petam,

189 4172 206 4223 l.
222 4172 259 4233 ll,
272 4187 296 4223 c.
312 4184 336 4233 r;
355 4170 475 4237 Hortor,
491 4169 615 4234 rot-1663
636 4171 748 4238 Corlav,
760 4172 799 4223 La
809 4171 931 4239 Sagesse
938 4173 1011 4227 dans
1019 4173 1106 4228 l'Anc
1115 4175 1296 4237 Testament,

190 4274 235 4327 ap.
252 4256 378 4325 Congres
392 4257 512 4312 scientis.
529 4257 658 4311 internat.
674 4258 749 4323 1388,
760 4274 785 4326 p.
797 4259 829 4311 61
842 4275 883 4328 sq.
