2684 4634
399 170 454 219 DE
473 167 654 219 OBJECTO
674 167 801 216 FIDEI.
1114 169 1151 219 21

50 367 141 418 certa
156 365 216 430 est,
232 356 300 417 imo
316 353 483 435 objedtum
496 353 573 416 fidei
589 351 827 428 ecclesiastcam,
837 353 894 415 sed
912 373 979 415 non
996 362 1046 416 est
1062 352 1153 433 obje-

50 457 143 521 ctum
162 457 240 521 fidei
256 459 384 521 divinae.

97 559 156 646 (b)
178 564 317 642 Insuper
331 563 460 625 addunt
476 581 482 622 :
509 561 659 624 Ecclesia
675 581 760 622 nova
776 550 841 622 non
855 560 969 622 condit
984 561 1153 641 dogmata,

53 666 110 727 sed
126 665 237 727 solum
251 664 398 746 explicat
413 675 447 728 et
464 667 620 747 proponit
636 665 712 727 fidei
727 675 849 728 nostrae
867 665 1023 728 veritates
1033 664 1102 746 jam
1121 666 1152 727 in
1221 738 1223 742 4

54 790 87 829 se
107 767 287 844 revelatas;
310 767 402 848 atqui
421 768 570 831 Ecclesia
586 791 672 832 nova
687 773 844 832 conderet
860 773 1028 850 dogmata,
1050 770 1076 831 si
1098 791 1155 850 per

55 871 201 952 aliquam
225 871 453 935 definitionem
481 874 523 935 de
548 873 612 936 fide
639 876 762 937 faceret
786 874 875 954 quod
904 882 1003 935 antea
1033 873 1154 936 divina*

56 973 130 1036 fidei
149 994 216 1035 non
234 984 304 1037 erat
319 973 504 1056 objectum
528 997 615 1057 ergo,

96 1139 147 1218 46.
198 1142 383 1206 Conclusio:
410 1144 659 1207 Thomistarum
676 1143 841 1207 sententia
854 1144 1055 1225 probabilior
1066 1143 1155 1207 vide·

58 1255 116 1320 tur,
131 1265 172 1307 ac
196 1245 358 1326 proinde:
394 1246 445 1328 (a)
466 1266 532 1308 non
556 1247 655 1309 datur
676 1245 790 1309 stricta
813 1247 974 1327 obligatio
997 1247 1154 1309 credendi

58 1357 220 1428 tanquam
235 1348 387 1429 absiliunt
395 1348 478 1426 fidei
490 1349 719 1412 conclusiones
743 1349 957 1431 theologicas
973 1359 1154 1430 antequam

58 1451 98 1511 ab
127 1449 280 1512 Ecclesia
306 1451 521 1528 definiantur;
556 1461 706 1514 attamen
732 1452 788 1534 qui
817 1452 899 1514 tales
927 1451 1156 1515 conclusiones
1218 1496 1223 1509 ,

58 1562 169 1634 negat,
184 1562 325 1628 enatet
341 1555 524 1636 propositio
537 1575 611 1635 quae
622 1552 746 1617 directe
756 1555 936 1635 opponitur
953 1554 1157 1618 conclusioni

57 1663 258 1745 theologicae
275 1666 392 1728 merito
408 1687 544 1729 erronea
559 1673 705 1726 vocatur.

57 1767 108 1848 (b)
120 1766 269 1848 Quando
279 1769 427 1832 Ecclesia
443 1769 559 1832 definit
574 1769 720 1848 aliquam
737 1767 959 1849 theologicam
977 1768 1158 1830 conclusio-

57 1890 135 1932 nem
154 1881 191 1934 ut
207 1891 328 1947 veram,
343 1872 423 1950 haec,
434 1870 547 1936 stricte
564 1871 740 1951 loquend0,
757 1892 822 1933 non
844 1870 880 1932 fit
896 1868 1065 1951 objettum
1082 1869 1158 1934 fidei

56 1973 193 2050 divinae,
208 1984 241 2037 et
257 1976 312 2057 qui
328 1977 414 2039 hanc
430 1985 530 2058 negat
546 1995 613 2037 non
629 1984 680 2036 est
698 1975 829 2056 proprie
846 1975 1014 2056 loquendo
1029 1975 1158 2037 haereti·

57 2099 135 2155 cus;
170 2079 228 2141 sed
253 2081 370 2144 merito
393 2091 529 2144 vocatur
538 2078 770 2161 prcesunpttioc
784 2078 961 2153 licercticus,
977 2077 1055 2158 quia
1076 2098 1159 2159 prae-

57 2183 211 2258 sumitur,
226 2184 356 2247 videtur
380 2205 501 2267 negare
525 2181 729 2247 infallibilem
747 2181 904 2243 Ecclesiae
928 2178 1158 2244 auderitatem

57 2286 215 2349 eamdem
232 2285 425 2350 definientis

274 2465 345 2523 111.
362 2465 416 2524 De
439 2464 740 2525 revelationibus
763 2464 951 2538 privatis.²

91 2611 134 2667 47·
177 2603 344 2677 Hucusque
356 2607 395 2664 de
408 2606 585 2664 revelatione
598 2604 719 2676 publica
731 2605 867 2676 diximus,
883 2623 951 2676 quae
961 2613 1053 2676 perse
1071 2615 1100 2662 et
1118 2605 1160 2663 di-

58 2690 141 2747 recte
158 2690 203 2746 ad
212 2691 364 2748 utilitatem
383 2693 469 2750 totius
480 2692 618 2762 Ecclesiae,
635 2693 746 2762 tendit;
772 2711 867 2765 pauca
880 2694 917 2751 de
931 2693 1159 2751 revelationibus

59 2778 183 2849 privatis
201 2779 339 2837 addenda
356 2790 435 2852 sunt,
450 2799 517 2853 quae
536 2797 596 2837 non
613 2780 653 2837 ad
673 2780 839 2837 universam
861 2780 1036 2847 Ecclesiam,
1050 2780 1103 2837 sed
1122 2781 1160 2838 ad

58 2864 189 2921 lcorru‘nes
194 2866 329 2936 priuatos
339 2867 515 2939 dr'iiguntur,
522 2875 644 2940 propter
655 2868 781 2939 ipsorum
795 2869 840 2925 vel
850 2869 974 2924 alt'orum
994 2869 1156 2939 ulilitalcm,

59 2952 131 3010 licet
150 2953 294 3012 indirecte
306 2955 336 3011 in
354 2955 467 3013 bonum
486 2956 576 3014 totius
591 2954 733 3012 Ecclesiae
751 2955 858 3012 cedere
877 2955 1007 3026 possint,
1034 2955 1161 3026 inquire·

60 3058 128 3096 mus
143 3060 148 3096 :
172 3051 305 3098 routrum
317 3041 376 3099 sint
386 3042 541 3101 credibiles
549 3064 557 3115 ;
577 3062 606 3099 20
615 3054 711 3101 utrum
723 3042 896 3112 credenda,
916 3043 1048 3114 30qualis
1062 3040 1161 3101 aucto·

59 3125 131 3182 ritas
144 3126 316 3199 approbatis
328 3128 556 3187 revelationibus
569 3130 703 3186 accedat.

94 3214 137 3277 48.
181 3229 209 3268 10
220 3214 417 3272 Revelationcs
423 3216 553 3287 priuatcc
561 3222 684 3287 possunt
700 3234 754 3271 esse
766 3215 902 3286 objcllum
914 3214 991 3286 fidei
1006 3215 1121 3281 dt'm'nce,
1136 3224 1164 3272 cl

58 3302 137 3359 credi
148 3302 243 3359 eidem
252 3303 439 3375 rreclutcfidci
448 3305 506 3376 quei
518 3303 658 3361 credimus
669 3303 802 3360 veritates
809 3303 920 3373 publice
933 3303 1079 3359 revelatas.
1116 3303 1162 3359 lta

59 3390 261 3449 communiter
280 3401 383 3450 contra
404 3392 550 3463 quosdam
573 3401 737 3448 asserentes
759 3407 912 3447 assensum
934 3389 976 3446 eis
996 3390 1160 3461 praestitum

60 3497 123 3536 non
138 3497 174 3536 ex
188 3477 247 3536 fide
259 3478 334 3550 oriri,
350 3479 403 3536 sed
416 3497 451 3537 ex
467 3479 525 3537 alio
546 3479 658 3536 lumine
675 3479 720 3534 vel
734 3477 898 3550 prophetiae
912 3477 957 3535 vel
976 3477 1162 3543 discretionis

60 3567 229 3639 spirituum.

95 3668 138 3720 49.
178 3654 226 3724 (A)
247 3653 274 3711 S.
290 3653 405 3710 Paulus
422 3653 524 3711 laudat
543 3654 634 3712 fidem
655 3654 732 3723 Noe,
748 3653 807 3724 qui,
824 3653 889 3710 Deo
910 3651 1043 3722 jubente,
1063 3670 1160 3708 arcam

60 3751 253 3807 exstruxerat,
269 3741 359 3799 fidem
372 3741 533 3810 Abraham,
547 3742 599 3813 qui
616 3740 777 3799 “obedivit
800 3740 829 3794 in
852 3739 952 3794 locum
968 3739 1055 3804 exire,
1072 3757 1162 3810 quem

97 3938 105 3959 ¹
118 3930 140 3980 F
144 3927 204 3981 ides
223 3926 414 3981 ecclesiastica
432 3936 474 3980 est
494 3942 635 3991 assensus,
649 3934 763 3994 propter
775 3922 950 3975 infallibilem
965 3922 1102 3975 Ecclesiae
1116 3940 1162 3975 au-

60 4015 233 4082 (toritatem,
249 4013 282 4066 iis
298 4013 460 4068 veritatibus
473 4011 615 4082 praestitus
631 4029 694 4081 quae
716 4027 772 4063 non
792 4020 855 4063 sunt
875 4009 1014 4076 revelatae,
1029 4008 1079 4061 sed
1099 4026 1162 4061 cum

61 4101 193 4157 revelatis
205 4098 418 4167 conuelluntur.

96 4195 107 4216 ²
118 4189 160 4243 Cf.
177 4189 293 4255 Suam,
306 4187 343 4241 de
357 4187 434 4255 Fide,
448 4186 519 4256 disp.
536 4188 592 4253 ΙΙΙ,
606 4203 626 4239 ε.
645 4202 687 4249 ιο;
716 4185 893 4250 8ιιίυιαηῖίε,
906 4182 942 4236 de
957 4182 1036 4248 Fide,
1050 4182 1122 4250 disp.
1142 4183 1162 4247 l,

62 4298 88 4332 n.
106 4292 157 4349 134
171 4294 225 4347 sq.;
243 4278 331 4346 Lago,
348 4280 391 4346 op.
407 4278 461 4345 cit,
477 4276 505 4330 d.
523 4276 545 4342 I,
560 4292 585 4328 n.
600 4289 650 4343 225
665 4291 706 4344 sq.
1190 4306 1267 4360 ·
