2684 4634
304 172 360 222 DE
376 172 725 223 OPERATIONIBUS
744 172 919 223 DIVINIS.
1101 170 1162 222 157

58 357 135 410 ante
152 353 331 432 praevisum
349 354 487 435 lapsum,
504 356 630 417 sincere
650 354 734 416 velle
757 355 897 418 salutem
919 354 1077 429 omnium,
1094 353 1162 426 sed,

58 463 134 532 post
152 457 331 534 praevisum
349 459 488 540 lapsum,
498 479 564 520 non
581 458 665 521 velle
675 479 750 520 vere
763 467 796 519 et
809 459 934 519 sincere
947 457 1006 519 nisi
1020 456 1161 518 salutem

58 555 259 636 eledtorum;
284 562 363 643 ipsis
379 571 544 643 praeparat
561 563 684 642 gratias
701 559 858 636 efficaces,
871 561 943 623 aliis
960 568 1071 622 autem
1088 579 1160 639 gra-

59 652 126 721 tias
139 682 227 741 quae,
238 662 314 726 licet
329 665 361 726 in
375 686 409 726 se
422 664 632 743 sufficientes,
643 687 707 728 non
722 663 889 728 sufficiunt
902 674 1014 726 tamen
1029 664 1070 725 ad
1084 683 1160 724 con-

58 764 302 844 cupiscentiam
330 767 383 829 hic
410 777 443 830 et
469 789 556 830 nunc
580 778 787 850 prementem
815 769 1052 848 superandam;
1086 766 1161 827 hinc

59 866 216 931 Christus
232 880 380 934 mortuus
396 881 454 947 est,
473 882 508 935 ut
524 874 602 935 solis
618 871 731 936 electis
746 873 869 953 gratias
885 891 960 933 vere
977 891 1014 932 ac
1028 869 1161 931 relative

58 971 265 1036 sufficientes
290 986 477 1053 mereretur,
505 977 577 1039 aliis
602 998 678 1039 uero
704 975 784 1038 talia
810 974 936 1036 auxilia
963 972 1159 1054 quibuscum

58 1077 265 1140 tentationes
281 1081 313 1143 in
332 1083 486 1162 praesenti
504 1091 592 1144 statu
611 1089 767 1162 urgentes
783 1081 825 1141 de
842 1076 930 1140 lacto
947 1079 1077 1140 vincere
1094 1095 1160 1137 non

59 1177 201 1241 valent1.

102 1312 171 1375 128.
219 1322 247 1371 2⁰
274 1317 389 1386 Thau:
423 1317 524 1382 Deus
546 1319 734 1382 voluntate
760 1315 990 1382 antecedenti
1014 1321 1098 1380 vera
1124 1320 1162 1380 et

60 1414 206 1472 sincera
220 1412 307 1490 vult,
323 1413 432 1477 etiam
447 1420 530 1493 post
545 1415 733 1494 praevisum
749 1416 900 1493 lapsum,
916 1415 1071 1478 salutem
1087 1431 1161 1477 om·

59 1504 162 1567 nium
177 1506 373 1589 hominurn,
388 1529 453 1576 nec
469 1512 579 1576 ullum
595 1515 641 1578 ad
656 1520 791 1578 aeterna
805 1513 978 1592 supplicia
992 1511 1160 1589 destinat,

59 1615 148 1673 ante
162 1612 316 1689 praevisa
330 1615 513 1681 demerita.
557 1612 604 1693 (a)
619 1613 743 1694 Defide
755 1623 804 1675 est
818 1613 926 1674 Deum
940 1612 1065 1672 sincere
1077 1609 1160 1672 velle

59 1709 204 1774 salutem
222 1716 443 1793 quorumdam
459 1717 577 1779 saltem
594 1718 649 1798 qui
667 1736 733 1777 non
749 1725 826 1777 sunt
843 1713 1077 1794 praedestinati,
1094 1712 1161 1774 imo

58 1814 212 1875 omnium
229 1815 376 1880 fidelium
386 1842 393 1896 ;
420 1840 496 1883 nam
513 1820 695 1902 propositio
711 1819 857 1899 Jansenii
874 1837 1022 1878 asserens
1038 1816 1159 1878 “semi-

59 1915 275 1995 pelagianum
287 1941 357 1983 esse
366 1923 475 1984 dicere
489 1923 657 1988 Christum
671 1943 731 2004 pro
741 1921 895 1983 omnibus
908 1921 1045 1981 omnino
1055 1920 1159 1981 homi-

60 2017 159 2079 nibus
176 2032 345 2086 mortuum
369 2027 473 2101 esse'’,
496 2025 665 2090 intellecta
688 2046 727 2087 eo
750 2043 848 2086 sensu
872 2033 908 2085 ut
935 2021 1084 2085 Cltrz'stus
1098 2034 1161 2102 pro

57 2121 165 2184 salute
179 2123 343 2188 duntaxat
349 2128 656 2206 praedestinatorum
673 2138 820 2191 mortuus
834 2128 887 2202 sit,
902 2146 968 2188 non
992 2126 1099 2188 solum
1124 2134 1160 2187 ut

59 2224 165 2304 impia
181 2236 215 2288 et
231 2226 435 2309 blasphema,
451 2232 509 2294 sed
532 2234 633 2295 etiam
659 2241 695 2294 ut
720 2230 867 2294 ltaeretica
890 2230 1049 2291 damnata
1074 2240 1159 2305 est²;

58 2326 197 2409 insuper
213 2350 329 2394 omnes
346 2330 457 2395 fideles
475 2333 673 2414 Symbolum
690 2330 834 2412 profiteri
852 2341 1015 2407 tenentur,
1036 2333 1068 2393 in
1093 2352 1159 2413 quo

58 2430 200 2494 dicitur:
225 2435 307 2514 “qui
323 2445 457 2517 propter
472 2456 533 2497 nos
549 2435 709 2509 homineS,
719 2444 753 2497 et
764 2445 899 2515 propter
911 2445 1056 2497 nostram
1074 2434 1158 2496 salu·

58 2542 128 2594 tem
154 2536 328 2600 descendit
348 2539 391 2600 de
415 2539 508 2601 coelis
518 2539 533 2563 ''
542 2564 549 2618 ;
575 2558 655 2620 ergo
678 2539 719 2601 de
744 2536 808 2601 fide
829 2548 879 2601 est
904 2538 1071 2602 Christum
1099 2559 1159 2619 pro

57 2639 216 2700 omnibus
233 2640 351 2703 saltem
368 2641 520 2704 fidelibus
537 2652 704 2704 mortuum
723 2661 803 2715 esse,
819 2642 1024 2723 proindeque
1048 2643 1157 2703 Deum

56 2741 187 2804 sincere
202 2764 316 2806 eorum
332 2746 417 2808 velle
433 2747 583 2810 salutem.
631 2745 677 2826 (b)
698 2746 827 2811 Certum
843 2756 935 2808 estet
946 2745 1033 2826 fidei
1046 2747 1157 2825 proxi·

57 2866 149 2906 mum
167 2847 279 2909 Deum
295 2850 421 2912 sincere
436 2851 520 2913 velle
536 2851 677 2913 salutem
694 2851 837 2912 omnium
853 2849 1047 2923 adultorum,
1057 2851 1156 2911 etiam

56 2947 254 3026 infidelium,
283 2961 321 3013 ut
351 2954 518 3017 constabit
555 2974 598 3015 ex
629 2954 833 3034 argumentis
863 2973 943 3014 mox
975 2951 1157 3015 afferendis.

55 3051 102 3130 (c)
123 3051 350 3118 Commum'ter
363 3066 495 3119 tenetur
510 3058 621 3119 Deum
638 3058 763 3119 sincere
786 3056 870 3118 velle
892 3056 993 3119 etiam
1017 3057 1156 3119 salutem

56 3154 248 3234 infantium,
264 3159 320 3237 qui
337 3160 524 3222 moriuntur
539 3167 718 3242 antequam
736 3159 895 3241 baptizari
912 3161 1048 3241 possint.

100 3303 169 3366 129.
215 3291 275 3373 (A)
287 3294 404 3375 Script.
421 3297 470 3376 (a)
481 3296 583 3371 Deus,
592 3297 694 3358 etiam
708 3305 783 3377 post
799 3293 958 3374 originale
974 3304 1157 3376 peccatum,

54 3398 629 3479 omnescreaturasdiligit,omnium
642 3399 926 3471 miseretur,etiam
938 3408 1157 3477 peccatorum,

54 3499 100 3559 eis
116 3500 178 3561 dat
195 3499 307 3562 locum
323 3503 540 3582 poenitentiae,
552 3514 586 3565 et
598 3522 642 3563 ex
655 3523 690 3562 se
705 3501 859 3563 omnibus
875 3520 1008 3581 parcere
1023 3511 1157 3581 paratus

54 3612 123 3665 est:
150 3603 348 3665 “Misereris
374 3607 524 3668 omnium
548 3608 627 3686 quia
650 3607 761 3666 omnia
785 3614 892 3685 potes;
914 3612 947 3665 et
970 3603 1158 3665 dissimulas

54 3716 195 3787 peccata
205 3706 379 3771 hominum
391 3720 527 3790 propter
537 3709 777 3789 poenitentiam,
818 3706 1034 3787 Diligisenim
1045 3707 1157 3768 omnia

53 3831 130 3889 quae
147 3821 237 3884 sunt,
252 3821 286 3872 et
302 3811 384 3872 nihil
400 3813 502 3873 odisti
518 3831 633 3873 eorum
649 3831 725 3890 quae
741 3810 872 3873 fecisti„
921 3808 1029 3871 Parcis
1045 3819 1155 3872 autem

52 3911 224 3988 omnibus,
249 3914 409 3994 quoniam
434 3924 493 3976 tua
518 3924 605 3989 sunt,
632 3913 786 3986 Domine,
808 3913 864 3992 qui
888 3930 980 3973 amas
1004 3911 1157 3972 animas„

51 4016 229 4099 Quoniam
252 4016 410 4096 judicans
433 4017 495 4079 das
526 4017 635 4079 locum
664 4018 695 4077 in
723 4016 869 4097 peccatis
896 4014 1158 4095 poenitentiae''³;

86 4190 95 4220 ¹
111 4189 157 4243 Cf.
174 4189 299 4255 Lasosse,
311 4190 349 4244 de
363 4191 436 4253 Deo,
450 4190 527 4258 apud
547 4190 648 4258 Mtpre
660 4189 758 4243 Tbeol.
775 4189 854 4242 Curs,
868 4199 888 4240 t.
903 4186 973 4248 Vll,
988 4203 1014 4255 p,
1030 4198 1154 4253 4241430.

51 4308 83 4315 -
99 4280 111 4304 ²
125 4277 181 4344 Ap.
198 4274 340 4344 Denzing,
352 4291 381 4329 n.
395 4288 457 4342 970.
472 4305 508 4313 -
518 4271 530 4304 ²
542 4277 610 4343 Sap.
627 4274 787 4339 Xl,24127;
807 4272 876 4335 Xll,
892 4288 931 4338 ¹9·
