2684 4620
216 177 284 229 ⁴30
672 181 813 234 hAFUT
830 180 855 232 1.

214 363 383 443 quomodo
396 364 541 426 sincerus
558 373 591 427 et
607 365 740 428 humilis
758 367 901 448 reputari
919 374 1038 448 potest,
1055 366 1138 428 dum
1155 364 1266 448 palam
1280 385 1307 427 se

181 534 183 538 ,
214 475 250 528 ut
265 485 378 529 verum
398 468 461 529 Dei
480 467 600 529 Filium
619 468 788 531 multoties
805 469 1045 551 proclamavit?
1090 470 1127 536 Si
1147 470 1267 533 Paulus
1281 479 1306 531 et

215 570 384 632 Barnabas
394 570 524 632 divinos
535 570 686 647 honoreS,
700 573 732 633 in
746 573 874 654 Lystris
885 573 946 635 sibi
957 572 1097 649 oblatos
1105 573 1306 655 indignanter

215 672 429 752 rejecerunt1,
457 693 568 736 nonne
602 695 621 736 a
657 674 782 737 fortiori
807 674 959 739 Christus
994 676 1136 738 eosdem
1166 696 1306 739 recrrsare

213 777 389 854 debuisset,
401 778 481 841 dum
499 777 560 858 ipsi
578 779 697 841 redditi
714 787 800 854 sunt,
812 778 843 839 si
856 778 1235 842 merusboffloiuisset?
1276 780 1304 843 Si

214 901 292 942 vero
304 881 430 944 cultum
448 882 608 956 divinum,
620 883 742 945 nedum
761 881 960 963 respuerit‚e
976 890 1094 944 contra
1111 903 1132 944 a
1149 882 1304 964 discipulis

213 983 280 1044 suis
298 983 503 1066 flagitaverit,
518 1006 583 1047 non
601 995 637 1048 ut
655 986 853 1048 sinceritatis
869 994 903 1048 et
919 985 1118 1049 humilitatis
1131 987 1305 1068 exemplar,

214 1087 272 1149 sed
297 1098 333 1151 ut
356 1090 519 1170 pessimus
544 1091 715 1172 impostor,
731 1100 764 1153 et
787 1090 952 1172 superbiae
979 1099 1173 1172 portentum
1203 1092 1304 1154 haberi

214 1191 323 1266 debet,
339 1213 379 1254 eo
404 1178 510 1274 magis
532 1195 618 1276 quia,
642 1194 764 1275 injuste
788 1177 920 1258 divinos
944 1195 1086 1259 honores
1112 1199 1305 1279 usurpando,

215 1296 395 1375 praevidere
412 1298 521 1377 potuit
537 1319 575 1361 ac
592 1297 708 1362 debuit
722 1299 831 1362 Deum
849 1300 954 1381 gloria
973 1301 1035 1381 ipsi
1052 1300 1168 1363 debita
1186 1303 1305 1383 privari.

157 1464 161 1485 ι
217 1399 388 1481 igiturex
412 1401 462 1465 his
486 1387 590 1465 tribus
613 1422 716 1466 unum
740 1401 833 1483 seligi
857 1401 982 1465 debet:
1011 1402 1164 1468 Christus
1189 1414 1239 1467 est
1260 1404 1305 1468 vel

215 1523 338 1579 amens,
347 1503 399 1565 vcl
414 1505 584 1585 impostor,
594 1505 646 1567 vel
659 1506 759 1568 Deus
796 1505 902 1586 Atqui
916 1507 983 1569 duo
995 1507 1106 1587 priora
1117 1517 1307 1591 repugnant,

214 1611 240 1670 si
265 1607 351 1672 reite
369 1608 561 1691 inspiciatur
576 1610 721 1686 historia,
738 1620 774 1673 ut
791 1612 834 1675 ab
850 1612 930 1693 ipsis
947 1613 1144 1675 adversariis
1160 1612 1307 1675 concedi-

215 1723 284 1790 tur;
308 1733 387 1794 crgo
404 1713 554 1777 Christus
570 1723 621 1776 est
638 1735 713 1777 vere
732 1715 832 1777 Deus,

256 1879 303 1948 47.
339 1872 503 1953 Principia
519 1874 560 1935 ad
577 1873 745 1935 solvendas
760 1871 969 1954 dffcultales.
1003 1871 1082 1934 Vim
1100 1870 1202 1952 hujus
1219 1891 1307 1952 argu·

216 1974 319 2040 menti
337 1986 512 2040 senserunt
528 1976 715 2052 aduersarii,
729 1975 871 2056 ideoque
887 1975 1026 2056 probare
1043 1985 1210 2039 conantur
1222 1975 1308 2040 Chri·

215 2091 303 2143 stum
326 2101 497 2162 nunquam
514 2079 600 2141 clare
623 2079 838 2142 affirmavisse
854 2100 888 2140 se
905 2099 976 2141 esse
993 2079 1114 2155 Deum,
1131 2089 1309 2160 textusque

215 2194 399 2266 congerunt
416 2186 447 2245 in
465 2184 584 2266 quibus
596 2183 746 2247 Christus
763 2183 910 2246 declarat
926 2203 962 2245 se
978 2203 1050 2245 esse
1067 2183 1198 2245 Filium
1213 2183 1310 2245 honri-

215 2289 334 2363 m's,vel
352 2298 388 2350 ut
398 2289 586 2351 distinctum
596 2310 616 2348 a
626 2289 728 2350 Patre
739 2288 884 2369 seipsum
898 2285 1226 2362 exhibet,autPatri
1234 2288 1309 2366 inse-

215 2393 331 2456 rr'orem
348 2393 391 2455 ab
407 2413 512 2474 eoque
529 2391 673 2468 missum,
696 2391 746 2454 vel
763 2392 804 2454 ab
819 2412 851 2454 eo
867 2390 1067 2471 accipientem
1091 2411 1310 2473 quaecumque

214 2499 324 2573 habet,
340 2498 470 2579 aliaque
493 2496 683 2577 hujusmodi
697 2509 717 2558 2.
764 2494 875 2577 Quam
900 2494 983 2557 salsa
1006 2495 1049 2557 sit
1072 2495 1182 2575 prima
1198 2514 1309 2557 eorum

215 2604 352 2667 assertio
362 2604 532 2666 evidenter
542 2623 585 2664 ex
599 2598 682 2664 thesi
697 2605 809 2664 nostra
822 2600 932 2682 colligi
950 2601 1069 2681 potest,
1081 2605 1115 2659 et
1132 2618 1234 2660 nemo
1251 2597 1309 2659 nisi

214 2729 321 2771 caecus
334 2706 497 2769 affirmare
513 2714 624 2787 potest
641 2704 768 2767 nullum
785 2724 856 2766 esse
871 2703 1050 2784 Scripturae
1061 2699 1183 2776 locum,
1197 2700 1230 2762 in
1246 2720 1308 2782 quo

250 2906 329 2958 ΙΑἴιῖ
344 2906 424 2969 XIV,
440 2917 479 2967 14.

249 2990 315 3046 2Sic
328 2991 426 3042 Renan
440 2987 562 3043 scribere
576 3004 631 3040 non
646 2988 756 3052 erubuit
774 3006 779 3041 :
803 2985 820 3013 “
830 2988 913 3055 Jesus
926 3002 1071 3055 nunqnam
1084 2985 1254 3053 sacrilegam
1266 3001 1304 3039 ex·

214 3079 308 3147 primit
321 3078 415 3132 ideam
429 3095 460 3132 se
474 3094 536 3132 esse
551 3079 644 3131 Deum
654 3064 668 3100 '⁵
683 3077 747 3136 (Vie
761 3076 796 3129 de
809 3074 902 3146 Je'suS,
919 3091 940 3128 c.
958 3072 991 3142 5).
1032 3073 1113 3127 ldem
1127 3071 1227 3126 dicunt
1245 3072 1303 3125 Uni·

216 3165 293 3219 larii.
331 3165 506 3232 Argumenta
519 3174 612 3219 autem
625 3164 726 3234 quibus
745 3179 866 3217 errorem
886 3178 967 3218 suum
988 3160 1155 3214 confirmare
1176 3167 1303 3212 conantur

216 3248 255 3302 ita
268 3249 305 3302 ab
318 3247 386 3317 ipsis
401 3249 602 3302 contrahuntur
619 3268 624 3302 :
651 3249 666 3274 “
678 3249 717 3317 (a)
727 3251 809 3318 Jesus
823 3249 902 3303 de'se
916 3248 978 3317 ipso
991 3257 1137 3316 tamquam
1147 3246 1185 3300 de
1194 3243 1299 3300 homine

215 3352 325 3404 semper
338 3335 466 3405 loquitur,
480 3346 564 3405 atque
578 3336 616 3390 ita
630 3337 658 3390 in
672 3338 816 3406 Scriptura
829 3335 1004 3399 nominatur;
1033 3333 1070 3401 (b)
1083 3332 1152 3402 quia'
1166 3333 1299 3402 Scriptura

214 3424 311 3478 nullibi
325 3423 393 3478 dicit
407 3441 465 3476 suae
478 3422 631 3477 divinitatis
645 3424 897 3478 manifestationem
911 3421 1015 3476 [attam
1026 3419 1114 3474 fuisse
1134 3420 1296 3490 discipulis...

215 3511 250 3580 (c)
259 3513 324 3582 quia
334 3511 431 3564 nullibi
442 3510 532 3579 Judaei
542 3510 606 3564 huic
617 3509 752 3590 doitrinae
766 3510 989 3566 contradicentes
1002 3507 1236 3572 inveniunttrr.,.;
1251 3506 1299 3575 jam

215 3599 283 3654 nihil
305 3597 469 3671 Judaeorum
493 3598 562 3652 ideis
581 3599 671 3666 magis
691 3616 850 3668 repugnans
874 3587 960 3667 quam
979 3596 1120 3649 affirmare
1133 3596 1232 3664 Jesum
1247 3606 1298 3647 esse

216 3690 309 3740 Deum
330 3702 500 3755 supremum,
523 3686 650 3753 Javhe...
675 3683 716 3753 (d)
737 3686 802 3756 quia
823 3687 905 3754 Jesns
926 3684 1008 3737 claris
1028 3682 1123 3736 verbis
1145 3682 1220 3738 inter
1237 3697 1264 3735 se
1277 3687 1299 3731 et

215 3775 308 3828 Deum
329 3771 538 3827 distinctionem
560 3772 638 3842 ponit
661 3773 755 3840 (loun.
781 3773 866 3837 Xlll,
889 3784 916 3836 33
943 3771 1023 3835 XVl,
1044 3783 1089 3834 273
1120 3770 1219 3834 XVll,
1242 3766 1297 3833 7)...

213 3858 249 3928 (e)
263 3859 329 3930 quia
344 3861 421 3913 Deus
434 3860 592 3928 appellatur
606 3860 685 3912 Deu's
698 3861 765 3928 Jesu
780 3857 923 3912 Christi
940 3856 982 3926 (s)
1004 3857 1070 3926 quia
1092 3858 1208 3911 nonnisi
1227 3869 1298 3910 unum
1336 3920 1339 3939 Ι

214 3966 275 4002 esse
290 3949 391 4014 Deum,
405 3965 422 3999 a
435 3948 502 4015 Jesu
517 3946 628 4000 Christo
639 3946 804 4000 distinctum
818 3947 968 4016 Scriptnrae
982 3945 1123 3999 docent
1138 3945 1182 4014 (g)
1196 3945 1298 4014 quiaex·

215 4036 290 4089 celsa
310 4044 435 4103 potestas
459 4044 486 4087 et
507 4034 596 4102 gloria
617 4051 681 4104 quae
695 4033 808 4087 Christo
831 4032 997 4099 tribuuntur,
1007 4032 1088 4101 juxta
1102 4032 1298 4101 Scripturama

216 4125 278 4175 Deo
292 4130 407 4175 manant
462 4121 502 4188 (Ιι)
516 4120 581 4190 quia
594 4121 654 4190 ipse
667 4121 749 4188 Jesus
769 4138 799 4175 se
814 4122 897 4175 Patre
918 4118 1080 4174 inferiorem
1100 4136 1166 4173 esse
1186 4120 1263 4182 docet

207 4210 242 4280 (a)
256 4209 323 4282 quia
336 4210 422 4280 Jesus
439 4211 533 4266 Deum
546 4209 637 4266 orauit
689 4206 734 4280 (ᾗ
747 4209 816 4278 quia
829 4226 890 4261 non
900 4225 966 4261 eum
978 4206 1027 4259 sed
1043 4207 1139 4260 Deum
1158 4223 1238 4262 orare
1253 4217 1310 4258 non·

191 4300 281 4373 jubet
291 4297 313 4355 ”.
358 4299 486 4370 (Clarke,
505 4300 630 4357 Manual
641 4299 673 4354 oi
683 4297 770 4352 linit.
780 4293 1036 4360 belieilelQ.
1048 4290 1152 4357 abab.
