2684 4634
119 160 183 210 368
561 167 700 218 CAPUT
717 168 778 218 111.

118 343 317 423 hominibus,
344 367 451 428 neque
480 349 620 432 Angelis
644 372 753 433 neque
777 351 875 416 alicui
902 363 1070 418 creaturae
1094 354 1206 418 creabili

118 448 310 511 naturaliter
339 454 500 533 competit
509 477 517 534 ;
557 475 637 536 ergo
661 457 744 518 visio
771 455 925 519 beatifica
951 457 1039 520 nulli
1065 458 1205 521 creatura
1247 506 1249 529 2

93 552 283 614 'debeturt

155 698 208 754 168.
251 696 411 768 Obyi'ct'tur:
430 691 639 758 Inest‘homini
652 703 801 775 appetitus
815 705 964 776 naturalis,
980 723 1036 765 seu
1045 706 1207 766 desiderium
1246 680 1249 687 .

119 785 258 856 naturale,
274 785 313 844 ad
328 787 426 844 Deum
440 788 602 846 videndum
608 809 616 860 ;
634 791 724 861 atqui,
741 792 824 863 quod
837 791 929 850 homo
944 795 1126 854 naturaliter
1137 813 1207 868 appe·

119 872 161 941 tit,
178 883 222 929 est
235 873 261 930 ei
275 873 413 931 debitum·
424 884 454 933 et
466 876 611 945 naturale3
630 894 708 947 ergo.

153 958 238 1029 Resp.
251 960 300 1017 Ad
313 960 516 1018 difficultatem
531 962 712 1033 solvendam,
729 963 840 1036 duplex
852 963 999 1037 distingui
1020 977 1124 1038 potest
1141 985 1209 1041 appe
1247 1024 1249 1029 .

119 1045 206 1103 titus:
227 1065 303 1104 unus
322 1049 476 1119 naturalis,
493 1049 566 1106 alter
583 1050 707 1117 elicitae·
726 1051 806 1123 prior
824 1061 868 1110 est
887 1055 1058 1125 propensio
1078 1057 1177 1113 nativa
1189 1063 1209 1113 et

120 1134 297 1192 invincibilis
309 1136 348 1193 ad
361 1136 483 1208 aliquod
497 1137 610 1194 bonum
623 1137 679 1195 sibi
693 1139 883 1210 conveniens
901 1149 933 1198 ut
945 1151 993 1199 est
1007 1162 1034 1199 v.
1046 1161 1076 1215 g.
1089 1144 1210 1201 naturalis

120 1221 271 1280 inclinatio
282 1223 319 1280 ad
330 1223 544 1283 beatitudinem
553 1224 583 1282 in
594 1243 714 1297 genere3
733 1225 797 1283 talis
805 1227 956 1299 appetitus
966 1228 1105 1287 frustrari
1117 1231 1208 1303 nequit,

120 1309 190 1378 quia
202 1308 241 1366 ab
255 1309 319 1381 ipso
335 1311 401 1368 Deo
414 1321 563 1383 causatum
583 1313 728 1383 posterior
739 1322 839 1371 autem
853 1323 897 1371 est
911 1317 1081 1386 propensio
1096 1317 1181 1374 libera
1190 1317 1209 1372 in

120 1397 233 1454 bonum
253 1396 313 1467 jam
336 1397 501 1468 cognitum,
520 1407 550 1455 et
569 1398 633 1455 talis
653 1398 803 1469 appetitus
824 1400 951 1457 frustrari
973 1413 1091 1474 potest,
1108 1403 1211 1476 quando

120 1483 232 1541 scilicet
240 1494 374 1541 versatur
386 1484 463 1541 circa
476 1483 595 1556 obJeaa
605 1482 803 1556 impossibilia
821 1487 868 1544 vel
886 1486 1034 1547 indebita.
1076 1490 1209 1564 jamvero,

120 1571 212 1628 homo
225 1572 338 1628 nullum
353 1571 444 1630 habet
457 1573 620 1630 naturalem
634 1573 801 1644 appetitum
815 1573 860 1632 ad·
874 1574 1047 1633 beatificam
1069 1577 1209 1647 visionem,

121 1677 188 1730 quae
201 1659 325 1716 omnino
338 1659 519 1717 transcendit
532 1659 596 1731 ejus
610 1659 684 1717 vires
698 1661 853 1732 naturales,
872 1679 927 1718 nec
946 1663 1082 1733 proinde
1103 1664 1159 1738 ipsi
1175 1665 1211 1723 de·

120 1745 207 1804 betur
221 1746 284 1803 talis
298 1746 380 1804 visio.
421 1747 525 1803 Homo
539 1755 635 1818 potest
649 1746 772 1819 quidem
784 1745 894 1805 habere
906 1749 1082 1819 appetitum
1097 1751 1211 1810 elicitum

121 1835 353 1893 conditionalem
375 1835 414 1892 ad
432 1835 594 1893 videndum
619 1836 727 1906 Deum,
753 1833 875 1906 quando
897 1837 1056 1906 cognoscit
1081 1838 1210 1897 visionem

120 1922 289 1979 beatificam
307 1939 372 1980 esse
393 1921 574 1992 possibilem,
597 1923 658 1979 imo
677 1940 741 1980 esse
761 1923 924 1979 maximum
946 1922 1077 1994 bonum3
1097 1927 1151 1986 sed
1168 1927 1212 1984 tale

121 2008 300 2067 desiderium
316 2027 376 2065 non
392 2009 447 2079 ipsi
460 2008 511 2065 dat
523 2009 570 2080 jus
584 2009 721 2080 exigendi
740 2009 813 2067 illud
834 2009 956 2081 bonum,
972 2012 1052 2085 sicut
1066 2032 1093 2070 v.
1108 2032 1137 2086 g.
1150 2013 1212 2073 desi·

121 2098 236 2155 derium
250 2096 380 2154 elicitum
395 2115 412 2153 a
425 2114 518 2168 puero
532 2096 651 2153 volandi
665 2114 717 2168 per
729 2114 837 2168 aerem,
855 2114 915 2154 non
928 2096 980 2155 dat
993 2095 1051 2170 ipsi
1064 2099 1115 2170 Jus
1127 2101 1164 2159 ad
1175 2117 1211 2158 ac-

121 2184 274 2256 cipiendas
287 2184 348 2240 alas
362 2193 390 2241 et
400 2184 439 2240 ad
452 2184 623 2241 volandum.

164 2323 221 2400 169
266 2326 364 2382 Thes-tt
378 2325 518 2383 secunda:
540 2323 670 2388 Cetera
692 2324 796 2402 dona,
813 2323 1133 2401 protoparentibus
1152 2325 1212 2389 col·

121 2422 204 2499 lata,
221 2425 323 2484 erant
338 2419 497 2506 gratuita
512 2423 547 2482 et
563 2420 880 2498 praeternaturalia.
924 2421 1049 2481 Certum
1065 2431 1133 2482 est².

164 2519 226 2606 (A)
244 2521 484 2600 Argumentum
496 2520 653 2600 generale.
700 2521 878 2582 Damnatae
894 2518 1036 2595 fuerunt,
1049 2521 1168 2584 saltem
1182 2530 1213 2583 ut

122 2628 222 2701 falsae,
249 2633 424 2705 sequentes
450 2623 532 2683 Bat't'
560 2623 822 2704 propositiones:
860 2629 875 2656 “
890 2625 1073 2705 integritas
1106 2627 1213 2708 primae

121 2727 296 2790 creationis
313 2745 378 2786 non
395 2724 456 2786 fuit
472 2725 621 2789 indebita
643 2728 798 2789 humanae
810 2715 1148 2806 ’naturae’exaltatio
1161 2728 1212 2792 sed

122 2831 280 2895 naturalis
307 2829 377 2909 ejus
405 2830 551 2890 conditio
561 2827 592 2904 '’;
630 2828 748 2890 “Deus
775 2849 840 2891 non
868 2829 1033 2910 potuisset
1059 2831 1105 2892 ab
1128 2831 1213 2892 initio

121 2937 222 3000 talem
247 2954 356 2996 creare
380 2933 549 2994 hominem
575 2931 681 3012 qualis
708 2952 794 2993 nunc
822 2931 966 2993 nascitur
978 2931 1014 3008 ”3
1046 2931 1211 3013 (Denaing.

122 3041 194 3119 906,
210 3055 250 3116 93
256 3037 287 3117 5)
303 3045 392 3097 certa
417 3044 466 3096 est
491 3035 591 3115 igitur
615 3033 880 3110 contradictoria,
897 3034 1031 3111 scilicet,
1047 3036 1212 3118 integritas

122 3163 188 3204 non
205 3141 266 3202 fuit
281 3140 436 3201 humanae
453 3149 579 3200 naturae
595 3138 717 3214 debita,
733 3139 791 3201 sed
809 3139 901 3201 Deus
925 3139 1089 3221 potuisset
1112 3159 1211 3203 creare

122 3244 289 3307 hominem
306 3240 412 3323 qualis
425 3261 511 3301 nunc
525 3242 669 3303 nascitur
681 3241 964 3323 (exceptotamon
979 3242 1210 3323 peccatocujus
1247 3306 1249 3321 Ι

122 3345 236 3411 audior
252 3365 323 3408 esse
339 3343 477 3423 nequit),
487 3364 524 3404 ac
538 3345 676 3424 proinde
689 3365 763 3407 cum
777 3343 974 3426 ignorantia,
985 3346 1208 3427 concupiscen-
1247 3382 1249 3389 ·

121 3454 176 3527 tia,
193 3447 439 3513 infirmitatibus
456 3456 488 3508 et
506 3457 618 3510 morte.

166 3613 230 3682 170.
276 3602 336 3683 (B)
354 3601 526 3681 Speczulim
542 3600 581 3661 de
597 3599 804 3660 inanum'tate
818 3597 858 3659 ab
874 3595 1072 3677 agnorantid.
1120 3598 1207 3678 Igno·

121 3707 236 3781 rantia,
263 3706 305 3766 de
331 3708 397 3786 qua
424 3703 476 3764 hic
504 3703 617 3783 agitur,
644 3710 694 3762 est
719 3702 874 3782 quaedam
900 3699 1034 3762 rationis
1058 3699 1208 3768 debilitas

121 3811 186 3891 qua
213 3809 387 3881 existente,
413 3806 514 3867 homo
541 3804 717 3866 difficulter
743 3804 783 3866 ad
808 3803 875 3866 veri
899 3802 1126 3883 cognitionem
1148 3819 1207 3883 per·

155 4016 219 4069 1Cs.
238 4016 267 4067 S.
288 4015 383 4068 Thom.
401 4015 432 4067 C.
450 4015 534 4066 Gent.
551 4014 567 4066 Ι.
586 4014 639 4080 ΙΙΙ,
657 4031 682 4066 c.
701 4026 744 4080 523
765 4012 905 4064 Saltrranl.
920 4011 937 4063 Ι.
952 4008 998 4064 cit.
1015 4027 1043 4077 n,
1065 4012 1127 4078 5-16

156 4116 165 4146 2
186 4103 290 4169 Casini,
314 4103 348 4155 de
371 4104 452 4155 Statu
474 4119 550 4168 purae
571 4112 677 4153 naturae
701 4101 785 4167 (inter
806 4116 892 4167 opera
913 4100 1039 4166 Patavii,
1060 4099 1105 4154 ed.
1130 4095 1209 4157 vivet

121 4191 175 4243 vol.
192 4190 241 4254 lV,
255 4207 280 4257 p.
297 4202 346 4257 509
360 4206 399 4257 sq.
407 4188 426 4258 )‚
439 4189 486 4242 ubi
500 4189 611 4256 egregie
625 4188 740 4257 fuseque
755 4186 808 4239 hac
821 4187 857 4239 de
871 4203 900 4239 re
913 4185 1052 4255 disputat3
1069 4182 1206 4248 Palmteri,

123 4279 160 4333 th.
176 4277 267 4345 44-463
289 4278 439 4345 Maxalla,
455 4294 480 4329 n.
496 4290 543 4341 721
561 4294 613 4346 sq.;
637 4278 714 4345 Y'epe,
728 4293 752 4328 n.
768 4275 818 4340 787
833 4291 873 4345 sq.
