2684 4620
420 164 478 214 DE
496 164 607 216 ACTU
620 164 755 214 ¹FIDEI.
1095 166 1138 215 47

30 341 152 410 saltem
170 345 342 428 implicita,
357 356 394 411 ut
414 366 514 431 supra
537 348 779 431 exposuimus3
802 354 895 429 patet
918 368 961 411 ex
987 347 1060 430 ipsa
1078 330 1137 410 no-

32 452 124 513 tione
140 450 219 514 fidei
236 450 417 515 catholicae.

76 614 146 681 105
182 603 241 683 (B)
253 603 308 666 Ad
326 601 436 667 adium
454 603 531 667 fidei
546 603 670 667 divinae
684 624 750 666 non
768 603 943 685 requiritur
954 604 1139 685 propositio

34 706 181 787 publica,
203 708 261 768 sed
283 706 404 770 sufficit
425 708 554 789 privata
576 706 769 789 propositi0,
792 707 843 768 vel
866 706 985 769 sufficit
1007 716 1044 769 ut
1067 707 1140 787 quis

36 829 94 891 per
109 811 258 891 seipsum
275 819 366 872 certo
381 818 563 890 cognoscat
579 808 724 889 aliquam
740 809 913 871 veritatem
930 829 1002 871 esse
1018 808 1139 870 revela-

36 921 115 974 tam.
155 911 256 993 Quod
270 913 403 994 quidem
417 913 574 975 statuitur
589 920 705 973 contra
720 932 844 992 paucos
860 909 1011 973 auciores
1027 910 1138 972 catho-

38 1013 214 1094 licos,1qui
232 1015 440 1077 incautehac
461 1014 503 1076 de
525 1036 559 1076 re
581 1015 790 1095 scripserunt,
807 1023 991 1076 asserentes
1012 1013 1139 1075 nullum

38 1116 114 1178 fidei
131 1116 243 1182 actum
261 1119 334 1181 elici
351 1138 448 1200 posse
464 1117 507 1180 ab
523 1117 570 1178 eis
587 1119 643 1197 qui
659 1118 760 1180 etiam
774 1118 862 1179 bona
875 1115 939 1179 fide
952 1116 993 1179 ad
1007 1115 1140 1178 acatho-

40 1219 136 1282 licam
160 1219 286 1284 sectam
310 1222 486 1303 pertinent,
506 1221 592 1301 quia,
611 1219 710 1299 juxta
733 1220 831 1299 ipsos,
853 1219 974 1281 veritas
997 1218 1141 1280 revelata

39 1323 127 1384 credi
144 1324 268 1404 nequit,
284 1324 345 1386 nisi
365 1321 408 1386 ab
429 1323 580 1385 Ecclesia
600 1320 763 1383 infallibili
783 1333 994 1402 proponatur.
1040 1320 1147 1401 Quod*

40 1434 153 1487 tamen
171 1425 385 1505 rejiciendum
401 1435 473 1502 est;
496 1446 584 1500 nam,

41 1527 89 1608 (a)
108 1529 157 1591 Ut
176 1530 250 1609 quis
271 1530 380 1593 eliciat
402 1525 513 1591 actum
538 1528 623 1600 fidei,
641 1528 817 1608 requiritur
840 1536 873 1589 et
894 1525 1024 1603 sufficit,
1042 1527 1142 1607 juxta

44 1630 72 1694 C.
89 1630 293 1709 Vaticanum,
304 1643 341 1696 ut
352 1633 513 1695 assentiat
526 1631 720 1694 veritatibus
736 1630 888 1693 revelatis
893 1641 1027 1712 propter
1036 1633 1139 1692 anilo-

42 1735 172 1797 ritatem
188 1736 256 1797 Dei
269 1736 442 1799 revelantis
451 1762 461 1795 .·
483 1737 585 1817 atqui,
602 1736 866 1816 independenter
881 1756 901 1795 a
917 1736 1142 1817 propositione

43 1837 213 1915 Ecclesiae,
234 1848 344 1920 potest
365 1841 439 1920 quis
460 1860 661 1926 cognoscere
684 1840 811 1920 aliquot
833 1840 986 1901 veritates
1005 1839 1105 1900 fuisse
1123 1860 1142 1900 a

42 1939 115 2001 Deo
144 1942 318 2018 revelatas,
345 1952 378 2005 et
404 1943 529 2005 eisdem
561 1943 721 2005 assentire
749 1951 885 2023 propter
911 1939 1141 2004 audioritatem

43 2041 121 2119 Dei;
150 2029 302 2124 quamvis
322 2048 410 2108 enim
435 2043 615 2109 auctoritas
640 2045 798 2106 Ecclesiae
820 2045 863 2106 sit
883 2044 1086 2106 ordinarium
1109 2045 1143 2106 et

40 2147 208 2226 optimum
231 2146 386 2225 medium,
408 2169 475 2230 quo
498 2150 653 2212 certiores
672 2147 740 2209 fieri
760 2167 936 2229 possumus
957 2147 1000 2209 de
1020 2148 1143 2209 revela-

40 2249 132 2310 tione
155 2248 294 2329 alicujus
317 2253 474 2326 veritatis,
497 2254 620 2314 adsunt
643 2252 707 2313 alia
731 2251 849 2327 media,
872 2272 900 2313 v.
923 2270 953 2331 g.
977 2252 1141 2332 privatum

40 2353 201 2427 studium,
211 2352 261 2414 vel
278 2355 462 2436 propositio
478 2356 614 2435 privata,
627 2353 747 2435 quibus
760 2363 849 2416 certo
865 2363 1016 2416 constare
1032 2364 1143 2436 potest

41 2455 155 2517 Deum
172 2454 319 2518 locutum
338 2457 454 2535 fuisse3
472 2459 636 2539 siquidem
648 2457 795 2520 historice
806 2464 957 2520 constare
970 2468 1088 2538 potest,
1098 2479 1141 2520 ex

40 2556 140 2620 dietis
165 2559 197 2619 in
221 2558 275 2621 Tr.
291 2560 330 2622 de
361 2558 443 2624 Verri
465 2560 581 2643 Relig,
598 2560 766 2623 Christum
788 2581 860 2622 esse
881 2560 1030 2623 divinum
1054 2562 1142 2641 lega-

41 2669 124 2735 tum,
149 2681 187 2723 ac
212 2664 351 2743 proinde
371 2665 533 2745 quidquid
553 2646 671 2727 'docuit
695 2685 768 2726 esse
791 2665 928 2726 verbum
954 2664 1027 2739 Dei,
1050 2675 1083 2727 et
1107 2675 1143 2728 ut

41 2761 109 2824 tale
130 2764 349 2843 credendum;
372 2787 451 2848 ergo
474 2766 687 2843 acatholicus,
710 2767 767 2849 qui
788 2768 821 2828 in
842 2767 930 2829 bona
951 2765 1016 2829 fide
1034 2788 1142 2830 versa·

41 2875 105 2940 tur,
121 2866 238 2929 elicere
253 2878 364 2949 potest
379 2867 489 2932 adium
506 2868 583 2932 fidei
600 2871 731 2933 divinae.

44 2964 103 3052 (b)
124 2968 160 3032 Si
177 2969 334 3032 Ecclesiae
356 2973 539 3053 propositio
558 2973 748 3053 exigeretur
768 2973 811 3034 ab
829 2972 900 3055 ipset
920 2972 995 3035 fidei
1017 2978 1143 3050 natura,

41 3069 155 3134 nullus
171 3068 263 3133 ac'tus
280 3071 365 3149 fidei,
382 3076 482 3137 etiam
499 3077 633 3157 primus
651 3075 718 3138 fieri
735 3087 848 3159 posset
863 3077 933 3138 sine
950 3076 1006 3138 tali
1024 3098 1142 3158 propo·

42 3173 179 3251 sitione;
201 3177 292 3256 atqui
308 3175 425 3239 saltem
443 3179 567 3259 primus
584 3177 676 3241 adius
693 3178 768 3241 fidei
785 3179 853 3240 fieri
871 3188 980 3261 potest
996 3189 1028 3241 et
1044 3180 1143 3243 debet

42 3275 115 3336 sine
134 3275 299 3339 infallibili
320 3281 546 3360 propositione
563 3280 741 3358 Ecclesiae;
761 3292 939 3362 antequam
959 3283 1046 3344 enim
1063 3282 1143 3345 defi-

41 3378 187 3441 nitiones
211 3381 368 3443 Ecclesiae
388 3383 485 3463 logice
506 3386 707 3465 accipiamus
731 3394 767 3446 ut
788 3385 987 3460 infallibiles‚
1010 3406 1143 3448 necesse

41 3491 94 3544 est
111 3491 147 3545 ut
164 3481 227 3545 fide
243 3483 354 3546 divina
371 3486 552 3562 credamus,
563 3488 698 3568 proprio
713 3489 832 3564 studi0,
843 3489 913 3549 sine
930 3488 996 3550 ulla
1012 3489 1142 3569 publica

42 3585 279 3666 propositione,
299 3606 371 3648 esse
393 3588 577 3652 Ecclesiam
602 3572 828 3668 infallibilem·;
855 3595 948 3652 Secus
973 3592 1061 3665 enim
1085 3593 1142 3654 ad·

42 3698 131 3751 esset
146 3689 286 3753 circulus
301 3690 440 3754 vitiosus
453 3713 460 3770 ;
487 3713 567 3774 ergo

78 3929 144 3986 ¹Cs.
169 3933 336 3997 Brownson,
360 3948 455 4002 opera,
480 3932 531 3984 vol.
554 3933 588 3984 V.
630 3931 713 3983 Faith
738 3940 787 3983 not
813 3930 936 3999 possible
961 3929 1075 3984 without
1096 3933 1143 3985 the

42 4021 164 4087 Church,
186 4037 211 4089 p.
235 4033 304 4089 5733
329 4021 447 4085 Miller,
469 4020 531 4072 The
558 4019 638 4072 Cath.
669 4019 781 4085 Dogma
806 4037 811 4071 ;
835 4019 922 4070 Extra
947 4017 1141 4081 Ecclesiam...,
1213 4043 1215 4047 ¹

42 4125 69 4177 p.
85 4109 127 4175 80,
145 4124 187 4176 sq.
201 4116 230 4160 et
243 4106 310 4160 alibi
324 4105 438 4174 passim.
474 4107 539 4174 Jam
557 4104 805 4158 animadvertimus
819 4105 874 4171 (De
885 4104 1021 4167 Ecclesid,
1038 4122 1064 4158 n.
1085 4105 1143 4171 163)

42 4197 115 4248 hanc
128 4191 292 4263 opinionem
305 4209 360 4246 non
374 4193 465 4246 solum
478 4191 618 4244 communi
632 4191 824 4258 theologorum
838 4189 981 4257 dotlrinae,
995 4192 1045 4244 sed
1058 4193 1144 4244 etiam

42 4282 96 4337 Pii
104 4283 152 4336 IX
166 4278 403 4335 declarationibus
416 4278 565 4332 adversari.
