2684 4620
206 188 251 237 54
579 216 582 222 ·
654 184 794 236 CAPUT
811 185 853 234 11.

204 363 254 445 (b)
272 365 357 427 Item
380 364 410 426 T
408 364 521 426 rident.
537 364 580 426 de
596 363 659 425 illis
675 365 730 445 qui
747 372 986 426 convertuntur
1001 363 1069 424 ait:
1096 359 1241 420 “Fidem
1256 379 1295 420 ex

203 468 318 530 auditu
342 467 566 548 concipientes
589 466 684 529 libero
707 476 882 530 moventur
908 467 940 528 in
970 464 1143 539 Deum''1;
1183 462 1296 544 quibus

203 569 309 632 verbis
333 570 497 633 indicatur
517 569 616 632 fidem
641 590 713 632 esse
736 571 872 634 liberam
898 571 1077 633 motionem
1100 589 1139 630 ae
1163 565 1297 648 proinde

202 672 416 754 aliquomodo
433 673 585 755 imperari
602 694 622 735 a
638 673 826 751 voluntate;
859 674 957 736 Vatic.
971 682 1083 736 autem
1098 671 1214 735 addit:
1238 668 1296 732 “Si

202 776 275 856 quis
290 777 413 839 dixerit
428 798 599 840 assensum
617 775 693 839 fidei
710 777 903 841 Christianae
920 797 986 838 non
999 796 1070 838 esse
1083 773 1233 847 liberum,
1243 771 1296 833 sed

201 882 405 960 argumentis
431 880 587 944 humanae
614 880 750 943 rationis
782 880 967 942 necessario
998 877 1143 961 produci,
1172 875 1214 939 A.
1243 874 1296 937 S.”

200 980 327 1063 (Supra
343 1004 373 1047 n.
394 1001 439 1059 12,
458 984 537 1047 Can.
558 984 597 1065 5).

199 1085 248 1167 (c)
264 1088 409 1150 Ratione.
455 1089 623 1152 Voluntas
639 1091 707 1158 duo
723 1096 860 1166 praestat
876 1085 978 1149 relate
994 1086 1036 1147 ad
1058 1083 1158 1146 fidem
1175 1103 1181 1143 z
1206 1079 1296 1143 intel-

201 1187 322 1253 ledium
349 1191 550 1255 determinat
573 1195 615 1256 ad
643 1188 884 1254 consideranda
910 1184 1139 1248 credibilitatis
1167 1180 1297 1254 motiva,

200 1312 274 1372 quae
291 1314 352 1356 nos
368 1296 409 1357 ad
426 1296 628 1358 credendum
644 1301 793 1370 movent;
817 1291 878 1352 nisi
895 1291 983 1352 enim
1000 1283 1188 1350 intelledtus
1204 1305 1224 1346 a
1246 1304 1296 1346 vo·

200 1390 328 1455 luntate
344 1394 391 1455 sic
407 1395 692 1471 determinaretur,
709 1393 901 1456 indifferens
925 1400 1073 1454 maneret
1096 1389 1138 1452 ad
1161 1389 1226 1450 hoc
1249 1384 1297 1448 vel

199 1493 279 1557 illud
293 1497 578 1561 considerandum.
625 1500 789 1560 Praeterea
802 1497 956 1560 voluntas
970 1491 1175 1557 intelledium
1189 1498 1297 1552 movet

199 1598 240 1659 ad
257 1600 460 1662 credendum
469 1624 476 1680 ;
500 1621 577 1662 nam
594 1599 790 1677 intellectus,
806 1610 923 1682 utpote
938 1599 1077 1662 facultas
1093 1599 1135 1659 de
1151 1616 1187 1657 se
1203 1593 1297 1656 indif-

199 1700 314 1779 ferens,
331 1704 544 1766 determinari
561 1704 662 1767 debet
678 1706 719 1768 ad
737 1702 848 1767 adium
866 1723 924 1784 per
939 1703 1084 1784 aliquam
1101 1716 1298 1771 causam,sc.

199 1804 250 1865 vel
266 1826 324 1887 per
335 1806 538 1870 evidentiam
555 1808 771 1884 intrinsecam,
788 1827 863 1888 quae
879 1806 950 1867 sola
965 1813 1077 1886 potest
1092 1796 1297 1864 intelledtum

198 1905 375 1971 efficaciter
390 1930 532 1986 movere,
548 1910 599 1972 vel
617 1931 674 1992 per
689 1912 912 1986 voluntatem;
936 1908 1028 1988 atqui
1044 1909 1077 1969 in
1101 1904 1200 1968 rebus
1223 1902 1297 1964 fidei

199 2031 266 2073 non
281 2012 380 2076 datur
396 2013 563 2076 evidentia
579 2015 775 2091 lntrinseca;
798 2033 877 2094 ergo
893 2021 1044 2074 remanet
1059 2018 1095 2072 ut
1111 2003 1298 2069 intelledtus

199 2122 310 2176 noster
325 2117 367 2177 ad
384 2116 587 2178 credendum
604 2118 843 2180 determinetur
859 2137 917 2198 per
934 2115 1165 2178 voluntatem.²

243 2287 307 2354 116.
353 2291 410 2373 (C)
425 2292 624 2374 Atiusfidoz‘
636 2294 754 2375 perfici
774 2293 886 2374 neqnit
906 2293 1023 2373 absque
1039 2287 1155 2372 gratini
1177 2285 1299 2350 atinali

198 2393 448 2457 illuminationis
466 2406 529 2475 pro
556 2397 712 2458 intelleiin
740 2407 770 2459 et
795 2396 1019 2476 inspirationis
1037 2405 1101 2474 pro
1127 2392 1298 2454 volantati.

197 2496 327 2577 Defla'e
340 2506 386 2558 est
400 2518 440 2560 aa
462 2497 615 2560 Vaticano
631 2499 715 2561 infra
730 2500 886 2563 citando„

197 2597 248 2678 (a)
265 2598 380 2678 Script.
428 2597 578 2661 Christus
596 2600 684 2661 enim
700 2601 809 2664 dixit:
837 2602 975 2663 “Nemo
991 2608 1102 2682 potest
1125 2598 1238 2660 venire
1257 2595 1297 2656 ad
1331 2608 1333 2612 ·

197 2720 251 2762 me
266 2699 339 2781 (per
354 2699 467 2778 fidem)
485 2701 546 2763 nisi
564 2703 661 2764 Pater
677 2723 770 2765 meus
787 2706 927 2766 traxerit
939 2724 1014 2767 eum
1026 2704 1060 2758 ”3
1076 2701 1108 2783 (i.
1119 2721 1145 2763 e.
1156 2720 1217 2782 per
1226 2719 1297 2781 gra-

197 2800 278 2863 tiam
295 2821 389 2863 suam
406 2800 568 2882 moverit).
617 2802 777 2866 SImiliter
794 2806 933 2869 Paulus:
957 2806 1100 2870 “Gratid
1122 2805 1211 2866 enim
1237 2802 1297 2864 sal-

197 2904 265 2967 vati
282 2905 360 2967 estis
368 2905 550 2986 perfidem,
566 2914 600 2968 et
612 2905 675 2967 hoc
691 2927 757 2968 non
774 2928 817 2969 ex
841 2910 954 2972 vobis:
978 2908 1044 2971 Dei
1065 2907 1151 2970 enini
1174 2907 1294 2967 donant

197 3008 292 3069 est.”4
337 3007 563 3071 Confirmatur
578 3029 621 3070 ex
639 3010 677 3071 iis
695 3011 844 3073 textibus
861 3032 945 3093 quos
961 3011 1166 3074 adducemus
1183 3009 1216 3070 ln
1240 3009 1291 3070 Tr.

196 3110 235 3172 do
252 3109 370 3173 Grotid
386 3111 431 3191 (n.
450 3112 501 3191 51)
519 3113 561 3175 ad
578 3113 785 3194 probandam
803 3117 1035 3178 necessitatem
1052 3114 1169 3195 gratiae
1185 3110 1294 3174 adlua-

198 3213 237 3274 lis
253 3234 313 3295 pro
327 3214 482 3276 omnibus
499 3213 627 3277 attibus
643 3216 684 3278 ad
699 3215 972 3295 justificationem
990 3215 1244 3299 praeparatoriis.

197 3313 248 3397 (b)
277 3317 307 3378 Τ
305 3317 374 3378 roiz'.
402 3317 486 3380 Haec
510 3319 631 3381 veritas
656 3330 769 3401 aperte
792 3319 979 3382 declaratur
1003 3339 1023 3380 a
1051 3316 1139 3380 Cono.
1174 3315 1296 3378 Vatia:

197 3419 336 3481 “Nemo
360 3429 471 3483 tamen
496 3423 696 3503 evangelicae
720 3422 949 3504 praedicationi
972 3420 1159 3482 consentire
1183 3426 1292 3499 potest

232 3661 241 3693 1
255 3654 329 3706 Sess.
343 3654 394 3723 VI,
411 3671 471 3723 cap.
485 3656 510 3708 6.

231 3734 241 3764 ‘²
254 3740 418 3794 “Assensus
432 3751 525 3796 autem
537 3741 662 3796 scientiae
673 3759 729 3795 non
740 3741 885 3811 subjicitur
894 3743 983 3796 libero
993 3741 1116 3806 arbitrio,
1128 3743 1195 3810 quia
1205 3738 1295 3794 sciens

196 3830 307 3898 cogitur
317 3829 354 3881 ad
367 3830 578 3883 assentiendum
590 3847 640 3898 per
652 3830 808 3883 efficaciam
821 3830 1079 3897 demonstrationis,
1088 3840 1116 3883 et
1128 3829 1192 3884 ideo
1202 3845 1295 3883 assen-

197 3933 244 3970 sus
257 3916 382 3970 scientiae
401 3934 458 3970 non
477 3927 519 3971 est
538 3918 701 3971 meritorius.
741 3919 797 3971 Sed
817 3917 1003 3971 consideratio
1022 3916 1142 3970 adiualis
1160 3917 1199 3970 rei
1220 3917 1296 3970 scitae

197 4003 324 4073 subjacet
336 4004 424 4057 libero
437 4003 551 4058 arbitrio
556 4024 563 4069 ;
582 4015 625 4058 est
638 4003 714 4058 enim
726 4002 754 4055 in
768 4013 908 4072 potestate
920 4004 1042 4058 hominis
1057 4003 1240 4058 considerare
1253 4003 1297 4056 vel

196 4108 253 4144 non
266 4091 444 4145 considerare
448 4132 513 4144 ......
554 4092 611 4145 Sed
624 4091 653 4143 in
666 4091 720 4144 fide
734 4097 886 4161 utrumqne
899 4093 1025 4162 subjacet
1044 4093 1133 4146 libero
1153 4092 1278 4146 arbitrio.
1284 4091 1296 4118 ’²

198 4180 238 4246 (S.
258 4179 351 4231 Thom.
367 4194 390 4230 2.
408 4193 430 4231 2.
446 4195 471 4247 q.
486 4194 510 4247 2,
527 4196 551 4232 a.
567 4196 592 4247 9,
606 4179 643 4231 ad
658 4179 696 4246 2.)

231 4255 241 4285 ³
249 4266 314 4335 Joa.
331 4265 381 4332 Vl,
397 4279 438 4333 44.
454 4296 488 4311 —.-
500 4261 509 4290 ⁴
523 4263 624 4333 Epiros.
643 4265 681 4331 11,
694 4266 719 4317 8.
