2684 4620
198 169 264 222 362
641 168 779 220 CAPUT
796 167 856 216 111.

197 360 295 414 tant1.
343 350 442 432 Quod
460 351 595 431 quidem
613 351 697 413 adeo
713 370 827 413 verum
849 358 900 412 est
923 358 959 412 ut
983 347 1045 429 ipsi
1067 345 1279 411 Rationalistae
1330 417 1335 423 „

197 454 363 516 fateantur
378 454 485 516 varias
503 453 684 516 Gentilium
703 455 878 536 religiones
895 474 935 516 eo
958 453 1106 534 puriores
1130 471 1201 514 esse
1221 460 1280 514 eta
1329 471 1335 527 5

197 555 486 636 superstitionibus
503 556 609 636 magis
626 556 790 618 immunes
807 577 873 638 quo
889 556 1094 636 antiquiores
1110 562 1213 618 sunta

197 657 245 739 (b)
272 658 428 739 Arguunt
452 659 575 749 pariter
598 680 641 721 ex
666 662 831 724 constanti
856 679 1031 742 progressu
1055 678 1125 740 quo
1146 678 1231 721 nunc
1249 658 1279 719 ad
1329 696 1335 734 ς

198 782 309 824 veram
327 761 581 825 civilizationem
600 765 776 841 tendimus
789 773 823 827 et
839 784 882 826 ex
899 763 962 825 hoc
976 761 1121 825 inierunt
1133 761 1280 833 valdeim·
1329 798 1335 837 3

197 863 342 945 perfecta
359 873 391 926 et
409 865 503 927 rudia
521 864 620 931 luisse
636 867 781 930 hominis
799 867 908 944 initia;
942 866 1000 928 sed
1018 864 1154 927 historia
1170 873 1281 927 constat
1331 902 1335 938 3.

197 967 297 1030 talem
314 988 527 1050 progressum
545 989 611 1031 non
629 991 701 1034 esse
717 974 760 1036 de
776 971 865 1036 facto
881 980 1103 1046 constantem,
1119 970 1178 1033 sed
1194 962 1282 1032 varias
1331 1005 1335 1043 3.

196 1081 346 1134 secutum
361 1092 435 1133 ‘esse
460 1071 606 1134 fortunas
630 1078 812 1139 secundum
837 1076 927 1138 varia
950 1083 1112 1157 tempora,
1128 1073 1283 1154 variasque

197 1173 344 1235 locorum
361 1174 636 1239 circumstantias.
685 1179 785 1242 Unde
801 1199 846 1240 ex
863 1178 926 1240 hoc
943 1176 1022 1239 nihil
1047 1175 1169 1240 deduci
1193 1183 1283 1258 potest
1334 1218 1335 1253 3

196 1286 312 1341 contra
328 1278 524 1359 primaevum
541 1279 639 1359 primi
652 1280 796 1344 hominis
806 1291 943 1359 statum;
967 1281 993 1342 si
1006 1280 1097 1343 enim
1110 1279 1232 1362 populi,
1241 1278 1284 1359 qui

196 1380 326 1443 duobus
342 1379 395 1442 vel
412 1381 518 1443 tribus
534 1369 696 1450 annorum
722 1384 866 1447 millibus
890 1394 967 1447 ante
991 1391 1128 1446 aetatem
1152 1390 1286 1444 nostram

198 1483 349 1549 maxime·
370 1483 494 1545 exculti
519 1495 621 1562 erant,
639 1495 675 1548 ut
699 1488 854 1569 AEgyptii
878 1497 911 1550 et
934 1487 1073 1570 Assyrii,
1092 1488 1126 1549 in
1150 1484 1286 1549 infimum

197 1595 321 1649 statum
346 1587 429 1669 lapsi
454 1597 539 1663 sunt,
563 1589 642 1669 quid
667 1589 822 1671 prohibet
845 1591 1022 1672 quominus
1046 1597 1288 1673 protoparentes

198 1688 478 1754 intellectualibus
494 1693 590 1754 donis
614 1695 745 1775 egregie
768 1696 877 1759 ornati
901 1694 1031 1772 fuerint,
1047 1694 1126 1759 licet
1149 1693 1289 1757 nonnulli

233 1955 241 1977 ι
262 1929 333 1996 Quae
347 1928 452 1997 optime
471 1929 574 1983 evolvit
592 1911 710 1999 Argyll.·
729 1929 881 1999 (Primeval
899 1949 975 1996 man,
997 1949 1022 2001 p.
1046 1930 1118 2000 IV):
1138 1929 1245 1985 “Nihil
1261 1947 1291 1984 ex

198 2015 316 2069 historia
328 2014 447 2068 naturali
468 2015 570 2068 certius
589 2033 674 2085 quam
694 2020 838 2073 hominem
857 2019 1008 2086 moraliter,
1028 2017 1255 2074 intellectualiter
1270 2028 1294 2071 et

123 2134 126 2140 ·
199 2106 314 2175 physice
328 2105 500 2160 descendere
514 2123 606 2174 posse,
620 2116 648 2160 et
661 2122 759 2174 reapse
773 2123 849 2174 saepe
863 2105 967 2177 saepius
979 2123 1013 2159 ex
1027 2105 1164 2176 superiori
1178 2115 1251 2160 statu
1262 2105 1294 2157 ad

198 2192 357 2247 inferiorem
371 2193 552 2247 descendere.
594 2196 658 2248 Hoc
671 2195 707 2248 de
720 2193 835 2247 homine
854 2194 882 2246 in
902 2211 1005 2263 genere
1024 2204 1052 2248 et
1071 2194 1108 2248 de
1127 2194 1253 2264 quolibet
1270 2193 1294 2245 in

198 2280 300 2350 specie,
314 2281 350 2333 de
364 2280 516 2334 individuis
530 2291 558 2336 et
572 2282 607 2335 de
621 2280 803 2335 societatibus
817 2297 914 2334 verum
928 2290 980 2335 est.
1022 2281 1178 2334 Nonnullae
1192 2279 1220 2335 in
1234 2280 1295 2334 orbe

197 2365 333 2423 terrarum
345 2367 476 2436 regiones
490 2377 555 2422 sunt
568 2385 632 2438 quae
646 2366 792 2423 exstinttae
806 2367 947 2422 civilitatis
960 2366 1084 2436 reliquiis
1097 2368 1193 2422 adhuc
1204 2377 1295 2437 tegun-

197 2466 249 2510 tur.
288 2454 441 2529 Nonnullae
460 2454 548 2508 tribus
567 2455 652 2508 rudes
671 2465 699 2508 et
717 2455 845 2508 barbarae
865 2455 1033 2523 templorum
1052 2454 1158 2519 ruinas,
1183 2470 1296 2524 quorum

197 2541 418 2597 destinationem
442 2560 596 2610 agnoscere
614 2544 766 2613 nequeunt,
788 2553 816 2597 et
836 2541 946 2596 urbium
965 2559 1028 2612 quae
1047 2541 1147 2596 belluis
1166 2540 1296 2612 refugium

197 2630 279 2684 factae
293 2640 364 2697 sunt,
379 2631 504 2684 attonitis
518 2628 606 2684 oculis
620 2630 795 2700 aspiciunt...
835 2630 974 2698 Quaenam
988 2628 1072 2697 igitur
1086 2628 1295 2683 rerum'vicissi·

198 2715 463 2787 tudines‘primario,
476 2717 554 2786 juxta
567 2727 733 2770 consuetum
746 2726 853 2771 naturae
862 2733 983 2780 cursum,
994 2714 1111 2770 effecius
1121 2715 1195 2771 adeo
1204 2716 1296 2770 huma·

197 2823 234 2858 no
247 2804 342 2873 generi
357 2821 532 2858 aerumnosos
545 2805 662 2873 gignere
675 2805 879 2874 potueruutl...
918 2803 962 2856 Ex
981 2801 1192 2856 individuorum
1210 2804 1296 2856 multi-

196 2893 347 2963 plicatione
360 2885 414 2945 hoc
424 2890 530 2946 sactum
540 2901 592 2959 est,
601 2893 676 2946 unde
685 2890 859 2961 migrationis
869 2889 1032 2944 necessitas.
1066 2889 1215 2960 Equidem
1225 2891 1297 2944 debi-

197 2982 281 3034 liores
295 2980 384 3034 tribus
397 2996 413 3034 e
427 2979 541 3048 regione
560 2997 623 3049 quae
643 2979 742 3033 incolis
762 2978 897 3041 abundat,
912 2977 1100 3046 expelluntur;
1120 2986 1148 3032 et
1167 2977 1297 3049 quoniam

197 3068 325 3136 regiones
344 3066 390 3119 ubi
405 3082 435 3119 se
448 3065 594 3135 recipiunt,
610 3067 702 3121 minus
722 3067 887 3135 hospitales,
900 3082 937 3118 ‘ac
956 3064 1050 3118 minus
1063 3063 1208 3134 frugiferae
1226 3075 1294 3133 sunt,

196 3152 273 3208 lutta
285 3169 336 3222 pro
349 3153 407 3207 vita
420 3152 457 3206 ibi
471 3152 610 3206 difficilior
622 3153 732 3207 evadet.
775 3154 873 3222 ltaque
884 3149 959 3204 ladio
967 3150 1061 3206 evenit
1070 3160 1109 3217 ut,
1118 3150 1148 3204 in
1159 3151 1298 3206 ordinario

197 3257 289 3294 rerum
302 3257 394 3304 cursu,
407 3240 507 3308 stirpes
520 3241 685 3309 longissime
698 3258 714 3294 e
727 3249 824 3294 centro
837 3240 971 3308 depulsae,
980 3239 1107 3293 rudiores
1120 3248 1149 3308 et
1161 3239 1230 3295 vitae
1241 3249 1296 3295 tan-

197 3338 258 3382 tum
276 3326 429 3381 materialis
449 3327 541 3381 studio
560 3327 682 3381 maxime
707 3328 903 3381 incumbentes
921 3326 1016 3382 fiant'’.
1058 3325 1099 3380 Cf.
1127 3327 1295 3396 vtgouroux,

199 3417 253 3469 Les
265 3413 348 3467 livres
362 3414 457 3468 Saints
470 3424 498 3467 et
512 3415 539 3466 la
553 3413 686 3482 critique,
703 3415 756 3467 vol.
773 3415 829 3480 lll,
843 3431 866 3468 c.
882 3415 907 3480 6,
921 3431 945 3467 a
962 3426 985 3482 5,
999 3411 1014 3483 ᾖ
1047 3430 1055 3482 ;
1079 3414 1106 3465 T
1102 3412 1178 3480 hein,
1190 3431 1237 3484 op.
1253 3414 1296 3468 cit.

197 3520 223 3556 n.
242 3517 291 3570 130
304 3518 359 3570 sq.;
379 3502 405 3552 Α
410 3501 458 3553 bbl
471 3501 497 3552 T
493 3501 598 3566 homas,
613 3503 658 3554 De
672 3502 699 3554 la
714 3499 858 3554 condition
872 3499 1013 3569 primitive
1025 3500 1062 3554 du
1076 3517 1164 3568 genre
1176 3501 1296 3568 humain,

197 3607 243 3658 ap.
257 3588 488 3657 correspondent,
503 3588 551 3641 188
556 3600 581 3654 53
601 3589 727 3657 Dupont,
740 3590 780 3641 La
790 3586 834 3640 vie
845 3586 1043 3641 intellefluelle
1056 3588 1108 3641 des
1121 3589 1298 3658 populations

197 3677 361 3747 primitives,
375 3675 451 3744 apud
466 3674 588 3745 congris
600 3677 693 3729 scient.
708 3679 851 3743 internae,
872 3674 945 3741 1894,
965 3676 1135 3745 Anthropol.
1152 3693 1181 3746 p.
1198 3688 1234 3748 70
1246 3693 1299 3748 sq.;

198 3765 360 3827 Nadaillac,
386 3765 426 3817 Le
449 3763 598 3817 Probleme
619 3764 655 3818 de
676 3766 704 3817 la
724 3762 779 3827 vie;
801 3763 927 3825 Gur'berl,
949 3778 994 3830 op.
1016 3761 1062 3816 cit.
1082 3763 1152 3831 Vll,
1180 3764 1251 3819 Etat
1267 3763 1301 3817 de

196 3857 341 3908 l’Homme
354 3853 479 3924 primitis.
1215 3920 1220 3931 ι

231 3956 242 3980 ²
255 3941 311 3996 “Si
326 3940 394 4011 quid
408 3940 573 4008 religionum
587 3940 681 3993 studio
695 3937 887 4006 comparativo
901 3935 1030 4004 innotuit,
1043 3946 1086 3992 est
1105 3954 1176 3994 sane
1195 3935 1300 3993 factum

155 4039 157 4043 ’
197 4029 273 4101 quod
286 4044 384 4082 omnes
398 4026 426 4080 in
441 4025 564 4080 deterius
575 4014 868 4094 irreparabilij'adlura
878 4026 1067 4093 procedunt...
1106 4026 1301 4095 Quotiescum-

197 4133 251 4187 que
265 4115 302 4168 ad
316 4114 434 4184 ‘alicujus
447 4113 593 4183 religionis
607 4110 753 4167 exordium
766 4112 956 4178 ascendimus,
969 4112 1095 4184 pluribus
1114 4113 1301 4184 imperieciio·

192 4205 284 4274 nibus,
299 4203 390 4260 serius
404 4202 547 4272 immissis,
564 4218 612 4256 eas
625 4210 753 4270 expertes
768 4200 951 4254 invenimus”.
981 4200 1065 4269 (Max
1078 4203 1200 4270 Mr‘e'ller,
1216 4203 1300 4272 Chips

179 4295 256 4351 from
270 4314 288 4351 a
305 4297 434 4352 German
449 4294 645 4364 Worskshop,
659 4291 743 4346 vol.l
754 4289 836 4358 prat.
847 4286 979 4344 lffllhh.
