2684 4634
195 169 252 219 112
641 168 781 222 CAPUT
797 168 840 218 11.
909 178 912 187 ·

187 354 330 432 perfecta
337 352 503 434 possessio,
517 353 596 434 quia
611 354 721 416 omnis
738 351 833 416 actus
848 350 1037 416 intellectus
1052 361 1087 415 et
1103 352 1292 427 voluntatis,

194 459 301 520 omnis
316 459 473 541 cognitio,
488 461 597 522 omnis
618 480 720 534 amor,
736 459 845 522 omnis
865 459 1012 536 felicitas,
1028 460 1144 523 omnia
1164 459 1291 541 gaudia,

194 581 269 641 quae
281 582 434 625 successu
444 562 604 645 temporis
614 562 733 626 infiniti
746 562 779 623 in
790 562 901 625 Deum
913 562 1032 625 cadere
1041 572 1189 644 possent,
1198 563 1293 625 unico

194 665 389 728 aetemitatis
405 666 551 742 instanti,
567 665 665 747 plene
680 675 714 728 et
730 665 879 728 totaliter
893 667 937 728 ab
952 685 993 728 eo
1008 665 1184 729 habentur.

234 849 284 917 35
329 846 358 897 2⁰
389 840 506 898 Tlusis:
543 838 644 902 Deus
672 842 729 903 est
758 854 841 902 vere
871 842 908 903 et
936 837 1095 918 perfecte
1126 842 1290 904 aetemus

194 937 246 999 De
259 937 331 1019 fide
352 947 405 1000 est
425 958 469 1000 ex
496 936 677 999 Vaticano:
718 942 734 968 “
747 935 873 1001 Sancta
897 936 1071 1001 Catholica
1098 936 1293 1018 Apostolica

195 1041 345 1104 Ecclesia
367 1042 471 1104 credit
493 1051 527 1102 et
545 1039 726 1105 confitetur
748 1060 852 1104 unum
875 1061 948 1104 esse
975 1042 1086 1104 Deum
1116 1061 1233 1104 verum
1263 1048 1294 1101 et

194 1145 342 1207 vivum...
356 1144 632 1226 omnipotentem,
646 1153 809 1219 (eternum,
825 1145 1080 1208 immensum....’'

240 1247 298 1329 (A)
313 1247 432 1328 Scapt.
480 1248 528 1328 (a)
555 1248 660 1328 “Ego
682 1268 755 1310 sum
779 1269 798 1306 α
821 1256 856 1309 et
878 1270 911 1325 o,
934 1248 1133 1330 principium
1157 1257 1191 1312 et
1215 1247 1294 1312 finis.

194 1352 276 1413 dicit
301 1350 467 1413 Dominus
492 1350 594 1425 Deus,
609 1350 666 1432 qui
690 1359 740 1412 est
763 1359 797 1412 et
819 1350 875 1431 qui
898 1359 978 1426 erat,
1001 1359 1035 1414 et
1058 1351 1114 1432 qui
1137 1360 1295 1415 venturus

195 1454 302 1534 est”1;
327 1454 448 1536 quibus
473 1454 581 1516 verbis
608 1452 811 1535 significatur
837 1455 948 1517 Deum
976 1454 1139 1536 principio
1168 1465 1204 1518 et
1234 1454 1296 1517 fine

195 1579 314 1634 carere,
331 1559 378 1620 ita
393 1567 430 1620 ut
445 1577 592 1639 praesens
607 1558 650 1619 sit
666 1556 821 1620 omnibus
838 1556 936 1621 rebus
953 1559 1138 1639 praeteritis,
1153 1579 1296 1640 praesen-

195 1661 285 1725 tibus
300 1681 339 1724 ac
355 1660 481 1723 futuris.
527 1660 578 1741 (b)
596 1661 720 1723 Iterum
737 1658 919 1741 Scripturae
941 1661 1059 1723 dicunt
1083 1661 1195 1724 Deum
1221 1671 1298 1724 ante

195 1764 309 1826 omnia
320 1774 472 1844 tempora
484 1759 585 1824 fuisse
596 1772 716 1845 etpost
728 1771 880 1844 tempora
893 1762 1040 1827 futurum
1050 1784 1143 1828 esse:
1165 1765 1297 1827 “Prius-

196 1888 296 1949 quam
314 1876 445 1929 montes
461 1865 576 1929 fierent
591 1875 650 1929 aut
666 1866 863 1930 formaretur
876 1875 964 1949 terra
979 1877 1013 1930 et
1027 1867 1126 1944 orbis
1140 1889 1161 1931 a
1176 1868 1299 1931 saeculo

196 1981 230 2034 et
246 1989 350 2051 usque
366 1970 399 2032 in
416 1968 574 2032 saeculum
591 1978 627 2032 tu
644 1989 679 2031 es
696 1969 816 2033 Deus2.
863 1970 975 2051 Opera
990 1990 1150 2059 manuum
1165 1979 1298 2034 tuarum

196 2085 274 2136 sunt
286 2073 370 2135 coeli.
419 2073 486 2153 Ipsi
499 2072 666 2153 peribunt,
675 2082 712 2136 tu
725 2082 838 2135 autem
852 2093 1035 2154 permanes
1044 2082 1079 2136 et
1087 2094 1207 2136 omnes
1216 2075 1300 2136 sicut

196 2177 399 2260 opertorium
426 2175 572 2238 mutabis
599 2196 665 2250 eos,
689 2185 724 2238 et
751 2175 988 2239 mutabuntur:
1012 2185 1048 2240 tu
1075 2187 1189 2240 autem
1215 2177 1299 2239 idem

198 2283 263 2363 ipse
282 2302 322 2356 es,
337 2290 371 2342 et
395 2279 474 2342 anni
499 2279 547 2341 tui
573 2300 640 2342 non
663 2277 879 2360 deficient''3;
900 2279 1021 2362 quibus
1045 2280 1154 2343 verbis
1176 2281 1301 2361 pariter

197 2386 383 2449 declaratur
398 2385 621 2448 aeternitatem
639 2385 704 2446 Dei
720 2404 831 2447 carere
846 2384 1078 2448 successione:
1102 2388 1168 2446 “tu
1185 2393 1299 2446 autem

197 2491 285 2553 idem
301 2490 372 2571 ipse
387 2488 456 2551 es'’.

242 2593 301 2676 (Β)
316 2594 408 2655 Rata
452 2592 637 2654 AEternitas
654 2592 718 2653 Dei
734 2612 778 2654 ex
795 2590 867 2672 ejus
889 2594 1022 2653 summa
1042 2587 1248 2672 perfectione
1267 2599 1301 2653 et

198 2697 469 2761 immutabilitate
482 2695 667 2760 necessario
678 2694 846 2772 dimanat;
869 2714 947 2757 nam
960 2693 1050 2774 quod
1060 2702 1112 2755 est
1124 2691 1301 2770 infinitum,

198 2802 357 2883 temporis
373 2799 533 2863 limitibus
549 2798 773 2860 circumscribi
790 2797 921 2878 nequit;
944 2806 978 2861 et
994 2797 1084 2878 quod
1107 2805 1159 2860 est
1181 2799 1301 2861 immu-

152 2927 155 2933 ·
198 2904 310 2980 tabile,
334 2902 438 2978 initio,
460 2900 526 2963 fine
549 2910 583 2964 et
607 2900 815 2963 successione
837 2910 944 2977 caret;
977 2920 1055 2963 nam
1083 2920 1184 2963 omne
1210 2903 1299 2984 quod

198 3007 315 3088 incipit
329 3025 401 3068 esse
417 3005 467 3067 vel
484 3003 615 3080 desinit,
631 3003 776 3086 aliquam
794 3005 1014 3068 mutationem
1030 3005 1234 3087 patitur.⁵-—
1246 3006 1301 3069 Ex

235 3229 242 3252 ¹
256 3216 342 3285 Apoc.
359 3215 380 3280 1,
395 3214 419 3266 8.
436 3243 470 3250 -
482 3217 493 3240 ²
505 3214 554 3265 Ps.
573 3213 735 3278 LXXXIX,
749 3227 775 3267 2.

236 3303 314 3355 ³Ps.
338 3299 499 3367 c1,2(›28;
526 3298 560 3353 cs.
580 3299 618 3352 II
631 3299 708 3353 Petr.
732 3299 786 3366 111,
807 3299 835 3367 85
854 3300 923 3368 Joa.
944 3300 1030 3367 Vill,
1050 3297 1095 3368 58;
1120 3301 1140 3353 I
1158 3300 1232 3355 Tim.
1252 3301 1303 3364 Vl,

203 3391 234 3441 16
247 3402 299 3442 etc.

235 3475 300 3528 ⁴Cf.
318 3476 347 3527 S.
368 3474 419 3526 Tu.
437 3471 460 3539 I,
474 3488 501 3541 q.
524 3488 563 3538 ιο,
576 3489 600 3526 a.
616 3487 643 3536 23
665 3474 748 3526 Cont.
765 3473 871 3527 Gentil.
888 3473 906 3526 l.
924 3474 947 3539 1,
960 3489 983 3527 c.
1000 3485 1042 3542 15.

235 3561 245 3593 ⁵
259 3563 393 3614 Divinam
406 3561 591 3614 aetemitatem
604 3560 718 3628 egregie
731 3560 865 3615 describit
872 3561 904 3629 J.
913 3561 954 3615 H.
966 3562 1109 3614 Newman
1121 3558 1303 3629 (Discourses

200 3662 230 3705 to
245 3649 341 3702 Mixed
356 3650 491 3716 Congreg.
507 3648 585 3713 XIV,
599 3664 626 3716 p.
643 3648 694 3712 287
709 3646 784 3716 sq.):
804 3649 904 3702 “Cum
924 3650 1003 3701 Deus
1022 3650 1059 3703 ab
1077 3647 1238 3704 aeternitate
1250 3645 1303 3703 exi-

201 3747 257 3792 stat
270 3747 297 3790 et
311 3736 338 3788 in
353 3733 489 3804 principio
503 3733 637 3802 temporis
651 3735 747 3787 omnia
760 3735 905 3801 creaverit‚'
917 3745 984 3788 ante
997 3736 1171 3791 creationem
1186 3734 1215 3789 in
1228 3746 1303 3790 aeter·

202 3842 269 3879 num
291 3822 365 3875 vixit.
403 3822 428 3875 0
452 3821 586 3888 cogitatio
608 3822 826 3890 obstupescens!
856 3823 925 3876 Erat
948 3821 1103 3892 aliquando
1127 3822 1194 3878 talis
1214 3838 1303 3878 rerum

202 3910 326 3964 conditio
340 3909 368 3962 in
381 3926 436 3979 qua
450 3912 529 3963 Deus
543 3911 618 3961 solus
632 3918 701 3975 erat,
714 3919 742 3963 et
756 3909 825 3962 nihil
839 3909 916 3963 aliud
929 3921 1032 3978 praeter
1044 3910 1178 3980 seipsum.
1219 3913 1304 3965 Terra

202 4003 339 4058 nouerat,
353 4008 405 4046 nec
419 3992 635 4055 firmamentum,
649 4008 701 4045 nec
715 3992 765 4058 sol,
779 4009 832 4045 nec
845 3993 947 4059 sidera,
960 4009 1013 4047 nec
1026 3993 1159 4062 spatium,
1170 4010 1225 4049 nec
1237 4003 1302 4047 tem·

203 4098 263 4149 pus,
277 4097 328 4133 nec
342 4088 470 4132 creatura
489 4078 592 4146 aliqua,
606 4095 657 4132 nec
676 4079 762 4131 homo
782 4095 834 4132 nec
854 4079 965 4147 Angeli,
985 4096 1038 4134 nec
1057 4080 1230 4149 Seraphim:
1248 4093 1302 4132 non

196 4167 326 4233 ministri,
341 4182 398 4219 non
412 4164 509 4220 famuli
524 4165 583 4236 ejus
596 4165 818 4220 circumstabant
832 4167 972 4220 thronum
1011 4167 1212 4238 Undequaque
1224 4166 1303 4222 silen-

182 4252 263 4317 tium,
286 4254 483 4327 undequaque
503 4255 608 4326 quies:
629 4254 711 4309 Deus
729 4264 845 4308 tamum
862 4254 973 4307 erati...
1010 4253 1206 4331 &uanitatem
1224 4251 1302 4310 vixiu
