2684 4634
213 178 254 230 78
647 179 883 231 ᾹΡΡΕΝΒΙΧ.

1110 295 1302 305 --.

211 353 444 425 philosophicos,
461 354 512 425 qui
527 371 596 410 cum
609 354 750 426 religione
763 356 989 427 connectuntur,
1002 355 1207 415 Christianam
1219 355 1308 429 philo·

211 441 346 513 sophiam
360 441 400 499 ab
413 441 469 499 illis
482 442 630 500 erroribus
643 443 822 514 gravissimis
834 442 977 513 liberavit,
988 443 1068 501 circa
1087 443 1146 502 Dei
1166 453 1305 514 naturam,

212 528 431 586 Providentiam
444 529 552 588 animae
565 530 816 589 immortalitatem
831 540 885 589 etc.
903 531 933 587 in
946 548 1022 602 quos
1035 530 1206 589 inciderant
1224 530 1308 589 etiam

211 610 424 684 praeclarissimi
445 610 519 669 inter
539 629 682 683 paganos,
698 623 730 670 ut
750 613 843 670 fusius
863 613 1030 671 ostenditur
1050 613 1081 669 in
1104 613 1157 671 Tr.
1178 613 1214 671 le
1243 612 1308 669 Veri

209 696 304 768 Relig.
324 701 364 767 (n.
386 716 419 770 55
432 701 492 770 sq.)
530 699 613 755 Hinc
631 700 697 771 jure
717 699 883 771 meritoque
902 708 1024 757 vocatur
1042 699 1127 756 stella
1149 699 1271 771 relln'x,
1284 709 1307 758 et

209 785 373 856 comparari
387 795 485 857 potest
498 785 600 842 lumini
616 804 709 859 prope
722 787 861 859 scopulos
875 787 981 858 posito,
990 805 1052 859 quo
1062 804 1198 847 errorum
1208 787 1307 847 dubio

209 890 336 945 rumque
348 873 479 945 pericula
492 874 606 931 facilius
618 875 710 933 vitare
723 892 890 946 possumus.
1185 882 1188 887 '

204 986 212 1053 i
246 1005 300 1060 159.
341 996 388 1066 (B)
409 993 552 1051 Eandem
572 994 728 1067 multiplici
744 994 900 1065 cognitione
920 995 1059 1062 instruit;
1083 995 1169 1066 quod
1188 995 1304 1067 quidem

209 1080 294 1138 facile
307 1082 448 1154 probatur
461 1083 717 1154 comparationem
732 1081 916 1140 instituendo
927 1081 1004 1139 inter
1020 1099 1170 1154 paganam
1189 1092 1220 1140 et
1238 1082 1304 1140 chri·

209 1169 334 1226 stianam
349 1169 589 1242 philosophiam;
609 1180 640 1228 ut
653 1170 768 1241 aliquot
780 1171 936 1227 afferamus
949 1168 1096 1240 exempla,
1111 1167 1227 1240 dogma
1239 1187 1304 1226 cren-

209 1256 304 1327 tionis,
326 1275 387 1328 quo
405 1257 539 1314 innititur
558 1275 666 1330 magna
685 1275 751 1328 pars
774 1256 929 1314 veritatum
950 1253 1226 1328 philosophicarum
1244 1273 1303 1327 quae

209 1344 407 1401 communiter
419 1343 509 1401 hodie
523 1343 685 1414 traduntur,
700 1343 753 1400 fuit
768 1343 897 1415 antiquis
914 1341 1101 1414 philosophis
1117 1341 1264 1413 ignotum,
1278 1351 1304 1399 et

208 1448 260 1502 per
274 1429 364 1488 fidem
378 1430 614 1501 manifestatum,
634 1431 738 1488 iterum
751 1431 830 1488 circa
842 1430 906 1487 Dei
917 1429 1066 1495 unitatem,
1082 1436 1236 1499 naturam,
1248 1446 1303 1502 per-

208 1515 352 1574 iedtiones
365 1525 394 1574 et
409 1515 626 1573 Providentiam
645 1517 737 1574 multa
756 1517 859 1575 docuit
878 1516 961 1588 fides,
974 1534 1042 1588 quae
1061 1516 1190 1588 Paganis
1210 1517 1303 1589 ignota

208 1622 289 1660 nunc
302 1602 428 1660 libenter
441 1621 458 1659 a
473 1602 583 1660 Deistis
596 1602 783 1675 accipiuntur
791 1624 798 1675 ;
818 1613 960 1677 praeterea
972 1602 1050 1660 circa
1068 1603 1177 1659 animle
1196 1603 1303 1661 inmm-

154 1758 157 1762 .
208 1691 349 1747 tolitntem
371 1691 522 1763 vitamque
542 1691 668 1748 futuram
690 1691 783 1748 multa
803 1690 878 1749 fides
896 1689 1042 1760 revelavit,
1066 1707 1135 1760 quae
1152 1699 1241 1748 antea
1258 1698 1304 1747 aut

208 1778 309 1850 ignota
321 1786 372 1834 aut
384 1776 488 1835 saltem
502 1777 587 1835 valde
601 1777 712 1835 incerta
725 1787 816 1835 erant.

243 1902 300 1956 1⁶0.
339 1899 388 1970 (C)
397 1899 569 1970 Progressni
576 1899 759 1956 scientiarum
772 1904 799 1954 ct
810 1898 921 1954 artium
923 1897 1010 1969 favet
1015 1918 1026 1953 :
1039 1898 1079 1968 (a)
1089 1896 1150 1954 hoc
1160 1896 1303 1971 imprimis

207 1985 369 2043 luculenter
382 1985 565 2043 demonstrat
585 1984 714 2054 historia,
731 2000 767 2041 ex
785 1984 846 2055 qua
862 1993 964 2056 aperte
982 1993 1225 2058 constatuverum
1243 2002 1304 2059 pro

206 2090 339 2144 gressum
361 2073 583 2144 genuinamque
605 2072 828 2130 civilizationem
848 2071 943 2128 multo
963 2070 1058 2143 magis
1079 2069 1216 2129 floruisse
1235 2070 1305 2129 inter

208 2159 392 2223 Christianas
404 2176 493 2230 quam
516 2158 591 2217 inter
611 2176 740 2232 paganas
760 2157 905 2227 nationes,
920 2157 961 2214 ita
980 2164 1013 2214 ut
1032 2155 1122 2214 hodie
1142 2156 1184 2213 illi
1205 2156 1306 2230 populi

206 2247 340 2304 civilitati
354 2256 497 2304 vocentur
510 2246 560 2318 qui
575 2246 662 2303 simul
681 2244 841 2304 Christiani
860 2252 939 2312 sunt,
952 2243 1025 2300 dum
1044 2260 1062 2300 e
1080 2252 1186 2301 contra
1205 2243 1305 2317 populi

207 2333 312 2405 lragani
333 2332 422 2391 etiam
445 2332 592 2402 immensi,
610 2343 642 2390 ut
663 2332 813 2402 Sinenses,
837 2330 915 2402 Indi,
937 2329 1154 2400 Mahumetani,
1174 2331 1223 2389 vei
1239 2340 1305 2389 sunt

206 2418 330 2476 omnino
352 2418 425 2476 tardi
448 2418 474 2474 in
494 2435 650 2490 progressu
668 2418 865 2490 admittendo,
887 2417 941 2487 vel,
967 2426 1034 2489 post
1053 2416 1261 2490 imperfectam
1278 2426 1305 2475 et

206 2505 401 2563 transitoriam
427 2504 663 2574 civilizationem,
690 2505 751 2576 jam
776 2503 815 2561 ad
838 2503 1004 2563 barbariem
1026 2502 1300 2576 retrogrediuntur.¹

205 2592 246 2663 (b)
260 2591 324 2649 Nec
338 2591 445 2647 mirum
459 2600 512 2660 est,
526 2608 595 2647 nam
609 2590 692 2659 fides,
705 2602 738 2649 ut
751 2609 882 2650 crescere
895 2591 997 2664 possit,
1014 2590 1150 2649 scientias
1160 2591 1307 2661 humanas

204 2679 339 2739 excolere
358 2679 487 2750 indiget:
507 2678 549 2735 sic
569 2698 594 2735 v.
610 2696 638 2749 g.
660 2695 753 2749 quum
767 2677 951 2751 plrilosoplria
969 2676 1007 2735 sit
1025 2676 1186 2749 theologiae
1204 2678 1306 2737 funda-

206 2778 351 2833 mentum,
365 2784 383 2823 a
397 2766 543 2837 theologis
556 2765 676 2837 speciali
691 2767 783 2825 modo
796 2782 913 2836 semper
926 2763 1042 2822 exculta
1054 2763 1109 2821 fuit
1116 2784 1125 2837 3
1143 2765 1306 2838 praesertim

205 2873 273 2913 vero
287 2854 423 2911 notiones
437 2853 514 2910 circa
528 2862 661 2910 naturam
675 2864 704 2911 et
719 2869 885 2925 personam,
902 2850 980 2908 circa
992 2868 1150 2924 corporum
1163 2852 1306 2910 constitu·

205 2945 316 3001 tionem
329 2940 463 2998 intimam
477 2949 546 3005 etc,
556 2958 593 2997 ex
605 2940 705 2997 studio
716 2939 895 3010 dogmatum
905 2938 1033 2995 multum
1041 2937 1201 2997 elucidatae
1209 2949 1303 3007 sunta

205 3030 284 3087 idem
299 3028 461 3086 dicendum
475 3027 514 3086 de
532 3027 663 3093 lrrstorrii,
677 3045 744 3098 quae
764 3026 850 3085 nobis
869 3034 1044 3096 argumenta
1061 3025 1178 3097 praebet
1197 3027 1305 3100 quibus

204 3114 369 3174 confirmari
384 3113 477 3186 possit
487 3114 625 3171 divinitas
634 3113 784 3184 religionis
794 3112 979 3184 Christianae,
992 3130 1027 3170 ac
1036 3113 1163 3185 proinde
1173 3114 1303 3187 speciali-

203 3213 247 3260 ter
259 3201 414 3267 cxcolitur3
433 3200 515 3272 quod
530 3201 637 3273 pariter
649 3220 749 3260 serum
764 3213 808 3261 est
821 3203 860 3261 de
872 3201 978 3260 studiis
991 3202 1173 3274 linguarum,
1188 3222 1304 3277 praeser-

204 3291 256 3347 tim
270 3287 468 3357 orientalium,
481 3288 519 3345 de
532 3289 718 3361 nrrlneologrii
732 3291 814 3347 sacri
827 3299 856 3347 et
870 3289 1001 3361 prolana,
1018 3290 1057 3348 de
1070 3291 1300 3364 palaeographid,
1323 3330 1331 3344 .

204 3392 322 3434 necnon
343 3375 381 3432 dc
402 3380 465 3429 urle
482 3374 580 3430 crr'triii
598 3382 626 3431 el
643 3374 857 3446 leernnenenlr'ni,
873 3393 941 3446 quae
958 3376 1064 3453 sedulo
1083 3368 1259 3450 edocentur,
1274 3388 1304 3436 ut

203 3462 308 3521 melius
329 3461 523 3533 explaneutur
545 3462 702 3535 Scriptune
724 3481 815 3520 sacrae
822 3482 831 3533 3
859 3463 920 3520 imo
945 3463 1069 3520 scr'cnliae
1089 3467 1252 3537 naturales,
1274 3475 1303 3523 ut

239 3659 244 3681 ¹
260 3653 301 3707 (Ὺ.
312 3652 430 3713 llnlmls.
444 3650 660 3708 l‘rotestuntism
668 3656 725 3710 and
735 3656 906 3725 Catholicity
915 3657 1076 3728 compared,
1089 3658 1143 3713 Ch.
1154 3661 1299 3727 Ill‚XlV,

204 3741 373 3793 xx-xxttr
398 3746 424 3793 et
448 3738 515 3793 alini
534 3740 656 3809 passim:
677 3743 787 3810 Gnisot,
812 3744 930 3812 History
947 3745 980 3799 of
994 3743 1182 3812 Civilitatiom
1200 3747 1301 3815 passim

202 3824 355 3897 pnrscrtim
368 3826 431 3881 lect.
447 3827 484 3883 ll.
497 3826 589 3885 v-l'1;
607 3829 681 3881 lr‘rr'n
694 3836 723 3882 el
733 3831 870 3896 Lsrver'lle,
884 3832 925 3883 La
938 3829 1116 3885 Civilisation
1128 3832 1297 3899 chretienne,

204 3912 290 3971 Paris.
314 3914 390 3981 iilos:
421 3912 577 3975 ltinsnnf,
598 3914 764 3983 Exposition
783 3917 820 3970 du
842 3918 954 3986 Dogme
974 3917 1153 3988 Catholique,
1177 3920 1301 3984 Cardine,

205 4002 243 4053 rili
263 4018 277 4053 t

235 4018 312 4155 Ι3(ρυί
332 4086 384 4139 ltili·
404 4084 440 4139 tle.
460 4102 488 4139 re
507 4084 625 4149 (inbitur.
648 4088 721 4155 legat
742 4099 850 4157 oportet
869 4092 899 4143 S.
918 4090 1030 4145 Thanna
1047 4108 1135 4161 opera
1152 4094 1300 4153 Summam

202 4176 232 4227 (ἲ
248 4172 382 4233 Gentiles,
403 4174 477 4227 Suro.
499 4174 595 4235 theol..
617 4178 829 4231 Commentaria
849 4178 879 4231 in
896 4178 1087 4248 Aristotelem,
1104 4181 1150 4237 vel
1171 4183 1302 4239 Suareaii

204 4260 415 4329 Disputationes
429 4259 644 4329 rirrtsplrysicos.
