2684 4634
131 163 188 214 DE
209 161 536 213 RELATIONIBUS
555 161 813 214 DIVINARUM
834 162 1139 214 PERSONARUM.
1160 163 1224 214 239

117 345 235 426 nequit
253 345 410 409 Filium'a
428 347 525 408 Patre
541 365 614 407 esse
636 345 860 426 dependentem
884 347 1017 428 proprio
1044 348 1153 421 sensu,
1170 347 1225 408 illa
1338 355 1341 362 '

118 468 162 515 sc.
179 448 407 528 dependentia
423 470 498 530 quae
514 469 558 511 ex
575 449 759 529 indigentie
781 458 813 511 et
838 448 1088 530 imperfectione
1112 450 1223 513 oritur.

119 553 209 615 Nam
226 561 333 615 tantae
348 552 559 642 perfeetionis
576 563 626 615 est
649 572 721 614 esse
744 552 894 614 divinum
919 561 955 615 ut
979 553 1094 633 exigat
1120 553 1225 615 subsi-

119 662 207 716 stere
224 655 256 716 in
275 655 381 717 tribus
397 656 556 737 personis,
572 657 618 718 ita
634 664 671 718 ut
687 655 796 737 Filius,
807 664 876 716 tam
894 657 1079 718 necessario
1101 656 1226 718 existat

120 777 222 838 quam
242 758 359 821 Pater:
386 779 500 820 omnes
524 759 612 820 enirn
637 758 848 838 operationes
872 758 919 820 ad
939 758 1037 834 intra,
1061 769 1225 839 quatenus

122 861 235 922 Deum
261 861 369 942 ipsum
394 859 556 942 speciant,
577 861 769 923 necessariae
794 870 880 936 sunt,
902 870 939 922 ut
961 859 1166 924 dictumest
1192 861 1225 922 in

127 962 179 1026 Tr.
197 964 240 1026 de
254 963 323 1026 Deo
344 965 415 1028 Une
430 965 474 1045 (n.
491 961 566 1049 99);
593 964 726 1046 insuper
742 965 891 1027 Verbum
908 985 927 1027 a
952 966 1049 1028 Patre
1072 975 1225 1028 naturam

123 1068 246 1148 accipit
262 1088 328 1129 non
346 1069 440 1148 quasi
457 1069 548 1148 prius
565 1088 630 1130 non
648 1067 775 1130 habens
791 1078 824 1130 et
841 1078 956 1149 postea
978 1069 1153 1150 accipiens,
1168 1070 1225 1131 sed

125 1170 201 1250 quia
217 1170 282 1231 hoc
299 1169 408 1252 ipsuin
425 1173 515 1253 quod
539 1181 598 1246 est,
614 1171 657 1233 ab
681 1180 805 1233 aeterno
829 1180 937 1233 totum
962 1171 1060 1234 simul
1084 1170 1227 1234 habeta

127 1272 222 1335 Patre
231 1286 252 1336 1.

168 1424 235 1487 130.
283 1408 457 1490 Objiciunt
472 1411 607 1491 quidem
632 1411 810 1473 adversarii
835 1431 878 1472 ex
903 1409 1053 1473 doetrina
1078 1413 1227 1493 superius

127 1514 282 1593 exposita
298 1514 400 1596 sequi,
416 1513 498 1576 alias
514 1533 672 1595 personas
689 1513 749 1578 SS.
765 1515 940 1577 Trinitatis
957 1513 1125 1578 intellectu
1138 1537 1226 1578 care-

128 1635 168 1690 re,
183 1636 288 1697 quum
306 1618 483 1700 intellegere
498 1619 541 1679 sit
550 1618 722 1698 proprium
740 1619 854 1680 Patris.
902 1619 950 1681 Ut
967 1618 1146 1680 difficultas
1163 1620 1226 1680 sol·
1310 1664 1313 1669 «

128 1729 230 1796 vatur,
246 1722 417 1784 sciendum
434 1731 484 1784 est
500 1722 626 1803 duplex
644 1720 868 1803 intellegerem
887 1720 961 1782 Deo
977 1721 1136 1801 distingui
1153 1742 1226 1802 pos-

130 1841 178 1884 se:
202 1822 254 1904 (a)
271 1824 453 1904 intelligere
469 1824 649 1887 absolutum
665 1845 723 1887 seu
739 1824 924 1899 essentiale,
934 1825 1023 1904 quod
1040 1823 1121 1885 nihil
1137 1824 1225 1887 aliud

129 1935 176 1988 est
191 1927 255 1988 nisi
270 1929 545 2016 essentiadivina
561 1929 758 2010 intelligens,
771 1938 805 1991 et
821 1928 900 1990 illud
915 1948 1091 1991 commune
1107 1938 1157 1991 est
1169 1931 1228 1992 tri-

131 2027 187 2089 bus
204 2032 367 2110 personis;
392 2030 441 2112 (b)
460 2031 644 2112 intelligere
666 2031 840 2094 relativum
866 2052 922 2093 seu
945 2030 1122 2107 notionale‚
1137 2035 1226 2112 quod

131 2134 280 2195 consistit
297 2135 328 2196 in
346 2134 403 2195 illo
419 2134 553 2216 speciali
570 2132 644 2198 adiu
662 2155 729 2216 quo
746 2123 846 2210 DeuS,
863 2135 1010 2215 seipsum
1026 2155 1226 2216 cognoscen-

130 2234 179 2310 do,
193 2244 332 2316 generat
346 2237 503 2313 Verbum,
519 2246 552 2299 et
568 2237 648 2300 illud
666 2237 726 2299 soli
744 2238 832 2299 Patri
849 2237 1011 2299 convenit.
1119 2278 1123 2286 ·

134 2372 136 2377 Ι
240 2393 328 2472 Art.
350 2394 403 2472 ΙΙ.
425 2396 488 2472 De
509 2397 762 2473 Processione
783 2397 952 2496 Spiritus
973 2397 1115 2475 Sancti.

170 2554 239 2620 131.
275 2542 611 2624 Stateesquoestz'om‘se
648 2544 810 2609 Doctrina
821 2546 994 2610 Catholica
1004 2558 1055 2610 est
1066 2548 1225 2629 Spiritum

132 2647 307 2726 procedere
323 2655 395 2709 tum
412 2668 431 2710 a
448 2651 546 2711 Patre
562 2658 633 2711 tum
650 2671 670 2711 a
695 2651 787 2712 Filio
832 2651 988 2730 Jamvero
1012 2652 1091 2713 olim
1116 2652 1226 2716 Enno-

132 2749 237 2812 miane’
249 2759 284 2812 et
299 2751 537 2826 Macedoniani,
554 2763 758 2832 negaverunt
776 2752 937 2834 Spiritum
955 2753 987 2817 S.
1004 2774 1023 2815 a
1041 2755 1137 2816 Patre
1152 2776 1226 2836 pro-

132 2855 258 2932 cedere;
281 2854 338 2916 sed
354 2839 457 2936 quum
473 2857 674 2918 contrarium
692 2857 861 2937 expressis
882 2856 990 2917 verbis
1006 2857 1039 2917 in
1058 2856 1227 2939 Scriptura

132 2955 297 3032 doceatur,
313 2957 474 3020 “mittens
491 2958 584 3020 vobis
605 2979 625 3020 a
650 2960 747 3020 Patre
772 2958 933 3038 Spiritum
957 2960 1114 3035 veritatis,
1128 2962 1187 3042 qui
1207 2985 1227 3024 a

132 3048 432 3141 Pateeprecedit'u,
448 3063 562 3124 statim
580 3062 635 3124 ille
650 3082 740 3124 error
761 3063 792 3123 in
818 3063 853 3126 C.
873 3062 1107 3144 constantinop.
1126 3060 1225 3150 (381)

132 3163 309 3229 damnatus
325 3173 382 3227 est.
429 3166 550 3227 Postea
571 3164 601 3225 T
598 3165 782 3227 leeoderetus
800 3161 847 3249 (fl.
864 3185 890 3227 a.
907 3165 995 3246 434),
1011 3174 1044 3227 et
1060 3175 1136 3246 post
1151 3189 1226 3230 eum

132 3267 350 3330 Menothelitee
365 3269 609 3349 processionem
628 3267 771 3349 Spiritus
789 3267 820 3332 S.
837 3288 857 3329 a
874 3268 959 3329 Filio
981 3269 1227 3350 impugnarunt,

133 3373 207 3452 quin
233 3381 345 3434 tamen
373 3393 423 3434 res
450 3393 493 3434 ex
521 3373 670 3453 professo
695 3372 866 3452 disputata
894 3371 1010 3433 fuerit:
1034 3382 1113 3434 tunc
1139 3375 1227 3439 enirn
1303 3417 1305 3421 «

133 3476 289 3558 temporis
299 3461 395 3536 vtotus
411 3475 643 3538 controversiae
659 3484 760 3536 aestus
777 3475 862 3535 circa
888 3475 1018 3535 unionis
1043 3474 1228 3554 hypostati-

133 3597 176 3640 cae
191 3578 412 3660 quaestionem
430 3577 602 3640 serebatur.
652 3575 711 3638 llle
727 3586 839 3637 tamen
857 3595 947 3637 error
961 3576 1004 3637 ab
1027 3575 1230 3639 leoneelaste's

133 3681 234 3762 (VIII
252 3676 294 3766 s)
312 3691 490 3744 renovatus
504 3680 574 3757 suit,
592 3681 673 3742 etin
691 3680 890 3760 quibusdam
908 3679 1055 3741 conciliis
1072 3681 1103 3740 in
1122 3680 1228 3743 Gallia

133 3783 260 3859 habitis,
287 3783 429 3867 quaestio
455 3782 616 3846 ventilata
644 3782 706 3845 luit
731 3783 816 3843 inter
841 3782 975 3845 Graecos
1000 3791 1033 3844 et
1058 3783 1229 3844 Romanos

133 3896 240 3950 utrum
258 3886 401 3967 Spiritus
418 3885 449 3950 S.
467 3885 552 3948 sicut
565 3885 713 3966 procedit
725 3905 745 3945 a
756 3885 862 3959 Patre,
873 3885 919 3946 ita
930 3884 1087 3963 procedat
1104 3906 1123 3946 a
1137 3885 1228 3948 Filio.

134 3989 232 4053 Unde
247 3986 373 4053 sactum
386 3998 435 4051 est
448 3997 485 4051 ut
497 3989 585 4070 apud
601 3987 780 4069 Hispanos,
792 3987 906 4051 Gallos
919 3995 952 4047 et
966 3987 1146 4049 Germanos
1157 4009 1229 4067 par-

164 4194 172 4216 ¹
186 4195 229 4250 Cf.
246 4196 275 4248 S.
295 4196 322 4248 T
317 4194 389 4248 leem.
404 4194 439 4248 de
454 4195 513 4248 Pot.
527 4211 553 4264 q.
570 4209 609 4261 10,
619 4210 644 4247 a.
659 4209 668 4245 1
682 4193 718 4246 ad
733 4207 783 4262 13.;
795 4194 914 4257 Hieme,
931 4193 1000 4244 1612.
1013 4224 1046 4229 —
1056 4197 1066 4219 ²
1078 4192 1117 4244 Cf.
1132 4194 1230 4245 Peleu.

132 4284 175 4338 lib.
190 4284 298 4364 V11‚c.
318 4299 344 4351 13
363 4279 490 4351 Knoll,§
507 4295 565 4347 104.
579 4291 647 4334 nota
660 4296 685 4333 2.
701 4312 735 4318 —
747 4281 829 4347 ³Joa.
847 4281 909 4346 XV,
924 4280 965 4333 26.
