2684 4634
494 176 551 226 DE
569 176 756 227 HOMINE.
1106 183 1172 233 385

72 348 246 434 quosdam,
286 365 344 420 aut
383 357 501 422 saltem
542 380 659 441 parum
699 359 888 443 probabilis,
928 359 1030 441 juxta
1079 361 1172 438 alios,

72 461 238 522 sententia
263 459 440 525 Cathan'ni
467 473 498 525 et
532 463 658 544 Ptglzii,
690 463 897 545 aliorumque
930 463 1171 547 theologorum,

71 562 127 640 qui
162 563 322 627 dixerunt
356 575 529 647 peccatum
564 567 724 649 originale
759 566 838 629 nihil
872 565 962 628 aliud
1000 588 1072 629 esse
1110 569 1171 629 nisi

70 661 247 745 peccatum
285 665 416 730 actuale
450 668 575 732 Adami
617 669 713 734 nobis
754 670 925 732 extrinsece
962 670 1172 751 irnputatum,

70 770 190 831 eodem
224 769 291 833 iere
322 772 420 834 modo
454 792 520 853 quo
550 773 673 834 crimen
705 773 843 853 alicujus
875 771 995 834 nobilis
1023 774 1082 834 viri
1114 794 1171 834 ex·

70 871 214 933 trinsece
238 873 421 955 imputatur
446 874 518 955 ejus
553 873 635 937 filiis.
697 873 760 937 Illa
783 877 948 939 sententia
975 886 1091 958 peccat
1116 897 1173 957 per

68 969 249 1050 defectum,
279 996 320 1038 eo
349 996 447 1039 sensu
479 976 569 1058 quod
602 977 700 1040 nimis
732 987 894 1042 extenuat
924 988 1077 1041 naturam
1111 979 1173 1040 ori-

69 1076 192 1156 ginalis
216 1081 359 1158 peccati;
391 1100 452 1142 nec
480 1080 613 1143 admitti
639 1090 768 1162 potest;
800 1102 888 1158 nam,
905 1081 955 1162 (a)
976 1082 1076 1162 juxta
1099 1081 1172 1143 Tri-

69 1179 242 1244 dentinum
265 1183 371 1261 (Sess.
388 1185 429 1259 V,
455 1184 487 1265 3)
511 1184 672 1266 originale
695 1194 867 1267 peccatum
893 1187 979 1247 inest
1005 1185 1175 1266 ecnz’cm'que

63 1283 250 1364 proprium,
262 1295 296 1348 et
312 1307 370 1368 per
385 1287 466 1349 illud
477 1286 628 1350 homines
642 1289 809 1370 propriam
827 1288 1025 1368 injustitiam
1043 1298 1172 1350 contra-

70 1386 173 1464 hunt;
197 1391 290 1469 atqui
306 1392 395 1471 quod
408 1392 595 1454 extrinsece
612 1401 743 1455 tantum
761 1394 954 1473 imputatur,
972 1411 1039 1452 non
1057 1399 1171 1473 potest

71 1490 136 1551 dici
163 1491 341 1574 unicuique
368 1494 553 1576 proprium;
598 1514 690 1576 ergo.
745 1495 795 1576 (b)
824 1494 964 1576 Insuper
987 1515 1031 1556 ex
1054 1493 1172 1556 eodem

74 1587 227 1653 Concilio
249 1587 350 1676 (Sess.
369 1595 409 1670 V,
429 1596 461 1676 5)
489 1606 661 1678 peccatum
687 1595 848 1679 originale
864 1617 940 1659 vere
962 1596 1092 1659 deletur
1116 1616 1174 1676 per

72 1693 294 1790 baptismum;
310 1699 412 1780 atqui,
425 1702 597 1782 supposita
607 1702 773 1763 sententia
787 1699 968 1776 Catharini,
981 1720 1039 1781 per
1049 1700 1173 1780 baptis-

75 1817 166 1859 mum
185 1810 359 1880 peccatum
376 1803 537 1886 originale
554 1825 620 1867 non
638 1825 713 1867 vere
735 1803 872 1880 deletur,
889 1806 946 1868 sed
964 1804 1174 1866 solummodo

76 1909 218 1964 cessaret
234 1902 330 1965 nobis
347 1905 518 1986 imputari;
541 1927 621 1989 ergo
632 1921 651 1969 1.

419 2032 481 2104 ²11.
498 2047 597 2105 Vera
622 2048 825 2105 sententia.

57 2161 59 2165 ⁷
118 2173 185 2250 189.
236 2184 268 2232 1⁰
293 2172 493 2253 Explicatur.
540 2176 596 2239 Ad
622 2177 871 2258 intelligendum
896 2177 976 2258 quid
1011 2179 1053 2241 sit
1076 2179 1173 2259 origi·

80 2275 150 2336 nale
167 2284 352 2358 peccatum,
368 2278 523 2357 quaedam
540 2287 617 2339 sunt
634 2275 851 2358 praenotanda
870 2299 876 2338 :
912 2273 976 2362 (A)
997 2278 1173 2341 Peccatum

79 2393 175 2454 grave
192 2376 225 2436 in
242 2396 362 2457 genere
372 2387 421 2441 est
432 2378 675 2453 aversz'oaDeO,
685 2378 799 2440 ultimo
805 2379 877 2460 fine
888 2392 909 2442 2.
956 2380 1126 2445 Dividitur
1141 2383 1173 2444 in

79 2489 250 2558 peccatum
273 2481 399 2545 aduale
421 2493 454 2546 et
476 2481 640 2544 ltabz'tuale
654 2503 666 2543 :
703 2482 792 2563 prius
816 2491 866 2544 est
890 2484 961 2564 ipse
983 2484 1076 2547 aelus
1107 2504 1175 2565 quo

79 2585 338 2665 transgredimur
354 2585 461 2667 legem
477 2595 511 2647 et
525 2606 546 2647 a
562 2585 638 2646 Deo
653 2585 832 2648 avertimur
851 2611 857 2649 :
881 2588 1044 2668 posterius
1061 2598 1173 2650 autem

75 2698 124 2751 est
140 2698 249 2750 status
263 2690 442 2751 aversionis
459 2710 479 2751 a
496 2690 579 2764 De0,
595 2699 672 2769 post
688 2687 800 2752 aetum
817 2690 1085 2770 peccaminosum
1102 2710 1175 2770 per-

74 2809 238 2868 severans,
261 2793 445 2873 usquedum
469 2792 594 2855 scilicet
617 2793 816 2873 poenitentia
840 2801 966 2873 agatur.
1011 2793 1072 2873 (B)
1083 2793 1175 2873 Jam-

72 2913 153 2958 vero
169 2905 339 2978 peccatum
355 2896 515 2977 originale
539 2917 605 2958 non
629 2906 680 2959 est
696 2906 870 2977 peccatum
887 2894 1025 2971 attuale,
1041 2916 1116 2958 cum
1141 2897 1173 2956 in

106 3093 275 3146 1Fusiorem
288 3091 490 3161 expositionem
500 3091 776 3162 confutationemque
785 3092 866 3160 hujus
877 3090 1017 3160 opinionis
1027 3091 1119 3160 legere
1132 3103 1175 3147 est

68 3180 150 3250 apud
162 3179 380 3246 Bellarminum‚
394 3194 438 3248 op.
452 3196 475 3232 c.
490 3180 506 3232 l.
518 3180 552 3246 V,
567 3197 591 3232 c.
608 3180 647 3233 16.

102 3265 116 3289 '²
125 3269 191 3321 Vox
201 3271 342 3335 peccatum
355 3264 540 3335 multiplicem
552 3265 661 3320 obtinet
675 3282 789 3321 sensum
803 3265 832 3319 in
846 3266 991 3334 Scriptura
1008 3285 1013 3320 :
1033 3265 1074 3335 (a)
1087 3284 1174 3334 quan-

68 3356 167 3424 doque
180 3353 318 3422 significat
326 3359 441 3423 penam
454 3353 562 3423 peccati
580 3371 586 3405 :
614 3351 792 3422 “portabunt
805 3354 889 3408 ambo
905 3355 1049 3421 peccatum
1070 3370 1151 3406 suum
1168 3372 1173 3406 :

69 3441 134 3495 sine
146 3440 243 3494 liberis
255 3442 408 3497 morientur
415 3443 428 3469 ''
442 3441 545 3510 (Lavit.
560 3443 625 3507 XX,
636 3442 692 3509 zo);
712 3439 753 3510 (b)
767 3441 919 3510 aliquando
930 3458 1044 3493 causam
1057 3442 1174 3509 peccati,

68 3523 231 3594 praesertim
244 3523 501 3595 concupiscentiam
517 3542 523 3577 z
544 3523 562 3550 ‘⁴
570 3523 630 3591 jam
639 3540 695 3576 non
708 3540 761 3591 ego
772 3540 871 3592 operor
884 3523 960 3590 illud,
973 3523 1024 3576 sed
1038 3523 1113 3591 quod
1126 3524 1173 3575 ha·

69 3611 145 3666 bitat
157 3609 187 3663 in
200 3627 255 3675 me,
269 3621 417 3681 peccatum
426 3612 440 3638 ''
453 3609 543 3677 (Rom.
555 3611 624 3677 VIl,
639 3611 694 3676 17);
712 3609 751 3678 (c)
761 3611 883 3663 hostiam
896 3627 947 3678 pro
961 3610 1085 3677 peccatis
1098 3610 1174 3664 obla-

69 3710 155 3754 tam:
188 3696 291 3755 “Eum
309 3699 338 3766 (i.
354 3715 377 3752 e.
393 3697 548 3763 Christum)
568 3697 616 3767 qui
635 3714 692 3753 non
711 3708 827 3751 noverat
846 3707 1002 3766 peceatum,
1023 3712 1072 3764 pro
1092 3696 1174 3749 nobis

68 3791 215 3856 peccatum
224 3784 311 3841 iecit”
323 3785 374 3853 (II
385 3785 446 3839 Cor.
458 3786 492 3851 V,
506 3784 563 3855 21);
583 3784 623 3852 (d)
636 3785 753 3843 tandem
765 3784 916 3838 voluntatis
930 3782 1174 3847 inordinationem,
1281 3819 1283 3825 -

70 3874 129 3945 qua
147 3875 241 3943 legem
261 3873 316 3928 Dei
335 3872 562 3942 transgreditur:
590 3872 652 3931 haec
671 3881 714 3926 est
733 3870 889 3925 communis
908 3887 942 3924 ac
961 3870 1073 3938 propria
1093 3869 1174 3938 hujus

70 3948 150 4016 vocis
170 3960 305 4031 acceptio.
352 3960 381 4013 Si
400 3959 561 4028 hujusmodi
580 3958 765 4026 transgressio
784 3957 877 4025 gravis
897 3958 941 4025 sit,
964 3966 1113 4025 peccatum
1132 3966 1174 4009 est

70 4050 201 4114 mortale,
222 4049 422 4116 hominemque
446 4046 547 4101 avertit
573 4064 590 4101 a
611 4048 682 4114 Deo,
704 4045 801 4100 ultimo
827 4045 890 4097 fine.
920 4045 1002 4113 Saepe
1028 4054 1174 4112 peccatum

69 4136 193 4191 mortale
205 4133 336 4190 definitur
347 4134 459 4187 aversio
470 4151 489 4185 a
501 4133 561 4186 Deo
573 4140 601 4186 el
611 4136 753 4186 conversio
766 4135 807 4185 ad
812 4137 965 4199 creaturas,
983 4132 1049 4200 quia
1062 4131 1174 4184 adultus

69 4222 222 4279 actualiter
233 4236 356 4291 peccans
368 4236 426 4275 non
439 4236 470 4274 se
483 4220 585 4274 avertit
598 4221 688 4274 aDeo
701 4220 755 4273 nisi
769 4235 832 4274 sese
845 4217 1039 4273 convertendo
1051 4218 1093 4272 ad
1103 4233 1179 4271 crea-

70 4322 165 4373 turm
182 4307 234 4361 ced
244 4305 272 4359 in
281 4315 401 4375 peccato
411 4304 549 4374 originali,
565 4324 609 4362 res
623 4308 707 4364 aliter
722 4308 869 4380 sehabet,
883 4319 916 4364 ut
927 4307 1008 4363 inira
1020 4305 1167 4361 dicemus.

170 4416 295 4463 §rnorem
304 4416 336 4462 11.
350 4440 377 4451 -·
389 4430 421 4476 ⁹5
