2684 4634
496 169 551 218 DE
571 169 754 218 HOMINE.
1106 168 1170 218 387

73 367 148 412 cum
161 351 252 429 Deo;
273 371 354 433 ergo
370 351 441 432 ejus
457 353 599 433 privatio
616 373 676 414 nos
689 352 863 414 constituit
880 352 912 412 in
929 359 1018 413 statu
1033 351 1179 412 inimici--

73 455 129 515 riae
153 474 211 516 seu
235 456 494 536 supernaturalis
517 456 697 518 aversionis
721 476 740 516 a
765 456 855 532 Deo;
893 474 972 535 ergo
996 464 1170 535 peecatum

72 556 234 637 originale
251 558 284 619 in
301 557 356 620 illa
377 559 563 638 privatione
578 559 738 621 consistit.
784 556 834 638 (b)
852 558 907 620 Ex
926 557 1076 621 Concilio
1099 556 1172 618 Tri-

71 657 204 720 dentino
218 660 322 735 (sess.
336 661 378 735 V,
395 660 428 741 2)
444 671 619 742 peccatum
637 659 797 742 originale
808 670 858 722 est
875 680 961 722 mors
976 659 1103 734 anima,
1114 679 1171 720 seu

72 780 163 822 mors
187 763 384 844 spiritualis;
419 765 511 846 atqui
529 783 617 826 mors
633 764 814 845 spiritualis
838 763 917 825 nihil
935 763 1024 825 aliud
1042 772 1092 824 est
1111 763 1172 823 nisi

71 864 216 942 privatio
228 867 352 946 gratiae,
369 887 444 948 quae
460 877 510 930 est
526 869 594 930 vita
610 868 731 930 animae
749 877 885 944 nostrae3
908 887 988 949 ergo
999 875 1171 948 peecatum

71 966 235 1047 originale
253 970 284 1030 in
302 969 357 1031 illa
373 971 559 1051 privatione
579 971 738 1032 consistit.
787 972 870 1033 ltem
889 992 932 1032 ex
949 972 1068 1033 eodem
1086 969 1172 1032 Con·

72 1068 150 1130 cilio
160 1072 178 1147 (
182 1069 266 1134 Sess.
280 1073 319 1146 V,
338 1071 370 1154 5)
383 1082 556 1154 peccatum
573 1072 733 1153 originale
749 1083 799 1135 est
816 1074 848 1135 id
865 1075 955 1153 quod
973 1072 1099 1134 tollitur
1116 1091 1174 1150 per

72 1169 295 1253 baptismum;
327 1176 419 1257 atqui
436 1196 494 1256 per
516 1176 718 1258 baptismum
741 1176 867 1238 tollitur
883 1177 1024 1258 privatio
1047 1175 1173 1257 gratiae,

72 1294 177 1355 quum
191 1279 364 1358 primarius
381 1280 538 1362 baptismi
555 1278 692 1344 effedtus
709 1282 752 1342 sit
767 1281 884 1362 gratiae
901 1279 1039 1359 infusio;
1063 1299 1149 1359 ergo.

116 1444 184 1508 191.
231 1430 293 1518 (Β)
313 1435 490 1498 Peccatum
514 1434 674 1516 originale
697 1443 748 1496 est
764 1434 988 1497 voluntarium
1011 1454 1050 1494 ex
1064 1428 1174 1492 nostrai

72 1537 263 1598 connexione
276 1558 347 1598 cum
361 1537 497 1600 Adamu
544 1538 594 1618 (a)
609 1540 676 1600 Res
689 1539 735 1599 sic
746 1537 905 1619 explicari
917 1546 1035 1619 potest.
1082 1534 1174 1596 Ada-

73 1657 147 1699 mus
164 1649 235 1701 erat
252 1641 445 1705 naturaliter
467 1651 567 1723 caput
591 1640 764 1722 physicum
788 1661 845 1702 seu
866 1660 983 1721 parens
1000 1640 1101 1701 totius
1118 1657 1172 1717 ge·

72 1742 158 1803 neris
175 1742 322 1821 humani,
339 1766 379 1808 eo
395 1765 492 1808 sensu
510 1747 599 1826 quod
616 1745 718 1807 vitam
735 1743 907 1825 physicam
932 1753 965 1805 et
979 1741 1172 1821 naturalem

72 1847 215 1926 posteris
239 1851 463 1918 transmittere
479 1848 631 1912 debebat.
679 1848 745 1911 Sed
763 1848 904 1928 insuper,
920 1867 978 1927 per
994 1845 1172 1908 ordinatio-

71 1968 149 2009 nem
175 1959 210 2011 et
234 1950 341 2033 legem
366 1953 552 2034 positivam,
570 1952 662 2014 Deus
686 1952 859 2013 constituit
884 1950 1055 2013 Adamum
1079 1956 1175 2027 caput

70 2053 197 2115 morale
213 2064 374 2131 nostrum,
390 2077 446 2118 seu
464 2065 709 2138 procuratorem
735 2055 884 2136 omnium
902 2063 1117 2135 posterorum,
1134 2071 1173 2112 eo

70 2177 173 2218 sensu
191 2161 280 2237 quod
298 2160 360 2221 illis
384 2161 607 2223 transmittere
623 2159 775 2234 debebat,
792 2179 849 2240 per
866 2158 1050 2220 naturalem
1074 2145 1177 2236 gene-¹

71 2260 248 2337 rationem,
264 2264 406 2343 gratiam
430 2272 463 2326 et
487 2263 551 2325 alia
567 2264 656 2325 dona
672 2261 936 2345 supernaturalia
955 2283 960 2323 :
984 2282 1028 2322 ex
1045 2261 1107 2321 hoc
1124 2280 1173 2322 se-

71 2363 239 2444 quebatur
254 2369 344 2447 quod
361 2369 388 2429 si
406 2368 558 2431 Adamus
575 2369 742 2430 amitteret
758 2369 899 2447 gratiam
916 2387 975 2448 per
991 2375 1173 2448 peccatum,

72 2467 166 2529 illam
185 2488 250 2530 non
268 2471 374 2534 solum
392 2472 463 2548 sibi,
474 2474 531 2535 sed
548 2473 648 2534 etiam
666 2471 762 2533 nobis
775 2472 959 2546 amitteret;
983 2479 1174 2551 procurator

72 2573 164 2633 enim
182 2574 251 2654 agit
268 2595 333 2636 non
351 2577 458 2638 solum
476 2577 610 2638 nomine
627 2575 767 2656 propri0,
784 2577 841 2638 sed
858 2575 958 2636 etiam
976 2574 1111 2635 nomine
1125 2583 1173 2634 to-

73 2676 141 2737 tius
158 2677 333 2754 societatis,
344 2699 445 2759 quam
463 2688 678 2760 repraesentat
691 2692 710 2740 1.
756 2680 912 2760 Jamvero
924 2679 966 2740 de
983 2675 1070 2740 sado
1081 2678 1173 2740 Ada-

109 2903 214 2974 1Quod
228 2908 267 2961 sic
286 2908 398 2977 egregie
417 2909 530 2978 exponit
544 2910 573 2962 S.
591 2909 711 2960 Thomas
724 2908 771 2975 (de
787 2909 875 2974 Malo,
888 2927 913 2979 q.
928 2928 952 2979 4,
966 2926 990 2962 a.
1009 2908 1033 2975 1)
1051 2927 1056 2961 :
1089 2909 1105 2936 ‘⁴
1116 2901 1177 2962 Ali-⁴

73 2992 138 3060 quis
152 2995 237 3049 homo
251 2996 400 3064 singularis
414 2996 560 3064 dupliciter
573 3006 665 3064 potest
680 2996 851 3049 considerari
869 3016 875 3049 :
904 3014 959 3050 uno
973 2996 1058 3050 modo
1077 3014 1175 3055 secun-

74 3080 143 3132 dum
158 3083 234 3150 quod
251 3093 293 3136 est
306 3084 437 3154 quaedam
451 3101 572 3152 persona
586 3083 742 3152 singularis,
756 3084 812 3136 alio
826 3085 911 3137 modo
925 3085 1079 3138 secundum
1099 3086 1178 3154 quod

74 3178 118 3220 est
140 3185 207 3236 pars
229 3170 345 3240 alicujus
368 3170 518 3239 collegii
540 3171 567 3223 in
589 3181 723 3240 quantum
743 3181 784 3223 est
804 3188 868 3239 pars
888 3171 1006 3239 collegii,
1028 3183 1119 3241 potest
1139 3173 1175 3225 ad

74 3271 140 3307 eum
154 3255 293 3323 pertinere
303 3256 383 3312 ailus
396 3258 511 3323 alienus,
525 3274 608 3325 quem
622 3274 671 3326 per
684 3274 714 3309 se
727 3257 818 3326 ipsum
833 3275 888 3311 non
907 3258 980 3325 facit,
998 3277 1049 3312 nec
1063 3261 1175 3328 proprio

74 3342 200 3409 arbitrio,
215 3345 265 3399 sed
283 3345 331 3414 qui
350 3345 416 3398 fita
435 3353 494 3398 toto
512 3343 639 3412 collegio,
658 3345 700 3398 vel
719 3361 735 3396 a
754 3345 879 3412 pluribus
899 3346 934 3399 de
954 3348 1081 3414 collegio,
1095 3350 1138 3400 vel
1158 3366 1175 3401 a

74 3428 202 3497 principe
217 3430 334 3499 collegii,
348 3432 419 3485 sicut
433 3431 501 3484 illud
512 3432 585 3500 quod
597 3430 729 3500 princeps
741 3431 861 3484 civitatis
874 3433 950 3497 facit,
961 3434 1062 3486 dicitur
1075 3436 1175 3495 civitas

74 3514 170 3570 iacere
247 3517 293 3571 Sic
306 3535 373 3587 ergo
387 3529 446 3572 tota
459 3517 609 3571 multitudo
618 3517 762 3571 hominum
773 3536 789 3570 a
793 3520 887 3591 primo
897 3531 1013 3587 parente
1022 3521 1176 3575 humanam

75 3612 207 3657 naturam
227 3604 431 3675 accipientium,
450 3607 530 3676 quasi
547 3623 632 3658 unum
653 3606 809 3674 collegium,
825 3608 867 3659 vel
888 3607 979 3676 potius
999 3609 1068 3662 sicut
1089 3603 1176 3663 unum

74 3706 179 3759 corpus
191 3692 273 3746 unius
285 3693 406 3747 hominis
420 3692 626 3746 consideranda
641 3703 719 3746 est
759 3694 812 3745 Est
826 3705 919 3746 autem
938 3693 1177 3750 considerandum

75 3779 152 3848 quod
161 3779 253 3848 primo
265 3780 371 3834 homini
386 3781 414 3833 in
428 3780 478 3833 sud
490 3780 665 3833 institutione
679 3779 776 3832 datum
787 3781 869 3834 fuerit
882 3782 1016 3836 divinitus
1030 3785 1173 3852 quoddam

75 3867 287 3936 supernaturale
301 3868 413 3934 donum,
426 3867 532 3921 scilicet
546 3866 688 3934 originalis
699 3867 814 3934 justitia,
829 3883 975 3939 perquam
990 3872 1060 3923 ratio
1074 3873 1176 3926 subde-

74 3954 158 4007 batur
173 3955 245 4022 Deo,
259 3963 287 4008 et
299 3955 443 4010 inferiores
464 3954 534 4008 vires
556 3953 665 4016 rationi,
681 3964 709 4007 et
729 3972 829 4024 corpus
848 3958 958 4011 animae.
1000 3961 1062 4011 Hoc
1082 3971 1177 4015 autem

75 4042 183 4095 donum
196 4059 253 4095 non
266 4042 354 4097 iuerat
368 4043 465 4096 datum
484 4043 574 4112 primo
593 4043 700 4094 homini
720 4054 749 4095 ut
769 4045 901 4113 singulari
917 4064 1044 4114 personae
1058 4060 1175 4113 tanturn,

76 4131 126 4185 sed
140 4140 171 4184 ut
184 4131 296 4184 cuidam
308 4132 445 4201 principio
464 4131 548 4184 totius
563 4132 695 4183 humanae
709 4143 824 4195 naturae,
839 4141 868 4183 ut
882 4148 918 4183 sc.
934 4131 969 4183 ab
983 4148 1016 4182 eo
1030 4147 1080 4197 per
1093 4132 1173 4199 origi-

76 4235 140 4272 nem
161 4218 333 4273 derivaretur
351 4219 379 4272 in
398 4229 533 4288 posteros.
574 4221 638 4271 Hoc
658 4230 755 4273 autem
775 4220 882 4272 donum
901 4229 1055 4288 acceptum
1070 4220 1196 4296 primus

75 4308 161 4360 homo
168 4324 223 4374 per
230 4307 348 4359 liberum
362 4306 508 4360 arbitrium
522 4326 650 4378 peccans
664 4310 763 4367 amisit
785 4330 819 4367 eo
839 4322 944 4367 tenore
956 4326 1016 4382 quo
1028 4305 1088 4362 s'hir
1100 4307 1221 4375 datum„
