2684 4620
194 167 261 219 6³0
644 170 785 222 CAPUT
803 171 856 222 1v.

195 350 357 432 siquidem
387 351 422 416 S.
454 351 696 433 Chrysostomus
722 353 825 435 (hom.
853 353 910 436 61)
940 378 946 416 :
992 355 1158 437 “Quippe
1194 374 1291 436 reges,

194 453 347 535 deposito
362 456 562 533 diademate,
579 477 709 520 crucem
722 458 907 540 suscipiunt
960 457 993 519 in
1010 458 1188 539 purpureis
1199 458 1290 520 vesti·

195 556 256 619 bus
268 579 351 621 crux
362 559 447 622 inest
462 582 468 621 ε
486 560 517 620 in
531 559 779 641 diadematibus
792 581 874 623 crux
888 584 895 623 :
912 547 1166 624 in'orationibus
1177 582 1258 623 crux

195 669 228 723 et
244 661 366 743 ubique
381 671 542 726 terrarum
566 683 645 727 crux
669 665 738 726 sole
763 665 836 746 ipso
859 664 978 726 clarius
1003 663 1147 746 refulget
1158 665 1183 727 '’.
1231 666 1289 726 Res

195 772 263 826 tam
280 765 379 846 longe
394 767 562 847 processit,
579 775 615 829 ut
626 766 750 830 Concil.
769 768 804 830 in
820 767 851 829 Τ
848 767 932 829 rullo
947 769 1156 849 prohibuerit
1173 788 1216 830 ne
1226 788 1288 830 cru·

195 867 241 929 cis
257 866 370 948 figurae
386 868 419 930 in
436 869 507 931 solo
520 889 559 931 ac
575 870 768 950 pavimento
784 878 1062 946 construerentur,
1079 892 1122 933 ne
1140 872 1287 934 inceden-

195 969 278 1032 tium
305 970 555 1034 conculcatione
585 969 732 1036 vidtoriae
759 980 924 1052 tropaeum
954 970 1075 1052 injuria
1103 970 1287 1033 afficeretur.

195 1073 245 1156 (b)
260 1075 340 1143 Rat.
356 1075 443 1139 theol.
460 1101 471 1136 .·
503 1076 590 1138 Nam
607 1085 641 1138 et
658 1075 764 1138 crucis
782 1074 945 1156 imagines
962 1084 1041 1137 sunt
1058 1075 1201 1136 Domini
1219 1077 1287 1138 Pas-

195 1178 297 1240 sionis
322 1178 534 1255 memoriale;
570 1179 741 1259 mentique
764 1187 887 1242 nostrae
904 1179 1020 1259 Ipsum
1039 1177 1213 1241 Christum
1238 1198 1288 1259 pro

196 1282 291 1344 nobis
307 1284 489 1364 patientem
514 1281 694 1359 exhibent;
718 1302 846 1364 nosque
862 1282 904 1344 ad
918 1280 989 1361 ejus
1006 1280 1208 1362 patientiam
1226 1280 1288 1342 imi-

196 1386 333 1447 tandam
351 1394 552 1466 provocant:
589 1406 672 1447 crux
692 1385 781 1447 enim
799 1393 934 1446 nonest
958 1383 1066 1446 solum
1092 1403 1151 1445 ara
1179 1384 1286 1445 immo·

196 1488 303 1564 lantis,
313 1488 370 1551 sed
386 1487 488 1551 'etiam
504 1488 655 1550 docentis
671 1487 839 1561 cathedra,
849 1486 905 1549 ubi
921 1486 1063 1549 vividius
1080 1486 1185 1573 etiarn
1198 1506 1287 1567 quam

194 1591 227 1652 in
245 1590 437 1672 Evangelio
452 1592 556 1655 crucis
573 1610 722 1653 amorem
739 1589 901 1672 praedicat
908 1611 915 1666 ;
939 1589 1032 1669 atqui
1049 1589 1126 1670 pius
1144 1598 1239 1652 estet
1252 1588 1287 1649 le·

193 1693 330 1776 gitimus
346 1694 455 1756 cultus
471 1695 527 1775 qui
544 1696 586 1756 ad
607 1694 720 1775 lpsum
738 1692 907 1756 Christum
924 1691 1086 1772 dirigitur,
1104 1712 1234 1773 nosque
1253 1691 1287 1753 ad

196 1798 317 1862 Christi
333 1799 489 1878 patientis
505 1798 646 1879 vestigia
662 1798 869 1878 sequendum
886 1794 1040 1876 adjuvat;
1063 1814 1153 1876 ergo

237 1961 306 2025 319.
356 1961 390 2026 30
407 1946 549 2028 Signum
566 1945 675 2008 crucis.
728 1944 814 2008 Usus
827 1945 919 2026 sigui
928 1943 1032 2006 crucis
1033 1945 1116 2025 pius
1126 1955 1176 2007 est
1186 1955 1217 2008 et
1229 1945 1288 2007 luu-

196 2050 321 2112 dabilis.
368 2050 457 2112 Nam
473 2048 554 2111 illud
572 2059 622 2111 est
639 2049 731 2129 pium
749 2056 782 2110 et
799 2046 966 2111 laudabile
979 2049 1069 2127 quod
1088 2047 1132 2110 ab
1149 2049 1245 2110 initio
1253 2047 1290 2109 ab

197 2151 348 2214 Ecclesia
364 2152 589 2233 approbatum
614 2159 673 2225 est,
690 2149 855 2212 miraculis
872 2148 1118 2225 confirmatum,
1133 2160 1169 2214 et
1185 2151 1229 2213 ob
1243 2151 1292 2232 pia

198 2256 322 2317 motiva
338 2263 527 2335 usurpatur;
551 2255 642 2334 atqui
659 2252 725 2314 tale
738 2260 788 2316 est
800 2253 905 2314 crucis
917 2254 1049 2334 signum
1068 2277 1074 2315 :
1103 2253 1154 2335 (a)
1166 2253 1199 2315 A
1217 2253 1291 2316 mul-

197 2361 238 2420 tis
256 2358 415 2420 Ecclesiae
433 2357 584 2419 Patribus
602 2355 825 2437 approbatum
849 2355 917 2418 suit.
963 2355 1046 2420 “Ad
1069 2377 1208 2418 omnem
1225 2377 1291 2439 pro-

197 2480 355 2542 gressum,
382 2460 429 2520 ait
450 2459 675 2522 Tertullianus
699 2459 755 2540 (de
781 2459 855 2523 Cor.
884 2460 949 2522 mil.
973 2480 998 2522 c.
1025 2461 1066 2541 3),
1093 2447 1136 2523 ad
1161 2481 1291 2524 omnem

197 2562 324 2625 aditum
342 2571 374 2624 et
391 2562 531 2638 exitum,
547 2563 589 2626 ad
606 2563 764 2625 vestitum
789 2571 823 2625 et
844 2562 1037 2638 calceatum,
1054 2564 1095 2626 ad
1115 2562 1248 2626 lavacra
1262 2573 1292 2625 et

197 2687 337 2741 mensaS,
353 2666 395 2728 ad
412 2665 547 2742 lumina,
564 2667 606 2730 ad
623 2666 754 2743 cubilia,
770 2668 812 2731 ad
836 2666 962 2743 sedilia,
978 2686 1202 2748 quaecumque
1221 2687 1292 2730 con·

196 2772 339 2834 versatio
363 2791 424 2832 nos
452 2779 596 2849 exercet,
623 2771 766 2833 frontem
794 2771 899 2834 crucis
923 2770 1096 2852 signaculo
1120 2771 1259 2834 terimus
1269 2771 1293 2834 ”.

196 2875 247 2956 (b)
265 2875 350 2936 Item
367 2871 599 2936 confirmatum
624 2874 685 2937 luit
709 2895 728 2936 a
751 2875 864 2939 multis
882 2873 1047 2937 miraculis
1063 2892 1139 2954 quae
1157 2895 1177 2936 a
1195 2875 1294 2937 Patri-

197 2976 258 3038 bus
274 2984 456 3049 narrantur,
472 2983 505 3037 et
521 2977 553 3037 in
569 2974 665 3039 Auis
681 2977 833 3058 genuinis
850 2979 1037 3059 Martyrum
1054 2987 1088 3040 et
1099 2977 1296 3042 Sannorum

197 3079 358 3160 leguntur.
404 3077 452 3158 (c)
468 3079 622 3140 Tandem
639 3079 816 3143 adhibetur
842 3082 884 3145 ad
909 3082 964 3162 pia
988 3081 1123 3156 motiva,
1139 3082 1294 3146 videlicet

197 3193 233 3246 ut
250 3182 372 3246 Christi
389 3182 552 3262 passionis
569 3184 730 3245 memoria
746 3194 901 3260 servetur,
917 3184 1115 3266 publiceque
1131 3195 1293 3267 appareat

196 3295 341 3349 nostram
358 3284 513 3346 fiduciam
530 3284 562 3346 in
581 3284 714 3348 Christo
730 3288 874 3368 positam
892 3286 1000 3365 fuisse,
1018 3307 1145 3368 nosque
1170 3289 1203 3351 in
1227 3288 1296 3373 ejus

198 3390 302 3453 Cruce
318 3386 461 3469 gloriari.

239 3544 310 3607 320,
357 3540 393 3605 40
410 3528 545 3589 Natura
567 3527 670 3590 cultris
690 3529 832 3611 κ’·ηκαὲίκὶ
850 3529 952 3592 crucis
971 3527 1094 3593 debitia:
1144 3529 1205 3613 (A)
1219 3532 1294 3596 Cer·

197 3642 268 3693 tum
281 3640 331 3692 est
346 3638 379 3692 et
396 3631 437 3692 ab
454 3632 610 3693 omnibus
627 3632 811 3694 admissum
828 3632 933 3695 crucis
948 3632 1075 3694 cultum
1097 3653 1171 3695 esse
1188 3634 1296 3696 relati-

197 3754 283 3808 vuur,
306 3753 371 3793 non
400 3742 511 3793 autem
535 3732 735 3805 absolutum
781 3755 864 3796 crux
899 3735 1000 3809 enim,
1026 3735 1111 3797 sicut
1135 3738 1295 3816 quaelibet

198 3837 317 3916 imagu,
329 3845 379 3897 est
396 3855 445 3895 res
463 3835 610 3897 inanima
626 3846 658 3898 et
675 3837 881 3912 irrationalis
894 3858 955 3900 nec
971 3847 1108 3918 propter
1124 3841 1292 3922 propriam

197 3938 440 4012 excellentiam,
474 3939 532 4000 sed
568 3950 704 4020 propter
740 3939 981 4027 Christumsin
1017 3960 1114 4004 cruce
1151 3942 1291 4006 affixum

197 4050 379 4103 veneratur.

239 4148 300 4229 (B)
318 4148 500 4229 Disputant
517 4160 628 4212 autem
646 4150 793 4233 theologi
811 4160 920 4215 utrum
937 4151 991 4214 ille
1007 4151 1115 4214 cultus
1138 4155 1293 4217 relativus

187 4254 233 4318 sit
249 4252 361 4319 cultus
384 4253 505 4331 latrice,
521 4265 581 4320 aut
599 4253 706 4319 cultus
729 4254 865 4334 inferior
886 4274 956 4315 seu·
967 4255 1072 4314 dulia
1115 4256 1164 4332 lai
1197 4259 1298 4336 Juxta
