2684 4634
194 170 265 220 444
658 164 797 216 CAPUT
814 162 838 211 1.

192 349 256 409 turn
271 349 300 406 in
315 348 390 405 libro
403 357 507 404 contra
519 347 669 410 Praxeam,
682 345 833 402 Christum
846 360 910 401 esse
924 343 981 400 Dei
995 343 1122 413 Filium,
1135 352 1165 400 et
1173 339 1286 399 Verbum
1327 342 1331 377 '-

194 457 246 511 per
258 437 341 509 quod
355 435 456 492 omnia
467 433 544 490 facta
557 443 626 490 sunt
639 451 700 489 non
714 433 809 489 solum
824 431 935 500 asserit,
944 430 1000 487 sed
1013 431 1139 488 disertis
1152 447 1288 502 argumen·
1328 462 1331 466 Α

193 526 230 583 tis
245 525 436 582 demonstrat.
478 520 526 576 Sic
545 520 624 577 enim
643 530 745 576 contra
764 519 904 575 Praxeam
922 518 1020 589 arguit
1033 520 1072 586 (c.
1092 519 1158 590 r7):
1176 517 1240 573 “Et
1256 535 1289 572 nn

194 611 274 667 rninn
295 608 406 678 Patris,
431 609 521 674 Deus,
541 604 750 675 Omnipotens,
771 604 948 672 Altissimus,
971 603 1132 661 Dominus
1154 603 1288 673 virtutum,

195 701 259 756 Rex
274 697 398 765 Israelis,
413 695 472 768 Qui
487 704 539 762 est,
553 704 700 764 quatenus
720 693 760 750 ita
779 693 937 766 Scripturae
956 692 1074 763 dicunt,
1092 693 1162 750 haee
1181 692 1291 749 dicimus

194 797 223 844 et
240 787 270 842 in
286 784 396 841 Fr'lr'nrn
413 781 571 853 correpetr'sse
589 790 617 837 et
638 781 667 836 in
685 780 731 837 his
750 781 856 837 Filium
876 781 1001 850 venisse,
1024 791 1054 838 et
1075 781 1107 837 in
1127 780 1175 837 his
1192 798 1292 852 semper

194 875 297 945 egisse,
320 871 413 929 etsie
436 888 471 927 ea
494 869 522 924 in
546 886 577 925 se
599 866 771 924 hominibus
798 868 1009 926 manifestasse.
1056 868 1182 936 Omnia,
1201 868 1289 939 inquit,

196 961 289 1018 Patris
304 978 369 1017 mea
383 968 459 1015 sunt.
500 957 562 1015 Cur
575 974 635 1012 non
650 965 679 1012 et
693 956 814 1013 nomina
823 956 856 1012 ”i
869 956 934 1013 Nec
946 956 1032 1013 aliter
1044 956 1079 1014 S.
1096 957 1291 1029 Hrppolytnst·

198 1050 216 1076 “
228 1049 357 1105 Necesse
371 1055 414 1103 est
428 1054 468 1112 ut,
478 1043 613 1114 quamvis
628 1043 708 1111 nolit,
726 1042 902 1099 confiteatur
916 1043 1016 1099 Deum
1031 1042 1156 1100 Patrem
1171 1043 1290 1114 omnipo·

194 1145 305 1193 tentem
319 1153 327 1204 3
343 1133 438 1188 Denrn
445 1130 561 1202 sallum
575 1128 724 1194 lierrn'nem,
737 1129 784 1184 cui
798 1129 896 1185 omnia
910 1129 996 1186 Pater
1008 1127 1145 1200 subjecit
1158 1140 1260 1202 praeter
1268 1148 1289 1186 se

195 1234 224 1280 et
238 1221 378 1294 Spiritum
392 1220 429 1288 S,
438 1229 467 1276 et
481 1219 536 1273 hos
549 1234 613 1274 esse
626 1234 693 1274 vere
708 1226 764 1274 tres
775 1216 800 1273 ’'.
842 1217 877 1273 In
890 1216 1025 1273 Ecclesia
1038 1217 1151 1276 Graeca
1161 1218 1289 1276 habemus
1331 1282 1333 1286 ¹

194 1308 397 1369 testimonium
423 1305 574 1364 Clementis
593 1304 679 1360 Alex.
703 1305 753 1376 qui
778 1299 859 1362 ait²:
888 1304 1070 1362 “Dominus
1093 1307 1288 1378 specietenus

195 1396 362 1468 despedhrs,
384 1393 480 1465 reipsa
498 1392 637 1448 adoratus
655 1398 702 1460 est,
716 1391 858 1462 expiator,
877 1401 1015 1461 servator,
1032 1404 1221 1463 mansuetus,
1231 1393 1288 1452 drif-

195 1503 264 1540 nune
285 1482 412 1552 Verbum,
429 1481 511 1537 Dens
528 1497 628 1536 revera
645 1478 910 1547 manifestissimus
923 1478 1058 1536 omnium
1078 1481 1216 1538 Domino
1226 1481 1288 1538 ada-

195 1581 313 1644 quatus,
328 1569 397 1641 quia
416 1578 476 1625 erat
493 1567 553 1638 ejus
570 1566 673 1635 Elius,
690 1575 720 1622 et
732 1565 866 1622 Verbum
885 1567 992 1623 eratin
1009 1584 1047 1624 eo
1055 1567 1082 1624 ''.
1125 1568 1193 1626 Nec
1206 1570 1289 1626 minus

195 1657 332 1731 explicite
351 1655 487 1714 eamdem
507 1653 673 1711 doctrinam
697 1652 833 1723 Origenes
851 1653 962 1722 docuit,
975 1655 1141 1724 praesertim
1162 1656 1194 1712 in
1212 1672 1288 1727 opere

196 1756 298 1804 contra
312 1744 443 1812 Celsum,
456 1741 508 1799 ubi
522 1741 609 1811 hujus
623 1739 794 1812 philosophi
808 1739 996 1798 difficultates
1009 1742 1131 1814 egregie
1143 1743 1240 1811 solvit,
1250 1743 1288 1800 de·

195 1830 390 1891 monstrando
404 1829 556 1888 Christum
570 1844 633 1884 esse
645 1826 752 1882 Filium
765 1826 822 1884 Dei
833 1827 995 1898 proprium,
1008 1827 1143 1886 Verbum
1159 1840 1287 1888 aeternum

196 1940 230 1979 ex
248 1919 352 1977 eadem
372 1918 476 1974 natura
490 1914 632 1986 genitum,
649 1913 679 1969 in
694 1923 777 1970 utero
791 1913 922 1985 Virginis
940 1914 1127 1973 incarnatum
1135 1914 1155 1972 ³.
1193 1915 1289 1990 Quoad

197 2018 320 2066 caeteros
335 2006 444 2074 Patres,
460 2002 529 2060 vide
542 2001 678 2058 auctores
691 2001 798 2057 citatos
808 2002 826 2056 ⁴.

231 2130 270 2186 71.
309 2114 357 2184 (C)
381 2113 436 2168 Ex
461 2109 540 2166 mode
564 2107 670 2180 agendi
692 2109 832 2165 Ecclesiae.
879 2110 963 2168 Inter
986 2111 1136 2183 primaevae
1160 2113 1292 2172 Ecclesia

198 2206 307 2273 hostes,
331 2203 371 2273 (a)
389 2200 445 2271 alii,
467 2210 499 2257 ut
516 2197 669 2266 Ebionirce,
696 2197 883 2256 cerinthiani
899 2208 963 2270 etc,
983 2199 1172 2258 divinitatem
1195 2201 1292 2262 Christi

197 2299 358 2362 negarunt:
378 2303 465 2359 porro
480 2284 614 2342 Ecclesia
633 2302 685 2342 eos
702 2284 799 2341 statim
817 2285 1009 2358 impugnavit,
1027 2305 1196 2361 eorumque
1214 2290 1293 2348 haere·

197 2379 252 2435 sirn
265 2375 369 2433 habuit
384 2384 415 2430 ut
431 2372 639 2443 “apostasiam
659 2389 718 2442 qua
738 2382 862 2442 negatur
878 2373 960 2430 Deus
971 2373 994 2444 '’,
1010 2384 1039 2431 et
1058 2376 1184 2433 eosdem
1201 2377 1272 2434 conf
1287 2410 1295 2418 ·

198 2465 268 2523 tavit
281 2461 481 2536 appellatione
500 2459 538 2517 ad
557 2459 729 2516 unanimem
748 2477 928 2517 consensum
943 2462 1093 2527 Ecclesiae,
1109 2463 1148 2520 ad
1162 2464 1296 2535 praedica-

161 2581 165 2589 ·
198 2555 311 2610 tionem
331 2549 534 2621 apostolicam,
547 2546 585 2604 ad
606 2564 702 2602 sacras
721 2546 894 2618 Scripturas
909 2557 941 2605 ut
956 2548 1056 2607 videre
1075 2560 1120 2607 est
1139 2570 1165 2607 v.
1179 2570 1209 2623 g.
1225 2555 1297 2625 apud

199 2642 226 2699 S.
246 2636 410 2696 Irenaeum⁵
421 2657 429 2708 3
449 2637 489 2705 (b)
509 2635 557 2691 alii
579 2652 595 2690 e
615 2643 726 2701 contra,
745 2634 857 2691 scilicet
874 2636 990 2707 pagani,
1009 2638 1172 2708 praesertim
1197 2641 1295 2705 Celsus,

200 2727 384 2787 Christianos
395 2722 598 2794 improbarunt
607 2739 643 2777 eo
654 2720 735 2791 quod
746 2721 903 2779 adorarent
914 2722 1065 2781 hominem
1079 2727 1263 2799 crucifixum,
1273 2738 1299 2786 et

200 2815 342 2872 docerent
357 2812 454 2867 Deum
470 2807 623 2865 horninenr
637 2808 747 2863 facturn
763 2808 868 2877 fuisse;
888 2809 970 2880 quod
988 2810 1128 2869 absolute
1146 2826 1296 2887 repugnat,

149 2941 154 2951 -
199 2903 326 2970 aiebant,
352 2917 419 2956 narn
449 2898 530 2954 Deus
556 2914 616 2953 non
642 2905 740 2966 potest
766 2896 826 2967 pati
853 2906 884 2954 ut
908 2896 1010 2966 homo,
1035 2898 1109 2955 mori
1133 2910 1164 2957 ut
1187 2901 1297 2959 homo⁶.
1334 2886 1336 2893 ¹

201 2992 291 3046 Porro
302 2985 461 3046 Christiani
473 2984 651 3052 defensores,
661 2983 773 3041 scilicet
784 2985 813 3041 S.
818 2984 967 3058 Justr'nus,
978 2985 1192 3058 Athenagoras,
1207 2990 1298 3061 Orige-

201 3098 254 3147 nes,
266 3077 384 3146 aliique,
398 3074 509 3132 nedum
523 3072 604 3129 illam
617 3073 838 3130 accusationem
853 3072 1004 3130 Christum
1018 3074 1135 3132 colendi
1150 3087 1182 3134 ut
1195 3079 1299 3135 calum·

201 3166 279 3222 niam
294 3163 457 3233 rejicerent,
473 3160 554 3218 omni
574 3169 683 3215 conatu
705 3158 831 3230 probare
847 3160 901 3215 nisi
921 3170 990 3217 sunt
1008 3161 1098 3218 talem
1112 3164 1227 3222 cultum
1241 3184 1299 3222 esse

200 3251 373 3323 legitimum,
390 3249 502 3320 quippe
522 3265 614 3318 quum
631 3245 766 3304 Christus
786 3247 876 3304 Filius
894 3247 950 3305 Dei
963 3249 1007 3320 sit,
1024 3266 1060 3306 ac
1077 3251 1206 3321 proinde
1219 3253 1299 3310 simul

236 3426 243 3448 ¹
257 3413 333 3465 Cant.
348 3412 479 3471 Nectum,
495 3409 519 3460 6.
533 3439 564 3445 —
578 3404 802 3474 2Ρνοίνεῄίιῒοη,
816 3424 839 3461 c.
857 3424 896 3462 10.
909 3437 941 3446 —-
954 3403 965 3435 ³
976 3411 1082 3464 Contra
1097 3412 1177 3481 Cels,
1192 3415 1238 3468 lib.
1255 3417 1297 3481 ll',

203 3514 271 3570 5-15.

234 3587 243 3614 ⁴
258 3585 301 3638 Ad
316 3584 465 3637 solvendas
480 3581 656 3634 difficultates
677 3598 710 3634 ex
729 3581 798 3634 locis
818 3583 944 3635 obscuris
966 3584 1081 3637 Patrum
1093 3585 1262 3658 desumptis,
1277 3589 1300 3640 in

201 3672 366 3727 memoriam
380 3685 480 3725 revoca
494 3669 631 3738 principia
644 3686 706 3737 quae
720 3669 887 3722 tradidimus
902 3668 929 3722 in
948 3671 995 3722 Tr.
1011 3671 1045 3723 de
1057 3673 1118 3725 Deo
1136 3675 1227 3728 Trina
1239 3675 1300 3745 (54);

201 3762 247 3814 cfr.
264 3760 409 3825 Strrrtrup,
423 3758 462 3810 th.
480 3772 504 3825 5,
521 3773 546 3825 p.
561 3759 680 3824 97-148;
699 3758 819 3822 Lr'dden,
833 3775 878 3827 op.
895 3757 980 3827 cit.'p.
998 3760 1051 3828 426
1064 3776 1106 3830 sq.

236 3846 335 3898 “Aefv.
353 3846 464 3907 Heres,
479 3844 524 3896 lib.
543 3844 576 3895 V.

236 3933 299 3986 llta
315 3932 410 3983 Celsus
423 3930 509 3998 (apud
525 3930 601 3997 Orig.
614 3946 635 3982 c.
650 3931 722 3983 Cels.
737 3931 754 3984 l.
771 3931 819 3997 lV,
832 3948 858 3983 n.
876 3930 919 3996 14)
932 3950 938 3984 ε
959 3932 976 3958 ‘⁸
990 3933 1069 3985 Deus
1082 3944 1126 3988 est
1140 3935 1304 4006 bonus,pul·

202 4022 277 4086 cher,
293 4018 358 4071 felix
378 4028 404 4071 et
425 4017 452 4068 in
473 4016 659 4085 pulcherrimi
679 4017 841 4086 optimaque
860 4018 958 4071 forma.
987 4018 1026 4072 'Si
1040 4037 1107 4075 vero
1125 4023 1164 4076 ad
1181 4025 1304 4078 homines

202 4105 359 4168 descendit,
373 4114 482 4172 oportet
502 4114 531 4156 ut
551 4114 680 4156 mutetur.
720 4105 876 4157 hlutabitur
892 4116 987 4159 autem
1000 4123 1016 4160 e
1030 4108 1106 4161 bono
1120 4108 1150 4162 in
1164 4113 1277 4179 malurn,
1292 4128 1305 4163 e

195 4194 316 4268 pulchro
331 4192 358 4246 in
373 4191 540 4260 deformem,
556 4189 666 4245 efelice
678 4193 707 4244 in
720 4190 871 4258 infelicem,
882 4210 915 4246 ex
928 4194 1036 4262 optimo
1050 4195 1077 4248 in
1092 4199 1303 4267 nequissimum.

193 4284 266 4357 Quis
282 4284 369 4340 talem
385 4282 476 4356 eligat
490 4279 760 4336 immutationemll
