2684 4620
118 162 183 212 ³86
561 158 700 210 CAPUT
718 157 778 206 111.

117 335 225 415 pueris
242 335 374 410 existat,
386 335 443 415 qui
454 336 575 398 nullius
588 333 682 398 attus
699 344 777 398 sunt
788 354 944 416 capaces;
968 342 1019 396 est
1033 333 1134 414 igitur
1144 353 1206 414 pec-

118 449 228 500 catum
245 437 423 514 habituale,
439 459 496 501 seu
520 448 627 504 status
643 441 780 521 quidam
805 438 1067 520 peccaminosus,
1083 457 1149 517 quo
1171 457 1207 497 re·

120 561 292 603 manemus
309 543 412 604 aversi
436 563 456 604 a
472 542 556 618 Deo,
573 554 609 606 ut
626 543 691 606 fine
707 541 958 625 supernaturali.
1005 540 1065 622 (C)
1084 541 1209 622 Insuper

119 645 173 706 ille
189 655 295 708 status
312 666 377 706 non
395 655 445 707 est
461 647 540 726 quid
559 649 749 729 positivum,
766 666 832 708 non
857 655 907 708 est
930 645 1066 707 habitus
1083 645 1210 726 positive

120 749 281 811 inclinans
298 750 444 811 animam
462 759 610 812 nostram
635 753 666 812 in
693 752 827 825 malum,
843 751 901 812 sed
926 759 976 811 est
994 748 1077 829 quid
1095 748 1211 829 negati-

120 876 207 930 vum,
224 864 258 917 et
277 863 389 936 potest
411 854 539 917 deliniri
559 881 565 918 :
592 856 739 937 privatio
756 853 877 936 gratae
897 853 1146 934 sanctificantis,
1160 873 1213 932 qna

120 959 331 1020 avertirnura
347 958 414 1020 Deo
430 967 468 1019 ut
472 958 545 1039 fine
559 959 811 1040 supernaturali,
820 967 851 1018 et
864 977 935 1037 quae
949 966 996 1018 est
1010 956 1103 1018 nobis
1118 955 1214 1035 aliquo

122 1063 213 1124 ruodo
227 1061 414 1123 voluntaria
425 1082 464 1123 en
477 1063 588 1125 nostrai
603 1085 675 1125 curn
685 1064 816 1126 Adana
825 1060 1014 1123 connexione
1025 1073 1045 1122 1.
1071 1060 1215 1121 Dicitur:

122 1165 172 1245 (a)
181 1164 329 1245 privatio
337 1162 461 1244 gratiae
475 1163 722 1239 santlilicantis,
741 1168 757 1228 i.
774 1187 800 1228 e.
819 1185 885 1227 non
903 1164 1050 1246 simplex
1067 1161 1217 1237 deledtus,

124 1290 189 1330 non
214 1266 598 1350 simplex‘imperlettio,
622 1271 678 1332 sed
703 1269 848 1332 carentia
883 1268 1022 1348 alicujus
1055 1267 1218 1350 qualitatis

124 1393 207 1453 quae,
233 1372 415 1434 secundum
441 1373 505 1433 Dei
529 1374 785 1448 ordinationem,
809 1372 905 1435 nobis
929 1372 1050 1452 inesse
1074 1371 1219 1444 deberet,

124 1477 287 1556 siquidem
298 1477 340 1536 de
353 1473 441 1538 iacto
453 1475 554 1538 homo
567 1476 753 1538 destinatur
765 1477 806 1538 ad
820 1475 920 1538 finem
931 1473 1220 1556 supernaturalem,
1265 1456 1267 1463 ’

125 1599 163 1640 ac
187 1578 325 1660 proinde
349 1578 391 1639 ad
419 1579 560 1657 gratiam
588 1577 867 1655 santiificantem;
897 1578 1048 1659 jamvero
1077 1578 1110 1638 in
1139 1584 1221 1638 statu

125 1683 280 1765 praesenti
294 1683 364 1743 sine
381 1682 487 1761 gratia
505 1683 658 1757 nascitur,
671 1692 704 1743 et
721 1682 776 1744 illa
789 1682 904 1762 gratiae
920 1681 1068 1742 carentia
1084 1688 1137 1741 est
1153 1697 1223 1740 vera

126 1788 275 1869 privatio,
290 1777 376 1847 sicut
392 1794 480 1847 esset
496 1808 523 1848 v.
539 1807 569 1866 g.
587 1787 738 1848 absentia
748 1787 844 1848 unius
856 1783 942 1846 oculi
960 1805 1019 1865 pro
1037 1803 1183 1865 corpore.

127 1890 177 1972 (b)
199 1910 264 1970 qua
287 1890 529 1951 avertimur
555 1888 611 1950 illa
631 1890 773 1970 privatio
796 1908 857 1949 nos
882 1886 1057 1949 constituit
1081 1887 1114 1947 in
1140 1894 1224 1947 statu

127 1992 307 2055 aversionis
331 2012 350 2052 a
375 1992 458 2068 De0‚
483 2001 519 2053 ut
547 1989 611 2053 fine
638 1991 894 2072 supernaturali;
927 1991 1097 2070 siquidem
1122 1990 1226 2071 gratiis

127 2094 365 2170 sanetificante,
390 2100 495 2176 etque
520 2094 598 2170 sola,
615 2097 656 2157 ad
683 2096 792 2157 Deum
817 2087 1050 2164 convertimur,
1068 2102 1105 2155 ut
1130 2093 1226 2154 finem

128 2198 429 2282 supernaturalem;
462 2218 500 2259 ac
525 2199 664 2278 proinde
688 2200 744 2280 qui
761 2200 832 2260 sine
857 2199 964 2279 gratia
989 2199 1147 2274 nascitur,
1163 2218 1227 2259 non

129 2302 332 2364 convertitur
348 2300 389 2362 ad
408 2301 528 2375 Deum,
545 2303 603 2364 sed
620 2323 637 2364 e
654 2311 769 2365 contra
785 2302 1001 2365 habitualiter
1017 2301 1060 2364 ab
1076 2323 1118 2364 eo
1140 2324 1227 2365 aver-

130 2407 210 2468 titur
226 2405 258 2465 in
275 2403 391 2465 ordine
408 2405 659 2484 supernaturali.

129 2510 177 2591 (c)
198 2529 272 2590 quae
295 2518 345 2569 est
369 2508 465 2570 nobis
487 2509 676 2571 voluntaria
691 2559 697 2572 .
711 2560 737 2572 ..
766 2530 843 2572 nam
868 2509 924 2571 illa
948 2492 1092 2590 privatio
1114 2512 1229 2594 gratiae

131 2633 196 2674 non
214 2619 324 2692 potest
340 2631 411 2672 esse
428 2620 600 2692 peccatum
613 2613 674 2674 nisi
691 2614 733 2676 sit
744 2613 943 2690 voluntaria;
968 2632 1034 2675 non
1051 2623 1103 2676 est
1119 2624 1230 2677 autem

130 2716 317 2778 voluntaria
333 2735 376 2776 ex
394 2713 469 2782 adiu
487 2715 629 2796 propriae
644 2707 834 2789 voluntatis,
845 2733 920 2775 cum
938 2713 1125 2776 incurratur
1141 2714 1231 2776 ante-

131 2835 231 2897 quam
249 2813 349 2876 libere
362 2834 459 2894 agere
476 2814 650 2895 possimus,
664 2814 721 2876 sed
735 2835 779 2875 ex
796 2812 871 2878 actu
889 2816 1125 2896 peccaminoso
1138 2816 1233 2892 Adae,

131 2921 187 3000 qui
204 2926 320 2998 utpote
336 2926 435 2997 caput
452 2916 577 2978 morale
601 2919 702 2979 totius
719 2921 849 2998 generis
873 2920 1020 2998 humani,
1038 2921 1142 2984 libere
1159 2943 1233 3002 pec-

132 3023 218 3083 cavit
230 3030 263 3082 et
280 3020 390 3080 amisit
405 3019 470 3081 sibi
484 3030 517 3081 et
533 3019 622 3081 nobis
638 3020 729 3082 illam
746 3023 897 3102 gratiam.

177 3163 243 3229 190.
279 3134 324 3206 ¹20
339 3145 511 3208 Probatur.
558 3145 617 3226 (A)
635 3149 812 3209 Peccatum
829 3149 990 3229 originale
1012 3127 1236 3214 essentialiter

133 3250 284 3313 consistit
300 3249 340 3312 in
357 3249 545 3328 privatione
555 3251 683 3330 gratiae,
700 3271 757 3312 seu
782 3253 814 3312 in
839 3251 1001 3314 habituali
1022 3252 1194 3318 aversione
1217 3279 1236 3317 a

133 3356 210 3428 Deo,
222 3353 293 3434 fine
306 3354 556 3431 supernaturali.
605 3353 739 3414 Etenim
758 3353 807 3435 (a)
832 3374 876 3416 ex
895 3353 1069 3430 Scriptura
1085 3377 1146 3438 per
1162 3379 1236 3440 pec-

133 3466 243 3520 catum
255 3455 414 3537 originale
427 3457 661 3518 constituimur
674 3466 792 3518 natura
796 3456 871 3538 filii
881 3458 940 3519 irae
952 3466 986 3519 et
999 3457 1132 3521 inimici
1136 3460 1236 3533 Dei2,·

135 3581 231 3642 porro
255 3559 343 3640 quod
369 3559 477 3621 reddit
501 3579 561 3620 nos
587 3559 661 3621 Deo
685 3559 825 3621 odibiles
849 3569 900 3622 est
924 3561 1062 3642 praecise
1094 3564 1238 3644 privatio

134 3661 383 3739 sanctificantia
408 3683 483 3725 narn
501 3663 609 3744 gratia
622 3673 672 3727 est
684 3673 791 3725 status
804 3664 959 3727 amicitiae
976 3667 1238 3746 supernaturalis

169 3850 258 3917 1Quae
277 3846 402 3901 definitio
421 3847 458 3899 ad
477 3847 563 3901 fidem
583 3864 639 3900 non
659 3846 776 3916 spettat,
791 3846 856 3915 quia
870 3846 1000 3900 Ecclesia
1014 3847 1164 3918 hucusque
1184 3865 1240 3902 uon

136 3935 260 3990 definivit
279 3936 307 3987 in
327 3951 382 4003 quo
408 3933 543 3988 consistat
562 3935 687 3988 essentia
706 3933 850 4001 originalis
868 3935 993 4002 peccati;
1025 3933 1236 4003 seddotlrina,

135 4041 220 4092 quarn
233 4021 405 4089 exponimus
419 4021 519 4074 eadem
532 4031 575 4074 est
589 4037 666 4074 acea
680 4037 743 4088 quae
753 4019 882 4072 Patribus
899 4020 1042 4074 Vaticanis
1054 4021 1239 4075 inschemate

135 4109 278 4178 proposita
290 4109 349 4175 fuit,
363 4118 390 4161 et
409 4107 608 4176 explicationes
628 4117 732 4160 nostrae
751 4106 934 4160 desumuntur
952 4121 986 4158 ex
1000 4104 1238 4159 Annotationibus

129 4197 336 4265 theologorum,
354 4206 383 4250 ut
398 4195 493 4250 videre
507 4204 550 4249 est
563 4210 607 4264 ap.
622 4193 695 4248 Aila
709 4194 739 4248 C.
757 4194 855 4260 Vatia,
868 4208 913 4261 pp.
930 4202 988 4262 517,
1007 4203 1066 4262 549.

155 4286 281 4356 ²Ephes.
301 4288 343 4356 ll,
357 4305 387 4360 35
408 4289 494 4343 Rom.
509 4288 546 4357 V,
563 4303 605 4340 10.
