2684 4634
204 164 250 215 ⁴0
486 157 489 161 ⁴
661 162 800 212 cnPu'r
818 162 842 210 1.

1188 271 1292 287 ,σι-..ι

203 361 274 405 rum
293 341 421 404 ratione
438 342 498 403 rite
515 341 650 402 exculta
668 341 864 422 acquisitam
880 364 887 402 ε
901 340 954 400 ¹ex
966 358 1032 419 quo
1043 337 1192 419 sequitur
1201 335 1296 399 fidem

203 464 297 526 aequc
314 463 352 506 ac
369 444 542 506 scientiam
566 444 735 505 evidentia
759 443 906 520 sundari3
931 440 982 521 (b)
1002 439 1230 513 Gantlzeriam}
1245 439 1297 519 qui

203 546 337 609 nomine
355 544 429 608 fidei
448 546 638 626 intelligunt
653 565 788 607 omnem
805 545 1030 626 cognitionem
1048 545 1090 606 de
1106 542 1205 605 rebus
1221 543 1298 605 divi·

202 649 261 722 nia,
278 649 378 711 etiam
396 650 623 729 cognitionem
647 670 756 711 causae
780 670 823 711 ex
848 645 977 723 effestu,
993 667 1051 709 seu
1076 647 1302 735 cognitionem,

201 747 413 814 dedudtivam
431 772 530 832 quarn
548 751 590 813 de
608 751 682 813 Deo
698 751 861 814 habemus
877 771 935 831 per
952 759 1176 812 creaturarum
1194 748 1298 830 inspe-

201 850 361 931 Etionem3
384 875 459 935 quae
476 854 611 935 quidem
628 854 794 916 sententia
810 853 926 915 eadem
945 852 1010 914 sere
1026 861 1076 914 est
1088 872 1126 913 ac
1142 852 1299 914 Rationa-

200 954 360 1019 listarum.
409 956 500 1018 Inter
516 957 672 1036 antiquos
689 955 873 1036 theologos
889 955 945 1017 alii
969 964 1180 1016 asseruerunt
1205 955 1299 1016 moti·

200 1078 277 1121 vurn
297 1058 372 1121 fidei
390 1078 461 1121 esse
478 1079 670 1139 supremum
688 1059 750 1121 Dei
768 1058 962 1128 dominium.
974 1057 1028 1119 alii
1045 1058 1204 1119 dixerunt
1221 1057 1297 1119 illud

199 1181 271 1225 esse
289 1162 396 1242 ipsum
414 1160 489 1223 fidei
513 1162 674 1236 habitum,
691 1162 746 1223 alii
770 1164 904 1225 tandem
928 1161 1150 1223 communiter
1172 1161 1205 1221 id
1231 1180 1299 1221 esse

201 1264 263 1327 Dei
281 1262 521 1329 audioritatem.
570 1265 681 1327 Hodie
698 1286 784 1340 vem,
801 1274 876 1347 post
893 1264 928 1328 C.
955 1264 1155 1338 Vaticanum,
1172 1263 1216 1326 ab
1232 1283 1298 1325 om-

199 1366 296 1429 nibus
313 1368 501 1429 admittitur
518 1368 681 1430 motivum
698 1367 773 1430 fidei
791 1387 863 1429 esse
879 1367 1103 1430 aallaritatem
1125 1366 1192 1429 Dei
1216 1387 1298 1428 reve-

198 1470 306 1545 lantia,
323 1470 340 1533 i.
358 1489 383 1533 e.
400 1469 471 1550 ejus
488 1470 755 1550 infallibilitatem
772 1471 806 1532 ia
822 1470 1027 1551 cognoscenda
1043 1479 1077 1532 et
1093 1469 1297 1532 veracitatem

198 1573 233 1636 ia
249 1572 400 1636 iliande:
425 1577 440 1605 “
453 1573 614 1635 Revelata
630 1594 706 1635 vere
722 1593 793 1634 esse
811 1574 977 1635 credimus
1002 1591 1068 1634 non
1092 1581 1231 1653 propter
1253 1573 1299 1635 in-

197 1676 375 1739 trinsecam
393 1695 501 1738 rerum
519 1677 692 1737 veritatem
710 1675 851 1737 naturali
869 1677 1007 1738 rationis
1023 1675 1149 1738 lumine
1166 1696 1298 1757 perspe-

197 1775 295 1849 ltam,
309 1776 367 1840 sed
384 1787 520 1860 propter
532 1775 764 1840 auctoritatem
779 1777 881 1858 ipsius
893 1778 957 1840 Dei
969 1776 1157 1854 revelantis
1169 1779 1227 1858 qui
1241 1799 1298 1840 nec

199 1882 275 1957 salli,
299 1902 360 1945 nec
384 1881 498 1945 fallere
521 1882 659 1963 potest.'’
705 1882 841 1962 (Sinara,
865 1902 895 1947 n.
924 1882 963 1962 1).
1009 1881 1094 1962 Quae
1118 1882 1299 1946 declaratio

198 1984 346 2067 percellit
364 1993 434 2047 tum
453 1985 677 2048 rationalistas
694 1994 766 2047 tum
783 1984 1108 2047 semi-rationalistas
1124 2004 1182 2046 seu
1208 1984 1297 2048 Gun-

197 2087 383 2159 therianos;
411 2107 454 2151 ex
478 2087 541 2148 hac
564 2087 653 2149 enim
678 2086 765 2148 clare
788 2086 954 2169 colligitur
978 2087 1141 2149 motivum
1165 2097 1300 2169 propter

197 2192 285 2273 quod
304 2190 481 2265 credimus,
498 2209 563 2251 non
581 2209 653 2251 esse
671 2190 883 2252 intrinsecam
901 2210 1009 2252 rerum
1023 2189 1237 2266 evidentiam,
1248 2190 1298 2253 vel

196 2302 430 2374 argumentum
448 2310 537 2353 mere
553 2292 712 2365 naturale,
728 2292 780 2354 vel
796 2293 980 2355 humanum
993 2276 1231 2369 testimonium,
1241 2293 1298 2356 sed

195 2395 419 2459 <ieiuniorem
443 2394 545 2475 ipsias
568 2395 640 2463 Dei,
664 2396 720 2476 qui
744 2396 813 2457 sive
836 2404 977 2458 externe
992 2396 1061 2457 sive
1077 2396 1216 2471 interne,
1232 2397 1300 2460 sive

197 2499 342 2562 mediate
357 2498 426 2560 sire
443 2497 637 2560 immediate
660 2499 756 2560 nobis
780 2499 904 2561 revelat
926 2500 1084 2561 veritates
1107 2499 1299 2563 credendas.

199 2601 365 2663 :lsseusus
381 2610 493 2662 autem
512 2599 706 2662 veritatibus
723 2621 742 2662 a
760 2601 835 2663 Deo
851 2600 1004 2663 revelatis
1021 2601 1141 2664 merito
1163 2583 1295 2666 vocatur

194 2704 282 2775 tiras.
297 2704 376 2785 quia
391 2703 447 2785 qui
465 2703 569 2765 credit
587 2723 652 2765 non
671 2702 761 2766 ridet
783 2704 996 2767 intrinsecam
1019 2705 1064 2766 rei
1086 2705 1291 2768 evidentiam

195 2807 372 2889 santaricus
387 2807 510 2869 diviua*
526 2807 708 2873 voracitati.
724 2807 797 2888 ejus
812 2809 1008 2870 testimonio
1022 2808 1214 2888 acquiescit.

234 2950 283 3017 95
328 2940 352 2997 1.
371 2940 464 2997 laesa
472 2964 484 2997 .·
507 2938 686 3002 Motirum
697 2939 789 3015 fidei,
800 2940 930 3004 saltem
943 2940 1102 3019 partiale,
1112 2946 1171 3005 est
1179 2947 1301 3008 aucto·

194 3036 284 3099 ritas
301 3034 375 3105 Dei.
389 3034 409 3098 i.
423 3052 453 3098 e.
464 3034 694 3100 infallibilitas
705 3037 741 3099 in
752 3037 1006 3116 cognoscendo
1018 3044 1056 3102 et
1068 3040 1250 3105 veracitas
1264 3041 1299 3104 in

195 3137 356 3201 dicendo.
375 3172 415 3179 —
435 3134 486 3195 lle
502 3133 568 3195 lide
584 3148 634 3196 est
651 3157 694 3197 ex
712 3135 907 3199 delinitione
922 3136 1087 3199 Vaticana
1100 3138 1171 3218 jam
1187 3141 1298 3203 citata

197 3237 328 3298 Dicitur
342 3250 359 3267 ⁸*
370 3236 484 3297 tatem
494 3236 638 3316 pertram
687 3239 775 3319 tinia,
789 3239 889 3319 juxta
906 3240 1040 3311 multos,
1052 3241 1125 3321 ipsa
1141 3243 1300 3307 revelatio

196 3354 244 3401 est
261 3339 352 3400 alind
369 3338 510 3419 mininie
526 3340 689 3401 motivum
707 3340 794 3405 ridel.
810 3356 847 3403 nt
863 3341 947 3403 inira
962 3343 1100 3405 dicetur.

244 3455 275 3503 ιθ
293 3442 408 3521 &aa
426 3440 484 3521 ΚΝ
502 3441 654 3505 Christus
670 3439 769 3509 eriiru.
784 3446 865 3507 dnm
883 3445 954 3507 uult
971 3444 1072 3508 tidem
1094 3449 1246 3513 excitare
1265 3451 1297 3512 in

194 3546 401 3607 uranei-Ibus
425 3545 502 3609 sni&
523 3565 584 3625 pm
607 3548 734 3608 irretito
757 3549 906 3627 assignat
931 3564 1002 3610 turn
1027 3549 1297 3616 infallibilitatem

194 3648 344 3709 scientia*
363 3648 436 3711 uei.
452 3664 524 3709 unu
540 3648 688 3711 diuinam
706 3652 938 3717 ierat-itatem:
956 3652 1039 3715 dicit
1049 3654 1140 3715 enirn
1154 3655 1297 3720 Nicode-

195 3770 271 3811 :1:0:
297 3760 315 3777 ³·
330 3750 452 3813 :lateri
467 3770 565 3813 „triten
581 3752 658 3813 dim
674 3752 744 3815 tibi.
756 3754 834 3833 quia
850 3754 938 3833 gasti
948 3755 1068 3817 stitutus
1079 3756 1257 3838 loquimur,
1266 3769 1299 3822 et

194 3852 280 3929 sisti
295 3852 437 3913 :alarias
452 3870 613 3914 :estiatur
625 3854 676 3917 '‘1:
697 3856 791 3933 intas-I
807 3856 931 3918 dicere:
946 3880 953 3917 :
974 3876 1014 3918 ea
1026 3878 1104 3939 quae
1114 3860 1224 3924 doceo
1232 3883 1297 3925 cre·

195 3956 272 4017 dere
289 3972 393 4035 {vtes
406 3956 484 4035 qaia
500 3976 539 4017 et
553 3958 735 4017 certissime
748 3958 817 4018 scio
834 3978 883 4035 et:
896 3958 1116 4023 {trrltlli'oilitas
1128 3963 1162 4024 in
1174 3984 1297 4047 cogno-

194 4076 342 4118 sc*
371 4058 445 4117 a'i'a'
466 4058 559 4119 sich:
612 4072 629 4087 ““
641 4058 706 4141 Qui
725 4080 778 4121 :ae
796 4080 883 4123 21:252:
904 4082 997 4123 :suar
1017 4080 1079 4127 est.
1093 4078 1128 4127 et
1142 4086 1210 4147 ego
1224 4088 1298 4149 quae

1028 4190 1295 4206 §.-
