2684 4634
242 213 298 261 DE
317 211 620 263 CONSECTARIIS
636 211 880 270 UTRIUSQUE
900 209 1118 259 MYSTERII.
1158 206 1233 256 Δ597

131 329 368 338 ---—.—.--
380 332 385 336 .
398 331 425 336 -.
446 331 451 335 .
978 329 982 332 .
995 323 1228 332 <---———-——-*

129 394 349 475 dogmatibus
372 398 535 468 connexa
555 429 598 437 -
613 393 801 473 permulta
822 392 938 461 secula
960 389 1177 462 invalescens,
1198 396 1232 448 et

129 518 198 560 non
216 497 373 560 obstante
388 499 609 578 quorumdam
627 495 801 560 doctorum
819 498 1033 576 temporanea
1049 490 1233 574 oppositio-

128 622 181 678 ne,
196 601 336 664 tandem
353 601 533 682 aliquando
549 601 742 682 praevalens,
758 599 917 680 explicari
934 599 1049 679 nequit
1065 597 1136 657 sine
1152 594 1231 656 assi·

127 705 254 767 stentia
266 713 299 766 et
312 703 440 767 influxu
455 703 597 785 Spiritus
611 703 652 778 S,
665 703 721 784 qui
734 712 841 766 totam
854 703 939 784 regit
952 701 1146 775 Ecclesiam,
1157 719 1230 760 eam

126 792 173 872 ab
189 828 299 871 errore
314 817 426 871 tuetur
441 817 474 869 et
490 808 522 868 in
539 808 686 869 veritatis
702 808 835 869 tramite
851 807 971 886 dirigit.

171 976 243 1045 277.
293 963 359 1052 (B)
377 967 433 1029 Ex
446 967 647 1028 institutione
653 968 738 1045 sesti
754 967 973 1047 Conceptienis.
1020 967 1129 1049 Quam
1146 968 1230 1029 anti-

125 1093 234 1156 quum
250 1072 294 1134 sit
309 1071 372 1134 hoc
387 1071 509 1134 festum
527 1071 635 1132 inferri
653 1080 764 1151 potest
787 1090 831 1131 ex
854 1089 894 1130 eo
917 1069 1123 1150 quodetiam
1141 1070 1230 1151 apud

122 1177 238 1240 varias
262 1171 369 1237 sectas
394 1173 570 1236 orientales
593 1174 783 1249 celebretur,
806 1193 881 1252 quae
905 1182 992 1234 certe
1015 1173 1058 1235 ab
1081 1173 1231 1235 Ecclesia

127 1280 287 1355 Romana
314 1278 394 1339 illud
419 1297 484 1338 non
511 1287 775 1339 mutuaverunt1.
821 1279 897 1358 Jam
917 1277 1004 1354 enim
1021 1298 1094 1351 saec.
1110 1279 1178 1340 Vll
1198 1279 1229 1339 in

126 1383 280 1448 Ecclesia
297 1380 413 1442 Graeca
429 1380 666 1454 celebrabatur,
682 1391 719 1443 ut
735 1380 833 1443 refert
848 1381 1001 1442 Andreas
1019 1380 1179 1444 Cretensis
1197 1383 1228 1443 in

125 1489 257 1570 hymno
273 1504 372 1565 quem
390 1504 449 1563 pro
466 1483 520 1544 die
535 1501 556 1563 9
573 1484 652 1545 Dec.
669 1486 878 1566 composuit;
905 1485 1022 1547 iterum
1040 1506 1113 1547 saec.
1130 1487 1232 1548 VIII,

121 1591 269 1674 loannes
283 1585 462 1649 Eubeensis
484 1587 531 1647 ait
557 1590 616 1647 sua
639 1597 739 1650 aetate
762 1587 881 1649 festum
906 1587 1096 1667 hujusmodi
1109 1588 1179 1668 jam
1196 1589 1229 1649 in

126 1693 277 1778 pluribus
304 1690 462 1752 Ecclesiis
485 1690 650 1752 celebrari.
704 1691 785 1755 Sacc.
805 1691 864 1766 IX,
888 1691 1017 1766 Petrus,
1033 1692 1090 1771 qui
1114 1701 1231 1772 postea

127 1799 298 1879 Argorum
321 1794 509 1876 Episcopus
535 1794 605 1869 suit,
627 1795 812 1856 orationem
834 1793 950 1856 habuit
975 1795 1006 1854 in
1033 1795 1145 1857 Sicilia
1171 1816 1232 1876 pro

126 1898 407 1974 haclestivitate
427 1898 580 1959 eamdem
601 1898 718 1959 eodem
740 1907 890 1978 tempore
913 1898 944 1957 in
969 1897 1120 1958 Ecclesia
1143 1899 1229 1960 Nea-

126 2004 277 2088 politana
304 2000 404 2062 fuisse
430 1999 579 2061 habitam
611 2010 753 2062 testatur
782 2011 876 2062 vetus
908 2022 1129 2063 marmoreum
1161 2003 1230 2063 Ka-

126 2094 322 2170 lendarium.
367 2102 571 2182 Rotomagi,
588 2104 619 2164 in
639 2104 669 2164 N
673 2105 855 2178 ormannia,
872 2124 922 2166 an.
940 2090 1029 2183 1072,
1047 2103 1232 2167 Academia

127 2211 266 2273 lmmac.
294 2205 531 2285 Conceptionis
558 2198 798 2287 ab'Episcopo
824 2208 955 2287 Joanne
982 2207 1134 2269 instituta
1160 2207 1230 2270 luit.

126 2312 295 2390 Tempore
318 2307 350 2370 S.
369 2307 531 2381 Anselmi‚
552 2309 569 2369 i.
590 2328 615 2369 e.
637 2308 698 2370 sub
721 2309 815 2370 initio
832 2330 854 2372 s.
876 2309 957 2383 XII,
977 2308 1097 2371 festum
1118 2309 1229 2390 hujus-

127 2413 219 2476 modi
244 2411 472 2473 celebrabatur
500 2411 531 2471 in
556 2411 682 2494 Anglia
705 2423 739 2474 et
762 2433 821 2494 per
844 2422 949 2475 totam
974 2412 1231 2476 sere‘Galliam:

126 2517 252 2579 exinde
265 2515 297 2576 in
309 2513 523 2577 Germaniam
538 2512 703 2578 inveeium
721 2526 780 2591 est,
795 2517 951 2596 brevique
965 2518 995 2577 in
1011 2518 1229 2580 universalem

127 2619 314 2708 Ecclesiam
327 2631 348 2679 2.
396 2619 497 2679 Porro
517 2617 686 2698 objcdtum
711 2620 809 2700 hujus
831 2620 905 2681 sesti
926 2609 991 2682 non
1010 2621 1070 2684 fuit
1087 2621 1232 2683 sanetifi-

125 2724 216 2797 catio
233 2723 353 2795 Mariae
374 2723 407 2786 in
429 2732 531 2797 uter0,
548 2742 759 2802 quocumque
780 2722 917 2783 instanti
940 2719 1027 2784 latta
1051 2722 1156 2798 fuerit,
1172 2725 1230 2784 sed

125 2828 200 2909 ejus
215 2823 435 2900 sanctificatio
452 2825 484 2885 in
502 2827 573 2906 ipsa
590 2825 754 2888 infusione
767 2825 897 2897 animae,
908 2834 943 2886 ut
957 2835 1088 2887 constat
1102 2835 1173 2887 tum
1187 2847 1230 2886 ex

124 2929 266 2993 diversis
287 2926 391 2989 titulis
413 2926 486 2988 festi
510 2924 701 3010 (conceptio
726 2929 760 2988 B.
784 2927 905 3000 Annae,
925 2927 1095 2988 oraculum
1114 2948 1231 2989 conce-

125 3030 251 3114 ptionis
269 3029 424 3109 Deiparae
440 3030 525 3110 etc),
542 3039 612 3091 tum
635 3051 679 3091 ex
698 3028 843 3090 homiliis
867 3031 1011 3103 Patrum,
1027 3039 1098 3092 tum
1115 3051 1158 3091 ex
1175 3029 1231 3091 de-

124 3133 308 3196 claratione
332 3131 427 3195 Sim·
445 3132 505 3196 IV
520 3134 643 3214 (1482),
665 3134 871 3213 aliorumque
896 3129 1093 3194 Pontificum
1121 3151 1232 3211 repro·
1310 3167 1315 3175 ·

125 3228 283 3322 bantium*
298 3237 514 3297 assertionem
534 3238 565 3297 in
583 3237 646 3298 hoc
663 3236 749 3298 festo
765 3256 831 3297 non
849 3237 955 3316 ipsam
978 3234 1230 3314 conceptionem

126 3339 246 3407 Mariae
276 3337 334 3408 sed
366 3337 437 3417 ejus
468 3336 765 3405 san&ificati0nem
794 3338 950 3399 celebrari
962 3349 983 3399 3,
1030 3334 1138 3415 Atqui
1164 3356 1229 3395 non

128 3479 205 3495 ,Ἶφ-
489 3478 647 3484 -.κ-..,-,
662 3477 877 3489 -.-,.,,....-,.-
889 3478 906 3481 -
923 3473 1226 3488 -r—---—··----

149 3532 292 3594 '1Menti0
305 3539 387 3607 hujus
402 3539 465 3593 festi
479 3539 619 3593 invenitur
632 3540 660 3591 in
675 3539 778 3592 Rituali
794 3542 821 3592 S.
837 3539 929 3605 Sabae,
941 3539 1045 3591 saeculo
1056 3538 1089 3604 V,
1104 3537 1153 3590 sed
1167 3554 1232 3589 cum

124 3629 181 3680 h'oc
195 3616 307 3680 Rituale
321 3626 500 3680 immutatum
514 3625 559 3689 sit,
575 3626 718 3679 dubitatur
731 3636 823 3679 utrum
836 3625 864 3677 in
878 3625 970 3692 prima
988 3623 1112 3677 editione
1126 3623 1229 3676 festum

123 3713 184 3780 jam
197 3719 448 3764 commemoratum
462 3707 760 3770 luerit.—⁹Palrnteri,
774 3710 811 3762 th.
824 3710 869 3776 843
878 3709 1028 3772 Ballerz'nt',
1039 3709 1158 3775 Sylloge,
1169 3724 1194 3774 p.
1209 3725 1231 3758 1.

158 3792 329 3851 ⁸'“‘Etenim
345 3798 419 3849 clare
432 3811 584 3866 aperteque
604 3797 724 3850 docuere
744 3797 845 3850 festum
865 3797 911 3864 agi
930 3797 965 3849 de
983 3795 1108 3862 Virginis
1124 3796 1229 3847 Conce-

124 3885 231 3955 ptione,
244 3893 330 3952 atque
348 3885 386 3937 uti
405 3884 513 3950 salsam,
527 3895 554 3938 et
574 3885 610 3937 ab
630 3884 768 3936 Ecclesiae
788 3893 883 3938 mente
896 3882 1097 3936 alienissimam
1112 3881 1231 3949 proscri-

123 3981 242 4042 pserunt
259 3971 370 4044 illorum
388 3969 559 4038 opinionem,
573 3971 619 4040 qui
637 3988 693 4024 non
713 3970 933 4038 Conceptinnem
948 3969 1047 4038 ipsam,
1062 3968 1113 4020 sed
1126 3965 1230 4020 sancti-

122 4057 295 4123 ficationem,
304 4058 340 4109 ab
352 4057 481 4110 Ecclesia
492 4057 544 4109 coli
556 4058 756 4110 arbitrarentur
769 4068 796 4109 et
810 4057 990 4109 affirmarent.
1024 4057 1125 4123 Neque
1135 4054 1233 4114 mitius

121 4160 189 4209 cum
203 4145 237 4197 iis
251 4144 394 4212 agendum
407 4161 471 4197 esse
484 4143 687 4207 existimarunt,
704 4143 751 4213 qui
768 4145 803 4196 ad
824 4142 1050 4196 labefactandam
1064 4142 1099 4194 de
1116 4143 1230 4193 lmmac.

125 4231 250 4300 Virginis
265 4232 458 4298 conceptione
471 4230 640 4297 doctrinam,
655 4232 816 4301 excogitato
828 4231 901 4292 inter
920 4229 1047 4300 primum
1059 4240 1152 4295 ,atque
1167 4229 1239 4279 aue-

113 4332 181 4379 rum·
193 4317 394 4382 conceptionis
413 4317 525 4372 instans
546 4331 574 4374 et
595 4333 781 4377 momentum
799 4318 984 4384 discrimine,
994 4316 1172 4370 asserebant
1189 4309 1267 4359 cele-
