2684 4634
301 112 359 160 Du
378 110 596 159 MYSTERIO
617 107 965 159 INCARNATIONIS.
1115 105 1181 155 473

78 301 130 353 set
150 291 216 352 sibi
239 310 407 353 assumere
430 301 582 351 naturam
602 289 793 361 humanam,
809 288 887 367 quin
910 295 1093 348 assumeret
1109 305 1181 364 per-

78 393 291 456 sonalitatem
323 392 525 464 humanam;
556 391 648 470 atqui
680 410 745 451 non
777 400 827 451 est
858 390 911 450 ita.
958 388 1007 468 (a)
1036 389 1123 449 Nam
1155 387 1181 447 si

77 496 279 558 admittatur
293 514 369 556 cum
392 494 572 568 Thornistz's,
589 493 860 574 personalitatem
885 512 955 552 esse
972 491 1050 571 quid
1068 491 1181 572 positi-

76 618 157 660 vum
180 606 213 659 et
236 597 366 672 realiter
387 593 581 658 distintlum
610 617 629 657 a
653 600 778 669 natura,
803 604 881 655 tunc
902 594 1052 656 Verbum
1074 593 1182 673 potuit

76 719 249 762 assumere
275 707 426 760 naturam
453 697 632 760 humanam
657 699 736 778 quin
763 706 945 758 assumeret
969 695 1181 776 personalita-

76 812 171 879 tem;
193 822 253 863 nec
271 802 400 863 dicatur
422 800 603 862 humanam
628 810 779 861 naturam
805 798 952 859 aVerbo
975 807 1180 878 assumptam

73 906 147 986 jam
164 926 232 966 non
248 925 320 966 esse
336 905 508 984 integram,
520 924 597 964 nam
614 905 742 983 integra
758 911 791 963 et
807 901 973 980 completa
988 910 1038 961 est
1055 900 1181 960 ratione

77 1014 218 1078 naturae,
234 1013 267 1066 et
283 1004 309 1064 si
325 1005 458 1084 propria
474 1002 710 1082 personalitate
727 1013 824 1078 caret,
842 1023 906 1064 non
927 987 1049 1065 exinde
1066 989 1181 1064 minui-
1254 987 1261 1002 ’

76 1117 141 1182 tur,
157 1108 216 1169 sed
237 1128 255 1168 e
278 1116 393 1169 contra
413 1105 587 1186 perficitur,
603 1107 680 1186 quia
705 1106 923 1186 personalitas
943 1108 1064 1182 divina,
1080 1126 1180 1186 quam

77 1210 219 1284 obtinet,
235 1219 285 1271 est
302 1208 401 1288 longe
416 1204 591 1288 perfeetior
607 1225 707 1285 quam
725 1205 781 1266 illa
796 1211 862 1286 qua
879 1207 1026 1287 privatur
1037 1219 1057 1269 1.

78 1312 129 1392 (b)
153 1311 191 1375 Si
215 1312 411 1373 admittatur
434 1329 509 1371 curn
535 1308 692 1382 Scotistis,
711 1308 982 1388 personalitatem
1007 1329 1078 1369 esse
1101 1307 1179 1387 quid

78 1414 282 1494 negativum,
299 1432 355 1473 seu
377 1411 457 1472 nihil
481 1409 571 1472 aliud
596 1430 667 1470 esse
684 1411 744 1470 nisi
762 1420 913 1471 naturam
931 1411 1131 1491 completam
1148 1420 1181 1472 et

79 1515 291 1597 singularem,
318 1524 482 1596 quatenus
507 1535 526 1575 a
550 1513 709 1594 superiori
735 1517 875 1592 persona
902 1533 968 1574 non
995 1514 1182 1587 assumitur,

79 1621 136 1682 scd
153 1619 216 1680 sibi
233 1619 443 1699 permittitur,
461 1617 653 1697 mysterium
672 1617 792 1696 pariter
809 1617 937 1696 concipi
955 1625 1082 1696 potest:
1103 1636 1180 1677 nam

81 1722 239 1796 Verbum,
254 1721 456 1783 assumendo
477 1730 629 1781 naturam
652 1718 843 1792 humanam,
865 1720 1038 1799 impedivit
1061 1740 1102 1780 ne
1126 1719 1181 1781 illa

78 1833 198 1886 natura
222 1833 308 1885 esset
329 1822 497 1904 suijuris,
513 1822 680 1902 propriam
701 1821 971 1902 personalitatem
988 1823 1133 1896 haberet,
1148 1831 1181 1882 et

78 1929 124 1988 sic
140 1929 253 2008 potuit
269 1946 435 1988 assumere
448 1935 600 1986 naturam
614 1925 692 2004 quin
706 1936 888 1988 assumeret
901 1927 1180 2007 personalitatem.

80 2029 150 2091 Nec
166 2030 232 2092 dici
249 2029 337 2091 valet
353 2029 501 2091 Verbum
520 2049 586 2091 non
604 2049 701 2109 posse
718 2039 869 2092 naturam
894 2032 1074 2094 humanam
1091 2052 1181 2093 assu-

77 2153 176 2207 mere,
186 2104 266 2214 quin
279 2133 376 2194 simul
390 2132 661 2213 personalitatem
675 2143 831 2207 assumat,
844 2155 946 2214 quum
961 2137 1046 2196 inter
1058 2143 1180 2197 utram·

77 2255 140 2316 que
173 2235 265 2297 nulla
295 2235 337 2297 sit
367 2235 463 2296 realis
494 2232 685 2313 distinetio;
717 2254 799 2308 nam,
826 2235 902 2298 licet
932 2238 1019 2299 adsit
1050 2247 1180 2300 tantum

76 2337 249 2402 distindiio
264 2339 411 2401 virtualis
429 2340 513 2401 inter
528 2348 711 2419 utramque,
722 2338 872 2400 Verbum
889 2361 1057 2402 assumere
1073 2344 1180 2422 potuit

76 2443 256 2506 humanam
285 2451 437 2505 naturam
465 2444 637 2523 integram,
662 2443 742 2522 quin
768 2463 943 2523 personam
971 2456 1128 2520 assumat,
1154 2449 1180 2507 si

75 2567 147 2609 sese
163 2546 355 2626 hujusmodi
372 2555 498 2608 naturae
516 2546 669 2620 uniend0,
681 2554 714 2607 et
730 2565 824 2607 suam
842 2549 1008 2627 propriam
1026 2568 1180 2628 persona-

76 2649 205 2713 litatem
227 2647 516 2722 communicando,
533 2647 707 2727 impedivit
728 2668 769 2708 ne
793 2649 867 2710 talis
892 2659 1009 2711 natura
1032 2650 1082 2710 sui
1099 2649 1180 2729 juris

75 2761 186 2814 esset:
212 2750 275 2813 hoc
298 2751 387 2812 enim
411 2752 535 2832 posit0,
556 2749 625 2829 jam
651 2770 717 2811 non
742 2761 792 2812 est
815 2752 950 2813 domina
977 2754 1040 2827 sui,
1064 2754 1178 2814 necin

74 2859 113 2916 ea
143 2852 355 2917 verificantur
385 2854 593 2916 conditiones
625 2853 666 2914 ad
699 2855 967 2934 personalitatem
1002 2854 1180 2917 humanam

76 2958 252 3039 requisitae.

118 3106 189 3156 110.
235 3089 292 3173 (C)
310 3091 386 3153 Non
403 3100 567 3172 repugnat
583 3110 626 3151 ex
645 3099 739 3170 parte
756 3091 886 3153 arrianis
900 3091 1115 3173 inportatam·
1132 3103 1179 3156 ta-

75 3196 112 3257 lis
128 3195 219 3257 enim
231 3195 323 3269 'uni0,
341 3194 417 3256 licet
433 3203 596 3274 conceptu
615 3193 767 3268 difficilis,
784 3195 998 3274 impossibilis
1021 3217 1092 3258 esse
1116 3198 1179 3259 dici

14 3282 19 3290 ⁴
75 3296 211 3377 nequit;
234 3315 312 3359 nam
329 3296 356 3356 si
373 3296 405 3356 in
421 3295 557 3357 homine
580 3294 656 3356 duae
681 3295 876 3358 substantiae
896 3306 964 3358 tarn
985 3299 1131 3373 diversae,
1148 3310 1180 3361 et

74 3399 183 3480 primo
199 3398 320 3461 intuitu
337 3394 597 3478 tam'oppositae,
609 3399 796 3461 substantia
812 3401 937 3461 scilicet
953 3402 1131 3481 spiritualis
1148 3413 1181 3465 et

107 3590 178 3644 1Ad
191 3606 251 3644 rem
270 3591 299 3645 S.
317 3592 344 3644 T
341 3590 423 3658 horn,
440 3604 464 3657 3,
478 3608 505 3659 q.
523 3605 547 3653 2,
564 3608 587 3644 a.
603 3606 618 3643 2
632 3592 669 3644 ad
683 3607 716 3645 2:
740 3592 891 3660 “Dignius
910 3603 1006 3647 autem
1025 3604 1067 3646 est
1087 3595 1180 3666 alicui,

74 3678 150 3748 quod
163 3677 264 3732 existat
277 3680 305 3730 in
318 3679 412 3747 aliquo
432 3695 462 3732 se
482 3679 609 3745 digniore
628 3696 713 3747 quam
732 3681 807 3747 quod
822 3680 922 3733 existat
936 3697 986 3748 per
1000 3698 1029 3734 se
1042 3701 1049 3744 ;
1070 3692 1097 3734 et
1117 3681 1181 3734 ideo

74 3783 106 3819 ex
119 3766 176 3818 hoc
189 3762 251 3832 ipso
263 3764 389 3817 humana
401 3774 502 3818 natura
515 3764 626 3833 dignior
639 3775 682 3819 est
696 3765 723 3817 in
739 3767 851 3819 Christo
864 3783 950 3835 quam
963 3766 992 3819 in
1007 3767 1095 3834 nobis,
1105 3768 1181 3835 quod

74 3853 101 3906 in
113 3850 200 3905 nobis
212 3849 292 3920 quasi
306 3868 356 3922 per
369 3868 400 3905 se
413 3850 537 3905 existens
551 3853 693 3921 propriam
707 3853 936 3920 personalitatem
950 3853 1045 3918 habet,
1059 3855 1086 3906 in
1102 3853 1180 3907 Chri-

73 3950 117 3993 sto
139 3948 236 3992 autem
256 3936 349 3992 existit
371 3936 400 3990 in
420 3937 543 4007 persona
563 3938 668 3992 Verbi:
696 3940 767 3993 sicut
787 3940 873 3993 etiam
896 3956 959 3992 esse
981 3940 1180 4009 completivum

73 4024 177 4095 speciei
191 4024 312 4094 pertinet
324 4024 361 4078 ad
374 4025 542 4094 dignitatem
556 4026 662 4093 formae,
673 4037 768 4080 tamen
780 4025 945 4080 sensitivum
959 4027 1081 4080 nobilius
1095 4037 1137 4080 est
1151 4027 1179 4078 in

72 4111 189 4166 homine
206 4121 319 4180 propter
338 4106 566 4180 conjuntlionem
587 4111 624 4163 ad
644 4110 810 4165 nobiliorem
830 4112 949 4165 formam
969 4113 1181 4182 completivam,

71 4214 159 4270 quam
172 4199 208 4252 sit
220 4199 249 4257 in,
262 4198 342 4251 bruto
352 4197 474 4266 animali,
488 4198 516 4250 in
531 4215 588 4267 quo
601 4209 646 4254 est
659 4199 751 4254 forma
765 4199 979 4272 completiva’'.
