2684 4634
121 174 190 229 ³42
543 176 698 228 CAPUT
714 176 773 226 111.

125 353 144 409 ,“
155 352 216 409 Hic
235 372 314 411 error
332 355 415 426 quod
433 355 533 412 anima
551 356 681 413 hominis
701 363 881 428 propagetur
898 353 1063 418 abanima
1076 347 1207 428 patrissui

122 439 197 498 sicut
210 459 318 514 corpus
331 461 349 499 a
361 460 486 515 corpore
543 461 661 515 semper
674 443 728 501 fuit
742 443 1021 501 excommunicatus
1044 444 1074 501 in
1095 441 1207 500 Ecclesii

121 527 366 596 Armenorum‚et
377 530 553 589 maledictus
562 531 635 588 sit’'¹.
666 529 920 603 Habemusigitur
929 548 1114 590 consensum
1123 529 1205 588 utrius
1243 549 1247 581 :

122 632 181 685 que
214 617 363 689 Ecclesiae,
398 619 544 677 Romanae
575 629 604 677 et
631 619 752 686 Graecae,
779 637 797 675 a
828 636 889 690 quo
923 619 1117 678 temerarium
1147 625 1205 698 esset

108 703 268 762 recedere.

158 814 212 872 137.
252 806 290 878 (c)
302 807 429 864 Ratione
440 807 657 865 confirrnatur².
697 808 728 866 Si
742 809 821 866 eninr
835 808 942 865 animae
961 808 1121 864 hominurn
1138 825 1153 864 a
1169 823 1202 877 pa·

121 890 253 949 rentibus
266 894 424 963 trahantur,
438 895 513 953 vela
526 913 656 967 corpore,
670 895 716 953 vel
726 894 764 952 ab
777 895 889 965 animan
914 895 997 966 atqui
1014 905 1150 952 neutrum
1160 890 1201 951 diti

121 981 219 1044 potest
227 995 235 1047 ;
262 995 323 1034 non
337 978 432 1050 prius,
456 979 525 1050 quia
545 978 725 1050 principium
747 978 962 1036 intellectivum
987 978 1017 1036 in
1039 979 1156 1037 homine
1171 986 1200 1034 est

121 1061 302 1135 principium
310 1067 522 1124 transcendens
532 1067 702 1138 materiam;
720 1066 801 1138 atqui
811 1067 894 1137 quod
906 1066 1063 1124 materiam
1077 1076 1199 1123 transcen-

121 1146 164 1205 dit
173 1167 233 1206 non
244 1161 342 1222 potest
350 1171 385 1211 ex
394 1154 506 1212 semine
517 1153 659 1211 materiali
668 1153 813 1224 generari;
832 1153 1035 1225 necpostert'us,
1049 1172 1117 1211 nam
1126 1153 1198 1210 anina

122 1233 249 1304 infantis
257 1246 316 1295 non
331 1251 429 1312 potest
442 1242 533 1299 creari
547 1241 585 1298 ab
599 1241 698 1298 animal
711 1250 877 1313 parentum,
891 1259 986 1312 quum
996 1241 1089 1300 virtus
1098 1241 1197 1299 creativt

121 1320 174 1377 soli
193 1322 261 1381 Deo
279 1336 440 1399 competat,
462 1346 518 1385 nec
537 1338 582 1386 est
601 1328 751 1386 emanatio
769 1345 804 1385 ex
822 1327 923 1384 animai
942 1338 1109 1399 parentum,
1128 1343 1197 1400 quun

119 1408 219 1466 anima
237 1412 274 1469 sit
293 1413 457 1472 substantia
475 1415 609 1487 simplex,
626 1416 754 1487 partium
773 1433 887 1487 expers,
903 1433 938 1472 ex
958 1416 1017 1486 qua
1037 1415 1157 1488 proinde
1172 1412 1197 1470 nil

121 1490 235 1551 detrahi
249 1507 347 1567 potest
355 1518 363 1570 ;
382 1517 452 1570 ergo
465 1499 573 1556 animae
586 1517 647 1556 non
661 1517 678 1555 a
691 1497 864 1570 parentibus
877 1498 1043 1569 trahuntur,
1060 1500 1139 1558 seda
1151 1499 1197 1554 Deo

120 1592 263 1642 creantur.

146 1679 216 1751 ³138:
243 1678 447 1747 'Corollan'um
461 1712 471 1747 .·
500 1691 545 1747 Ex
558 1691 603 1747 his
617 1690 757 1748 omnibus
771 1691 904 1762 seqnitur
917 1701 1030 1762 quanta
1044 1688 1196 1748 sithominis

119 1772 249 1843 dignitas
261 1799 272 1832 .·
296 1778 345 1848 (A)
358 1796 393 1836 ex
413 1779 493 1836 ntodo
511 1797 566 1850 quo
576 1779 644 1850 suit
658 1779 804 1848 conditus,·
823 1779 972 1850 siquidem
986 1780 1027 1850 (a)
1037 1780 1139 1838 ultimo
1151 1780 1198 1836 loco

119 1871 234 1918 creatus
253 1864 316 1935 fuit,
337 1866 377 1923 ita
396 1876 428 1923 ut
447 1878 552 1925 ceterae
571 1877 712 1924 creaturae
731 1867 770 1924 ad
790 1867 887 1938 ipsum
909 1876 1055 1938 tanquam
1074 1869 1112 1926 ad
1130 1867 1198 1924 tinen

119 1947 353 2024 (intermedium)
372 1954 535 2012 referantur
557 1978 562 2013 z
595 1956 665 2014 “Ut
685 1955 852 2026 ingressuro
872 1955 901 2011 in
920 1954 1073 2014 civitatem
1091 1956 1200 2027 aliquam

120 2052 195 2108 rege,
212 2056 311 2110 operae
324 2041 452 2112 pretinm
466 2052 510 2100 est
523 2042 661 2113 praemitti
671 2041 810 2099 satellites
820 2042 955 2113 aliosque
968 2060 1085 2109 omnes,
1100 2053 1131 2100 ut
1144 2043 1202 2100 bere

119 2123 263 2182 adornata
276 2128 356 2198 regia
369 2146 417 2186 rex
436 2130 465 2185 in
479 2148 545 2187 eam
559 2129 699 2187 adveniat
715 2152 721 2187 :
742 2129 829 2186 simili
844 2129 936 2187 modo
948 2128 1032 2187 Deus
1047 2148 1126 2187 nunc
1136 2126 1201 2202 quasi

119 2227 219 2280 regem
228 2223 257 2269 et
265 2214 431 2287 principem
441 2216 571 2288 aliquem
583 2215 671 2274 rebus
681 2216 802 2274 terrenis
812 2216 1202 2288 praesetturuspriusomnen

119 2295 200 2355 hunc
210 2311 347 2359 ornatum
359 2302 520 2370 fabricavit,
532 2314 561 2362 et
574 2305 696 2362 tandem
709 2303 742 2361 iis
756 2303 980 2375 praeficiendum
990 2304 1144 2363 hominem
1153 2320 1202 2376 pro·

119 2383 211 2453 duxit,
222 2386 376 2447 declarans
387 2391 471 2448 factis
484 2391 546 2450 istis
556 2402 669 2463 quanto
678 2392 792 2450 honore
801 2391 911 2448 animal
919 2391 978 2448 hoc
988 2389 1202 2464 prosequatur'’³.

120 2473 160 2542 (b)
171 2473 235 2531 Nec
248 2475 450 2544 sineconsilio
463 2491 491 2537 et
505 2479 719 2537 deliberatione
733 2479 872 2537 conditus
882 2479 937 2536 suit
951 2500 957 2536 :
981 2478 1037 2538 “0
1052 2499 1113 2539 rem
1127 2477 1203 2538 admi·

119 2560 253 2621 randam!
269 2564 439 2624 Solcreatur
449 2567 1203 2641 nulladeliberationepraecedenteeodemquepaclo

120 2650 237 2722 coelum,
254 2653 362 2723 quibus
375 2655 494 2714 duobus
508 2656 580 2712 nihil
595 2674 659 2714 esse
673 2674 726 2728 par
739 2655 844 2713 creatis
857 2655 886 2711 in
896 2654 985 2712 rebus
994 2666 1127 2728 potest...
1164 2655 1202 2712 So·

120 2735 174 2793 lius
182 2738 221 2796 ad
231 2738 360 2798 hominis
370 2743 590 2802 fabricationem
596 2753 711 2801 creator
719 2743 767 2801 ille
778 2742 974 2800 universitatis
983 2762 1081 2801 rerum
1090 2745 1201 2817 quadan

120 2841 187 2880 cum
201 2828 439 2888 consideratione
458 2832 574 2889 accedit
587 2831 602 2856 '’
613 2837 631 2888 ⁴.
671 2833 709 2901 (c)
721 2830 812 2888 Unde
832 2849 891 2887 non
911 2830 975 2888 solo
995 2841 1079 2903 nutu,
1096 2832 1146 2890 sed
1160 2826 1200 2887 Dei

120 2912 239 2982 speciali
249 2914 416 2982 interventu
427 2929 543 2976 creatus
552 2917 653 2986 fuit,ut
662 2927 740 2975 esset
750 2927 838 2989 typus
849 2917 1066 2975 futuriChristi:
1087 2921 1105 2948 ‘⁸
1115 2915 1200 2991 Quod·

119 3016 249 3070 cumque
259 3003 338 3059 enim
353 3004 440 3061 limus
455 3004 681 3076 exprimebatur,
696 3003 832 3062 Christus
842 3003 1029 3075 cogitabatur
1042 3004 1199 3063 homofutu·

120 3104 168 3142 rus
179 3087 193 3112 '³
207 3090 340 3157 (Tertull.
356 3092 393 3149 de
408 3093 574 3151 Resurrect.
590 3093 694 3164 carnis,
711 3111 734 3148 c.
749 3097 784 3155 ό).

155 3174 203 3243 (Β)
217 3175 262 3232 Ex
275 3179 339 3248 ejus
352 3180 394 3234 od
403 3181 542 3236 mrmdznn
558 3180 695 3236 relatione
708 3202 718 3235 .·
738 3179 830 3236 bomo
846 3179 927 3236 enim
940 3179 1132 3238 videturesse
1146 3194 1196 3236 cen·

119 3268 195 3316 trum
217 3265 319 3322 mundi
341 3266 471 3336 visibilis,
487 3265 678 3337 μικρόκοσμος,
700 3284 751 3323 seu
771 3265 892 3322 narrandus
913 3265 1102 3338 abbreviatus,
1123 3279 1195 3338 quum

120 3345 227 3406 habeat
241 3368 305 3409 esse
319 3371 387 3410 cum
402 3355 603 3426 mineralibus‚
619 3357 716 3412 vivere
729 3373 797 3411 curn
812 3353 930 3426 plantis,
948 3353 1058 3412 sentire
1071 3372 1135 3412 cum
1151 3347 1195 3408 ani·

119 3434 255 3509 malibus,
268 3440 430 3514 intelligere
443 3462 511 3500 cum
523 3443 654 3515 Angelis
668 3453 697 3500 et
707 3443 743 3499 sit
753 3443 843 3500 veluti
852 3441 1005 3499 vinculum
1014 3459 1076 3513 quo
1088 3439 1195 3498 mundus

119 3527 276 3584 materialis
289 3547 358 3586 cum
371 3532 515 3602 spirituali
529 3532 727 3602 conjungitur.
767 3530 850 3586 Hinc
868 3548 886 3586 a
902 3529 1038 3587 Patribus
1052 3530 1194 3588 considera·

118 3615 165 3664 tur
177 3620 208 3667 ut
217 3610 342 3669 vicarius
352 3617 495 3672 universae
509 3626 621 3672 naturae
631 3613 754 3671 visibilis
768 3615 857 3671 relate
867 3613 906 3670 ad
917 3613 1025 3684 Deum,
1038 3624 1067 3672 et
1080 3611 1194 3672 sacerdos

119 3713 170 3766 per
183 3714 272 3768 quem
285 3700 348 3757 sine
362 3701 421 3759 fine
434 3712 575 3759 creaturae
591 3703 690 3759 Deum
703 3701 834 3758 laudant.

152 3852 379 3923 1Θίίιιιγιιαίαῐί,
395 3858 467 3909 Anu.
483 3858 590 3911 Eccles.
606 3875 650 3910 an.
669 3871 743 3925 134¹›
760 3873 786 3908 n.
805 3869 838 3924 50
851 3872 891 3924 sq.

153 3943 213 3994 ²Cs.
229 3944 258 3995 S.
273 3944 323 3996 Th.
333 3945 348 3996 l.
359 3961 383 3997 c.
399 3962 424 3996 a.
442 3960 469 4009 23
489 3946 689 4010 Bellarminus,
704 3945 738 3998 de
752 3944 855 3997 Amiss.
871 3941 985 4009 Gratiae,
1000 3943 1016 3997 l.
1033 3945 1083 4009 IV,
1098 3961 1120 3998 c.
1135 3957 1169 3996 ιι.
1231 3966 1234 3971 ·

151 4032 197 4082 ³S.
214 4031 432 4099 (Thrysostomus,
445 4032 474 4083 in
488 4034 558 4085 Gen.
572 4034 648 4086 hom.
661 4032 686 4098 8,
700 4049 726 4086 n.
745 4048 769 4084 2.
812 4029 875 4084 Alia
888 4030 1052 4085 testimonia
1066 4033 1125 4102 lege
1136 4023 1197 4100 apud

117 4118 275 4184 l’etavium,
288 4118 323 4170 de
339 4120 434 4186 Opz'fic.
449 4136 496 4172 sex
507 4120 574 4173 dier.
589 4120 605 4172 l.
624 4120 661 4186 ΙΙ,
679 4137 701 4173 c.
719 4137 743 4184 1;
764 4119 883 4183 Hurnr,
896 4135 923 4172 n.
939 4132 1001 4189 324.

151 4205 208 4257 ⁴cf.
225 4205 306 4274 Greg.
323 4207 408 4268 Nass.
420 4206 456 4263 de
469 4207 534 4275 opit.
551 4206 673 4262 hominis
686 4224 708 4261 c.
723 4219 739 4273 3
753 4223 806 4276 sq.;
824 4207 1001 4274 Lactantius,
1014 4206 1051 4262 de
1064 4205 1129 4278 opii.
1139 4200 1197 4266 Deit

123 4293 147 4348 5.
163 4294 375 4363 Bonaventura,
387 4294 530 4365 Breviloq.
543 4310 572 4365 p.
588 4294 628 4360 11,
641 4309 665 4349 c.
682 4308 722 4349 10.
