2684 4634
189 195 256 244 504
638 189 778 241 CAPUT
796 189 839 237 11.

186 366 255 430 'ulla
271 366 459 443 coadtione3
483 366 617 428 libertas
634 365 785 429 autema
806 363 991 427 necessitate
1006 372 1060 426 est
1077 363 1226 426 facultas
1240 365 1284 425 eli·

189 472 288 552 gendi
313 491 415 532 unum
434 467 502 552 prae
519 469 633 545 alter0,
650 471 697 531 ita
714 478 750 531 ut
767 488 869 550 agens
886 487 952 528 non
970 466 1013 527 sit
1031 467 1221 528 intrinsece
1240 468 1286 528 de-

190 574 383 636 terminatus
400 571 442 634 ad
460 592 572 634 unum.
610 572 695 633 Haec
707 573 824 633 iterum
839 568 961 650 triplex
978 577 1051 630 est:
1077 568 1220 630 libertas
1229 588 1286 630 cen·

189 676 393 738 tradiele'ene's
404 677 471 755 qua
486 673 607 755 eligere
619 693 796 756 possumus
813 673 898 734 inter
910 669 1021 733 aetum
1036 680 1072 732 et
1086 691 1160 733 non
1178 669 1287 743 atrum,

74 774 76 778 ⁴
188 801 216 841 v.
233 800 263 860 g.
281 780 367 840 inter
390 798 502 839 amare
519 787 552 839 et
569 797 635 838 non
654 797 780 852 amare;
804 775 938 836 libertas
954 774 1217 854 specificationis,
1232 777 1287 854 qut

188 883 309 962 eligere
322 881 471 943 valemus
489 882 575 942 inter
590 878 684 942 acius
700 878 810 961 specie
823 877 979 951 diversos
992 897 1016 938 v.
1033 880 1065 957 g'.
1080 877 1175 940 inter
1186 878 1287 939 deam·

189 985 302 1047 bulare
325 992 359 1045 et
382 983 508 1064 legere;
548 982 684 1044 libertas
707 979 955 1052 contrarietatis,
979 983 1042 1059 qua
1067 980 1147 1060 quis
1177 980 1288 1061 eligere

189 1095 300 1169 potest
316 1086 401 1147 inter
418 1084 511 1147 acius
528 1084 590 1146 sibi
606 1084 771 1145 contrarie
783 1081 970 1164 oppositos,
982 1103 1010 1142 v.
1028 1101 1059 1160 g.
1078 1083 1172 1144 inter
1188 1101 1288 1144 amare

188 1198 222 1251 et
238 1187 357 1261 odisse,
374 1186 481 1248 facere
504 1187 630 1248 bonum
647 1196 682 1248 et
697 1188 826 1269 operari
844 1185 978 1248 malum.
1023 1185 1189 1265 Jamvero
1206 1186 1288 1250 Chri·

151 1342 156 1352 .
188 1300 259 1352 stus
275 1289 392 1350 habuit
408 1288 543 1368 quidem
561 1287 1042 1351 libertatem·contradictionis
1067 1298 1102 1350 et
1127 1289 1290 1370 specifica·
1330 1320 1332 1329 ·

189 1393 297 1468 tioniS,
310 1412 377 1453 non
394 1401 506 1453 autem
525 1392 712 1454 libertatem
727 1392 971 1454 contrarietatis
984 1391 1026 1452 ad
1039 1390 1183 1466 malurn,
1194 1412 1288 1473 quum

189 1504 275 1557 esset
292 1494 526 1576 impeccabilis

230 1622 297 1690 151.
343 1619 372 1670 2⁰
403 1614 501 1670 Tleesis
518 1637 529 1671 .·
563 1612 743 1676 Voluntas
774 1611 935 1706 humana
960 1611 1096 1677 Christi
1118 1631 1209 1677 vere
1230 1613 1290 1676 fuit

188 1709 307 1786 libera,
324 1726 396 1771 non
411 1707 528 1771 solum
544 1727 567 1771 a
581 1709 780 1786 coactione,
796 1707 862 1772 sed
881 1708 991 1772 etiam
1014 1726 1037 1771 a
1059 1709 1290 1784 necessitate,

188 1807 319 1872 saltem
334 1806 370 1868 in
385 1805 558 1884 plurimis.
601 1809 652 1870 De
658 1806 729 1888 fide
744 1816 810 1880 est,·
834 1827 912 1868 nam
936 1807 979 1868 de
1002 1805 1069 1869 fide
1092 1817 1147 1870 est
1164 1808 1292 1872 Christo

189 1911 296 1972 inesse
312 1926 428 1971 omnes
444 1910 665 1990 proprietates
681 1909 838 1971 humanae
851 1919 979 1972 naturae
993 1911 1241 1988 connaturales,
1253 1931 1292 1972 ex

189 2011 286 2075 didtis
296 2018 305 2088 ;'
327 2013 420 2092 atqui
436 2012 478 2074 de
495 2011 561 2074 fide
577 2023 628 2075 est
646 2033 746 2075 unam
763 2034 808 2075 ex
821 2013 872 2074 his
888 2014 1154 2095 proprietatibus
1172 2035 1246 2076 esse
1261 2014 1293 2076 li·

189 2118 352 2179 bertatem
371 2137 390 2177 a
407 2116 611 2190 necessitate,
628 2125 664 2178 ut
688 2126 820 2178 constat
844 2137 888 2179 ex
912 2127 951 2179 tr.
968 2117 1007 2178 e'e
1022 2117 1166 2180 aeribus
1183 2119 1293 2190 Hunz.;

192 2239 273 2299 ergo
289 2221 331 2280 de
348 2217 413 2279 fide
430 2227 481 2279 est
492 2217 661 2280 Christum
676 2239 752 2281 vere
769 2219 870 2281 fuisse
882 2219 1035 2282 liberum.
1076 2221 1247 2283 Praeterea
1257 2222 1295 2282 de

190 2320 256 2382 fide
268 2318 371 2381 estad
386 2320 539 2381 meritum
558 2321 678 2400 requiri
696 2321 884 2383 libertatem
898 2343 918 2383 a
934 2322 1152 2398 necessitate;
1170 2343 1250 2384 nam
1261 2333 1294 2384 ut

189 2423 337 2485 lecerete'ca
349 2425 509 2484 damnata
526 2422 588 2484 suit
600 2423 671 2484 haec
683 2423 832 2503 J'ansenii
849 2424 1054 2505 propositio:
1078 2429 1095 2454 “
1106 2423 1152 2486 acl
1166 2445 1293 2486 meren-

189 2526 270 2587 dum
287 2534 320 2586 et
337 2523 581 2586 demerendum
600 2526 632 2585 in
657 2535 746 2587 statu
764 2534 891 2586 naturae
916 2525 1017 2606 lapsae
1035 2545 1101 2586 non
1119 2527 1297 2607 requiritur

190 2629 223 2690 in
236 2627 371 2689 homine
380 2627 513 2689 libertas
527 2649 548 2688 a
564 2628 753 2703 necessitate,
766 2628 824 2688 sed
838 2627 959 2689 sufficit
972 2627 1108 2690 libertas
1121 2648 1142 2688 a
1153 2627 1296 2692 coactio·

191 2751 232 2792 ne
243 2731 258 2754 ”
275 2729 448 2810 (Denee'ng.
465 2726 557 2812 968).

234 2833 293 2914 (A)
311 2832 428 2912 Seript.
475 2832 525 2912 (a)
543 2833 595 2893 De
614 2833 738 2894 Messia
754 2834 852 2907 enim,
869 2852 927 2893 seu
944 2833 987 2893 de
1000 2830 1135 2894 Christo
1154 2834 1295 2895 dicitur:

190 2935 351 2997 “oblatus
379 2944 439 3008 est,
455 2935 533 3014 quia
557 2936 628 3015 ipse
651 2935 756 2997 voluit
768 2935 784 2959 '’
799 2948 827 3011 1;
851 2956 926 3016 quae
947 2936 1048 2996 verba
1074 2936 1295 3017 interpretans

191 3038 413 3116 Hieronymus
429 3039 475 3098 ait
494 3061 500 3097 :
525 3042 540 3067 “
554 3038 583 3098 N
587 3058 630 3098 on
644 3039 733 3099 enim
748 3038 947 3099 necessitate
960 3057 1101 3110 crucem,
1112 3040 1173 3099 sed
1188 3040 1295 3101 velun-

192 3149 256 3201 tete
268 3139 434 3213 sustinuit,
447 3140 561 3200 dicens
576 3141 608 3200 in
622 3140 807 3220 Evangelio
820 3161 826 3201 :
847 3140 983 3201 calicem
996 3159 1098 3219 quem
1111 3141 1195 3202 mihi
1208 3141 1294 3204 dedit

194 3244 298 3315 Pater,
311 3261 376 3302 non
394 3240 507 3303 bibam
526 3242 618 3303 illum
633 3243 667 3304 ”?
715 3244 840 3304 lterum
857 3242 1008 3305 Christus
1026 3242 1097 3322 ipse
1114 3243 1157 3304 de
1176 3245 1294 3325 passio·

192 3366 232 3407 ne
249 3348 307 3406 sua
324 3343 472 3423 loquens
489 3345 556 3406 ait:
591 3350 607 3375 “
623 3347 804 3426 Propterea
820 3345 930 3425 diligit
948 3365 1001 3405 me
1019 3346 1127 3420 Pater,
1139 3349 1222 3426 quia
1237 3365 1291 3426 ego

191 3469 280 3531 pono
296 3448 443 3508 animam
462 3467 580 3521 meam,
598 3456 635 3509 ut
658 3448 776 3509 iterum
801 3467 932 3508 sumam
950 3466 1034 3508 eam.
1081 3446 1197 3509 Nemo
1214 3447 1290 3509 tollit

191 3572 264 3613 eam
283 3571 302 3611 a
319 3570 381 3624 me,
398 3549 455 3610 sed
473 3569 537 3628 ego
555 3569 645 3630 pono
662 3569 734 3610 eam
753 3570 773 3610 a
790 3551 919 3629 meipso
932 3549 947 3574 ''
961 3561 991 3624 2;
1018 3568 1086 3628 quo
1104 3548 1182 3611 loco
1198 3552 1291 3613 utitur

191 3653 419 3732 Augustinus
443 3660 479 3713 ut
503 3653 713 3713 demonstret
738 3653 885 3713 animam
911 3651 1035 3714 Christi
1059 3671 1184 3732 corpus
1208 3659 1289 3714 “non

192 3755 376 3818 deseruisse
400 3754 550 3828 invitam,
566 3754 624 3814 sed
648 3754 728 3832 quia
744 3754 891 3826 veluerit,
908 3754 1039 3833 quande
1059 3754 1211 3829 voluerit,
1228 3773 1290 3835 que·

198 3875 333 3884 ‚—

227 3918 301 3975 1Ise.
318 3923 400 3986 Llll,
414 3936 439 3985 7.
480 3920 604 3988 Quidam
625 3931 732 3973 textum
750 3922 914 3974 hebraicum
928 3921 1050 3974 reddunt
1075 3941 1081 3974 :
1104 3922 1288 3993 “Oppressus

190 4020 242 4074 est,
255 4010 369 4062 saeviter
388 4006 533 4071 tractatus,
547 4017 663 4060 vexatus
686 4017 737 4070 est,
752 4017 779 4059 et
799 4007 860 4075 ipse
879 4023 909 4060 se
929 4007 1069 4082 submisit,
1084 4025 1144 4061 non
1159 4009 1259 4062 invitus
1267 4006 1289 4059 ¹’:

191 4097 329 4165 quidquid
343 4096 388 4158 sit,
403 4096 445 4147 vis
459 4094 618 4161 argumenti
632 4094 734 4146 eadem
744 4104 795 4146 est.
837 4094 878 4147 Cl.
896 4096 923 4145 K
924 4094 1109 4162 nebenbauer,
1120 4097 1148 4148 in
1163 4097 1230 4150 lsai.
1242 4093 1273 4148 ibi
1280 4109 1286 4159 3

189 4184 303 4254 Cettey,
322 4182 454 4253 Spicileg.
471 4190 491 4235 t.
511 4182 550 4248 ll,
563 4197 589 4250 p.
603 4193 648 4249 97.

215 4276 294 4346 'seca
314 4275 349 4344 X,
368 4274 459 4342 17-18.
482 4305 516 4311 -
539 4277 549 4308 ³
565 4267 612 4325 De
630 4269 752 4331 Trinit,
768 4269 790 4318 l.
809 4267 868 4326 N,
889 4282 917 4316 c.
930 4278 975 4328 η.

228 4576 231 4579 .
263 4572 268 4579 .
282 4556 592 4579 ..ιω-ι
