2684 4634
84 172 123 222 DE
138 171 451 224 RELATIONIBUS
469 170 730 237 murmurium
744 170 1060 222 ,PERSONARUM
1079 170 1144 220 237

75 284 109 294 .-

70 374 71 379 1
93 354 134 405 rat
175 351 236 408 Hic
246 350 346 424 'operae
359 350 486 424 pretium
499 351 553 410 erit
566 351 700 409 divinum
714 351 849 409 Verbum
863 369 931 409 cum
950 351 1042 409 verbo
1062 369 1143 408 men-

66 434 92 491 tis
99 447 198 495 nostrae
210 439 349 510 conferre,
367 449 399 497 ut
411 440 441 495 in
455 438 564 510 quibus
577 439 757 497 conveniant
769 449 799 497 et
813 440 842 495 in
854 440 962 511 quibus
974 440 1143 510 discrepent

62 532 163 591 pareat&

88 607 128 677 (A)
142 609 217 668 Haec
231 621 299 669 sunt
312 611 428 683 utrique
448 611 635 668 communia:
658 612 698 682 (a)
712 621 871 683 utrumque
889 611 1013 669 verbum
1034 621 1077 668 est
1096 629 1142 667 ex·

58 709 142 763 pressa
154 697 295 768 cogniti0,
312 715 365 756 seu
378 699 522 757 terminus
535 697 709 769 cognitione
729 698 901 769 productus,
918 698 1141 755 similitudinem

57 779 157 840 habens
170 784 209 841 rei
231 803 298 856 quae
317 794 418 842 mente
438 784 607 856 percipitur.
648 785 689 855 (b)
703 784 785 840 Sicut
806 783 928 842 verbum
948 795 1082 841 nostrum
1102 783 1141 841 rei

55 870 170 939 cognitae
182 889 320 942 expressa
332 881 377 929 est
389 871 497 941 imago
522 872 562 927 ita
575 871 709 928 Verbum
724 871 858 928 divinum
872 881 916 928 est
930 870 1143 943 perfectissima

56 954 137 1012 Patris
154 957 254 1029 imago
272 967 303 1015 et
323 958 424 1030 figura.
463 957 500 1027 (c)
518 956 811 1029 “Quemadmodum
831 958 954 1014 verbum
974 967 1106 1014 nostrum
1125 975 1143 1014 a

55 1054 143 1101 mente
155 1044 293 1116 gignitur,
308 1063 364 1104 nec
376 1044 457 1102 idem
469 1054 514 1102 est
526 1045 648 1101 omnino
661 1045 743 1116 quod
756 1044 821 1116 ipsa
833 1063 926 1114 mens,
937 1064 991 1103 nec
1003 1046 1090 1117 plane
1100 1044 1142 1101 di-

54 1147 171 1205 versum,
191 1151 260 1190 nam
272 1151 372 1190 cuma
385 1142 485 1190 mente
498 1131 709 1204 proficiscatur,
722 1132 803 1189 aliud
822 1142 866 1189 est
885 1151 975 1205 quam
995 1151 1094 1198 mens;
1113 1141 1143 1189 et

55 1233 113 1273 cum
126 1230 256 1277 mentem
271 1220 365 1292 ipsam
379 1220 501 1286 indicat,
521 1237 581 1277 non
600 1230 644 1276 est
664 1237 783 1290 prorsus
803 1219 841 1276 ab
854 1221 904 1278 illa
916 1221 1073 1290 diversum,
1089 1219 1141 1276 sed

56 1320 113 1360 cum
125 1307 161 1363 sit
172 1325 264 1364 unum
279 1309 390 1379 naturai,
406 1307 487 1365 aliud
500 1317 599 1364 tamen
613 1304 749 1376 subjecto
763 1317 818 1377 est;
837 1307 918 1365 sicet
929 1307 985 1364 Dei
997 1306 1138 1376 Verbum,

58 1392 98 1459 qui
110 1392 199 1451 Filius
212 1405 264 1463 est,
281 1404 427 1466 quatenus
441 1393 560 1465 propria
572 1393 704 1450 subsistit
715 1393 848 1464 persona,
861 1393 943 1452 abeo
953 1393 1142 1465 distinguitur

59 1493 133 1548 aquo
145 1482 280 1552 genitum
292 1492 347 1549 est;
366 1492 513 1554 quatenus
526 1490 625 1538 autem
641 1480 690 1537 illa
703 1482 732 1536 in
746 1499 777 1538 se
790 1480 926 1552 exprimit
939 1499 1006 1552 quae
1018 1498 1141 1538 cernun-

60 1567 131 1622 turin
147 1568 223 1640 Deo,
240 1587 333 1625 unum
346 1569 450 1629 naturai
462 1586 531 1625 cum
546 1567 596 1624 illo
610 1567 697 1625 est''².
738 1568 778 1638 (d)
792 1567 873 1624 Sicut
893 1567 1014 1624 verbum
1034 1567 1142 1624 mentis

60 1651 109 1712 sine
120 1657 311 1729 corruptione
324 1657 491 1730 concipitur
504 1667 533 1716 et
546 1658 665 1729 paritur,
679 1655 719 1713 ita
733 1656 825 1713 Filius
839 1654 930 1711 modo
950 1653 1141 1711 intellectuali

60 1755 86 1794 ac
96 1743 223 1814 virgineo
236 1762 252 1801 a
266 1745 352 1802 Patre
365 1755 409 1803 est
421 1744 547 1816 genitus.
586 1744 624 1813 (e)
638 1744 765 1799 “Potest
784 1761 848 1800 esse
867 1743 988 1799 verbum
1008 1753 1142 1798 nostrum

60 1830 125 1895 quod
138 1849 199 1889 non
213 1843 353 1904 sequatur
365 1850 441 1904 opus
446 1855 453 1899 ς
472 1849 548 1904 opus
559 1840 657 1888 autern
667 1848 731 1888 esse
742 1848 803 1886 non
812 1839 917 1902 potest,
928 1829 983 1885 nisi
994 1829 1142 1901 praecedat

59 1916 178 1986 verbum;
198 1919 241 1976 sic
254 1930 283 1977 et
295 1918 430 1977 Verbum
452 1919 509 1976 Dei
531 1918 628 1989 potuit
648 1936 712 1975 esse
736 1917 816 1973 nulla
835 1918 980 1974 existente
999 1916 1138 1986 creatura,

58 2015 175 2063 creatura
188 2024 258 2064 vero
270 2006 352 2064 nulla
364 2024 428 2064 esse
442 2015 550 2078 posset,
568 2005 623 2061 nisi
637 2022 690 2077 per
703 2005 807 2076 ipsum,
825 2022 877 2076 per
890 2004 972 2075 quod
984 2003 1062 2062 sacta
1074 2014 1142 2061 sunt

57 2093 187 2151 omnia''³.

82 2179 124 2251 (B)
134 2179 288 2238 Nonnulla
295 2190 394 2238 tamen
403 2189 472 2237 sunt
480 2179 650 2237 discrimina
659 2179 734 2236 inter
744 2177 877 2236 Verbum
888 2177 944 2235 Dei
954 2187 983 2235 et
993 2188 1141 2236 nostrum:

54 2262 85 2333 (a)
96 2277 228 2325 creatum
242 2269 365 2327 verbum
380 2287 440 2325 non
454 2285 490 2326 ex
502 2268 567 2341 ipsa
585 2267 721 2340 procedit
741 2266 870 2323 essentia
889 2267 1023 2336 dicentis,
1038 2268 1088 2325 sed
1107 2285 1142 2324 ex

15 2390 18 2409 .
52 2351 104 2420 ejus
116 2355 249 2425 scientia,
263 2356 450 2428 proindeque
470 2355 609 2426 accidens
629 2363 680 2424 est,
698 2354 769 2412 dum
791 2354 925 2411 Verbum
948 2355 1003 2412 Dei
1024 2356 1141 2425 exejus

14 2422 18 2465 ¹
50 2441 169 2498 essentia
181 2442 286 2513 prodit,
304 2460 397 2514 quum
411 2441 441 2499 in
454 2459 491 2499 eo
512 2459 577 2500 esse
597 2452 627 2498 et
647 2440 809 2511 intelligere
829 2441 888 2498 sint
908 2441 982 2512 quid
1002 2459 1093 2498 unum
1113 2452 1142 2499 et

48 2522 130 2599 idem,
146 2538 177 2586 et
190 2539 234 2587 est
246 2547 314 2587 vere
326 2529 498 2586 subsistens.
539 2528 579 2598 (b)
592 2527 733 2586 Creatum
747 2527 869 2584 verbum
885 2545 944 2584 non
956 2540 999 2584 est
1008 2546 1141 2585 coaevum

46 2608 111 2669 illia
130 2632 196 2686 quo
212 2615 396 2689 producitur,
410 2634 466 2674 nec
485 2624 671 2688 perpetuum,
687 2615 740 2672 sed
760 2614 923 2672 identidem
943 2616 1034 2672 oritur
1052 2626 1142 2686 atque

43 2695 138 2758 interit
143 2724 151 2770 ;
170 2703 242 2760 dum
256 2702 389 2761 Verbum
404 2704 461 2762 Dei
475 2713 518 2761 est
532 2703 610 2759 Patri
624 2712 803 2760 coaeternum
823 2712 852 2759 et
871 2697 1065 2770 immutabile,
1078 2719 1140 2772 per-

41 2797 193 2859 petuoque
214 2788 351 2861 gignitur.
391 2791 429 2862 (c)
449 2789 583 2847 Verbum
604 2798 736 2846 nostrum
760 2808 795 2845 ex
816 2787 980 2858 indigentie
1003 2787 1141 2858 produci·

40 2891 113 2942 mus,
132 2875 220 2933 Pater
232 2893 303 2934 vero
316 2894 351 2934 ex
363 2876 549 2934 abundantia
561 2885 590 2934 et
604 2875 786 2933 fecunditate
799 2874 932 2932 Verbum
947 2873 1020 2932 dicit
1032 2886 1061 2932 et
1075 2892 1141 2946 pro·

38 2961 146 3019 fundit.

89 3099 158 3167 127.
203 3085 268 3150 III.
287 3067 474 3150 Corollaria.
525 3099 557 3148 10
582 3084 719 3148 Verbum
742 3105 763 3144 a
785 3084 888 3145 Patre
905 3084 1054 3163 genitum
1068 3084 1143 3163 ficit

35 3211 56 3250 a
72 3189 142 3251 tout
162 3189 347 3266 eternitate,
364 3211 425 3252 non
450 3199 557 3251 autern
583 3189 617 3251 in
643 3190 709 3269 ipso
733 3188 873 3250 instanti
891 3188 1139 3250 ‘Incarnatzbms

35 3293 90 3354 De
106 3291 174 3354 fide
190 3301 248 3355 est.

77 3395 141 3477 (A)
167 3395 299 3458 Dicitur
322 3396 409 3458 enim
436 3396 468 3456 in
495 3394 658 3477 Symbolo
674 3387 869 3458 Nic-Consi.
883 3419 894 3458 .·
920 3395 1091 3458 “Cred0....
1108 3396 1138 3455 in

34 3519 141 3561 unum
161 3499 202 3561 D.
217 3499 245 3580 J.
263 3499 442 3575 Christum,
457 3499 578 3561 Filium
597 3500 659 3561 Dei
683 3500 903 3580 unigenitum,
920 3509 952 3560 et
976 3520 1019 3559 ex
1045 3501 1141 3561 Patre

34 3612 155 3666 natum
171 3612 247 3664 ante
261 3604 371 3665 omnia
385 3603 530 3671 scecula'’.

76 3705 139 3787 (Β)
162 3705 255 3769 ldem
272 3715 405 3769 constat
420 3706 598 3787 Scriptura,
614 3707 669 3768 ubi
687 3708 826 3769 dicitur:
853 3707 1047 3767 “Dominus
1065 3727 1140 3785 pos-

34 3811 122 3872 sedit
139 3809 242 3870 mein
260 3809 353 3872 initio
363 3811 497 3880 viarum
515 3830 659 3886 suarum,
677 3821 753 3873 ante
770 3810 869 3872 colles
893 3830 956 3891 ego
981 3811 1139 3892 parturie-

35 3952 67 3963 0·-

69 4022 77 4044 ¹
92 4020 137 4072 Cf.
154 4023 185 4073 S.
207 4019 256 4072 Ta.
274 4020 304 4072 C.
320 4020 403 4073 Gent.
423 4021 471 4087 lV,
485 4038 508 4072 c.
530 4036 570 4088 13;
591 4021 689 4074 Petav.
707 4020 871 4085 1.V1,c.2;
891 4020 1013 4081 Hurter,
1035 4035 1061 4070 n.
1077 4033 1138 4084 2553

33 4107 197 4171 Monsabre',
211 4107 319 4161 Confer.
339 4109 401 4160 Car.
420 4109 493 4174 1874,
509 4125 534 4175 p.
552 4114 628 4160 180..

67 4195 121 4247 ²5.
130 4193 163 4262 J.
179 4195 345 4247 Damascen.
361 4194 397 4246 de
412 4195 481 4247 Fide
495 4194 670 4258 Orthodoxa,
684 4193 700 4244 l.
718 4194 739 4257 l,
753 4210 776 4246 c.
793 4192 819 4243 6.

67 4281 136 4335 ³Cs.
153 4281 183 4333 S.
197 4280 321 4349 August.
337 4281 373 4333 de
386 4281 484 4335 Triuit.
502 4282 519 4334 l.
537 4282 601 4345 XV,
615 4299 637 4335 c.
656 4296 693 4333 11.
