2684 4634
116 172 182 222 338
563 167 702 219 CAPUT
720 167 777 216 111.

114 343 261 423 jusmodi
285 342 481 406 differentiae
505 345 670 425 gradatim
696 344 897 417 minuuntur,
914 352 948 405 et
974 353 1028 405 sat
1053 343 1206 405 evidenter

118 459 256 530 apparet
280 449 449 529 quomodo
473 449 564 510 color
587 447 770 510 successive
794 444 915 506 mutari
943 446 1101 525 potuerit,
1117 446 1206 507 donec

119 561 230 613 tamen
248 573 306 633 per
321 551 538 614 hereditatem
563 553 668 632 magis
692 549 820 612 stabilis
844 548 995 611 evaserit.
1045 548 1140 611 ldem
1155 546 1205 608 dici
1252 596 1254 621 3

119 662 229 733 potest
253 656 294 716 de
317 654 389 714 aliis
412 654 643 733 discrepantiis
666 672 741 733 quae
766 672 808 712 ex
833 650 957 712 cerebri
976 650 1147 712 volumine
1161 658 1206 711 aut
1249 687 1252 723 2

120 754 265 835 pondere
274 756 324 816 vel
342 777 386 817 ex
400 755 507 817 saciali
524 756 647 837 angulo
660 758 897 818 desumuntur:
922 754 994 816 haec
1008 755 1100 817 enim
1117 752 1204 835 expli-

120 861 184 920 cari
202 869 341 941 possunt
357 881 401 921 ex
418 860 548 922 diverso
563 861 640 922 vitae
657 880 787 941 genere,
803 880 846 920 ex
864 858 977 921 labore
995 856 1204 923 intellectuali,
1248 893 1254 900 -

122 964 150 1024 vi
168 962 260 1042 cujus
278 964 446 1025 cerebrum
472 965 583 1044 augeri
608 972 728 1045 potest,
744 972 777 1025 et
794 963 930 1025 tandem
953 983 998 1026 ex
1023 959 1203 1024 hereditarii

121 1067 379 1129 transmissione.

166 1231 230 1294 130.
277 1218 325 1299 (b)
344 1219 501 1299 Arguunt
525 1221 658 1300 insuper
682 1240 721 1281 ex
738 1220 929 1299 linguarum
951 1220 1119 1292 varietate,
1144 1237 1200 1298 qua

122 1331 191 1383 tam
216 1323 363 1404 dispares
388 1333 465 1386 sunt
489 1333 525 1385 ut
549 1323 592 1385 ab
616 1344 683 1385 uno
706 1325 818 1405 stipite
842 1324 918 1385 oriri
943 1343 1010 1385 non
1028 1323 1201 1404 potuerint:

124 1425 190 1488 Sed
209 1427 393 1488 notandum
410 1437 460 1489 est
478 1427 509 1487 in
527 1428 642 1507 primis
659 1426 749 1488 illam
763 1426 995 1507 disparitatem
1009 1425 1109 1488 valde
1121 1442 1201 1504 exag-

123 1538 271 1610 geratam
289 1529 396 1605 fuisse,
409 1550 511 1610 quum
529 1529 570 1591 de
587 1528 675 1591 sacto
686 1550 802 1591 omnes
820 1517 943 1608 linguae
959 1527 1001 1589 ad
1016 1538 1082 1591 tres
1098 1527 1201 1608 species

124 1633 266 1693 revocari
284 1633 412 1713 possint
428 1632 701 1712 (uranosyllobam,
717 1631 1006 1712 agglutinativam,
1021 1623 1203 1710 flexibilem),

124 1757 198 1818 quae
223 1737 304 1798 nihil
321 1738 410 1800 aliud
428 1758 500 1799 esse
516 1739 671 1800 videntur
695 1737 757 1798 nisi
782 1735 941 1799 naturalis
957 1735 1106 1797 evolutio
1128 1733 1204 1795 unius

124 1840 340 1922 ejusdemque
358 1841 487 1921 linguae.
528 1842 668 1921 Insuper
681 1839 737 1901 illa
749 1839 926 1920 disparitas
940 1838 1101 1919 explicari
1115 1841 1206 1918 potest

125 1943 176 2005 vel
194 1944 496 2024 supernaturaliter,
509 1953 608 2023 prout
625 1953 776 2006 narratur
793 1963 812 2005 a
830 1945 948 2024 Moyse
962 1955 983 2017 1,
1000 1941 1051 2004 vel
1070 1938 1207 2003 naturali-

126 2057 176 2109 ter
192 2067 251 2128 per
265 2047 371 2108 solam
389 2046 588 2128 populorum
614 2047 870 2126 dispersionem;
905 2045 1115 2125 experientia
1136 2043 1209 2104 enim

127 2161 258 2213 constat
272 2151 414 2232 populos
427 2151 577 2232 ejusdem
589 2151 735 2231 originis
748 2149 803 2230 qui
818 2149 860 2210 ab
874 2147 969 2223 initio
979 2149 1098 2210 eadem
1116 2146 1212 2227 lingui

128 2256 314 2331 utebantur,
335 2256 500 2336 gradatim
526 2255 571 2316 ita
595 2254 775 2315 mutavisse
799 2251 1005 2332 primitivum
1030 2267 1213 2320 sermonem,

128 2368 173 2432 ut,
189 2367 265 2439 post
282 2357 415 2439 aliquod
441 2368 582 2439 tempuS,
599 2376 720 2418 novam
737 2354 839 2416 veluti
864 2353 1014 2433 linguam
1037 2352 1214 2415 creaverint.

129 2460 276 2523 Aliunde
291 2481 358 2541 quo
382 2461 512 2541 longius
536 2459 745 2541 progreditur
763 2456 946 2538 philologia
969 2465 1171 2536 comparata,
1185 2472 1216 2514 eo

128 2563 246 2624 clarius
270 2571 408 2642 apparet
432 2561 571 2642 linguas
595 2580 669 2640 quae
693 2557 790 2618 valde
814 2557 953 2618 diversae
976 2556 1086 2635 primo
1110 2554 1216 2616 intuitu

128 2666 334 2741 videbantur,
351 2685 563 2727 communem
586 2663 706 2724 habere
730 2659 899 2738 originem.
948 2658 1000 2718 lta
1017 2678 1045 2719 v.
1062 2677 1092 2738 g.
1110 2655 1217 2736 linguis

131 2769 296 2834 Semiticis
312 2779 345 2831 et
364 2767 671 2830 ludo-Germanicis
696 2772 746 2826 tot
763 2771 840 2824 sunt
857 2761 1049 2822 communia
1065 2761 1219 2822 elementa

130 2868 400 2941 fundamentalia,
417 2880 453 2930 ut
471 2870 636 2948 linguistae
654 2864 751 2927 valde
768 2863 986 2945 probabiliter
1002 2862 1148 2925 inserant
1170 2879 1217 2922 eas

131 2995 174 3034 ex
188 2972 356 3034 communi
374 2971 466 3032 fonte
479 2972 580 3031 oriri2.
631 2971 704 3032 lmo
721 2971 752 3029 in
771 2954 926 3030 omnibus
944 2969 1066 3048 linguis
1087 2966 1219 3030 invenire

132 3087 181 3138 est
198 3075 352 3156 quaedam
367 3075 557 3136 communia
575 3074 761 3136 elementa:
787 3071 938 3132 nonnulli
955 3080 1034 3132 sunt
1050 3071 1124 3131 soni
1141 3070 1218 3130 iden·

134 3180 187 3241 tici
202 3178 251 3239 vel
266 3177 362 3238 valde
379 3177 512 3249 similes
527 3180 708 3258 praesertim
721 3174 831 3256 quoad
845 3173 1112 3235 exclamationes
1128 3197 1133 3235 :
1150 3190 1219 3233 non·
1252 3194 1254 3199 ·

134 3278 232 3341 nullae
249 3278 370 3358 pariter
387 3286 463 3337 sunt
489 3278 692 3358 metaphorae
710 3287 742 3338 et
758 3274 1030 3350 construetioneS,
1046 3296 1123 3357 quae
1144 3292 1219 3337 com-

134 3397 267 3441 munem
293 3377 454 3455 originem
480 3380 618 3457 prodere
634 3379 795 3442 videntur.
842 3379 995 3441 Tandem
1018 3399 1061 3440 ex
1087 3399 1127 3440 eo
1143 3372 1219 3458 quod

134 3503 249 3543 omnes
265 3491 297 3542 et
314 3480 374 3542 soli
386 3480 537 3541 homines
551 3481 706 3561 loquendi
720 3482 877 3546 facultate
891 3483 1049 3564 polleant,
1061 3482 1150 3544 haud
1162 3481 1221 3542 leve

134 3586 298 3665 colligitur
314 3593 547 3663 argumentum
566 3605 621 3645 eos
638 3606 681 3648 ex
699 3587 868 3648 communi
886 3595 1023 3668 parente
1040 3586 1127 3648 oriri.

134 3738 188 3745 .--

171 3818 254 3870 1(ἱινι.
269 3817 320 3871 XI.
338 3817 387 3867 1-8.

169 3904 242 3958 ²Csr.
261 3903 415 3955 llumbolu't
428 3901 501 3968 apud
519 3901 612 3963 Tlrer'n,
627 3918 672 3968 op.
689 3902 733 3954 cit.
749 3919 775 3953 n.
793 3916 855 3967 277;
876 3900 1078 3965 McmMr'r'ller,
1093 3899 1225 3952 Wissens-

135 3993 208 4045 chast
230 3993 279 4044 der
299 3991 433 4058 Sprache.
449 4000 476 4041 et
500 3990 649 4047 Stcinllurl,
667 3990 762 4041 Ueher
781 3989 837 4042 den
853 3990 1004 4058 Ursprung
1026 3988 1077 4040 der
1097 3985 1224 4056 Sprache.

137 4080 281 4144 lirrcvrlup.
298 4079 408 4128 Britan.
427 4076 563 4127 vocabulo
577 4074 798 4144 Anrurapolqgry,
816 4077 842 4128 V
848 4096 854 4138 ;
875 4076 1036 4140 Gt'esswer'n‚
1049 4076 1088 4127 La
1102 4069 1226 4127 1(έάυὲὶί-

136 4165 211 4217 tulin<
232 4165 283 4217 cles
306 4165 443 4230 langues.
464 4180 506 4230 up.
528 4162 649 4229 cumpu-
670 4164 788 4225 srr'rvrtif.
813 4164 946 4215 interval.
964 4163 1041 4230 1891,
1066 4157 1223 4227 philologio

121 4274 148 4325 p.
170 4270 203 4321 24
217 4272 260 4325 sq.
