2684 4634
397 161 452 213 DE
471 161 544 214 DEI
563 162 830 213 EXISTENTIA.
1117 163 1156 214 87

59 354 275 409 αυῖειπέυηῖ
300 365 416 408 omnes
441 345 592 407 homines
616 346 648 407 in
672 344 791 426 quibus
812 365 877 406 non
895 345 1010 407 subest
1024 344 1158 407 scientia

58 450 140 530 Dei;
158 458 196 512 et
211 449 255 511 de
271 449 322 511 his
338 470 410 531 quae
424 449 578 512 videntur
593 449 690 524 bona,
701 468 766 510 non
784 458 963 529 potuerunt
979 448 1161 529 intelligere

51 575 129 616 eum
155 555 216 634 qui
245 563 305 629 est,
328 574 435 635 neque
457 553 601 635 operibus
625 554 836 615 attendentes
860 560 1065 632 agnoverunt
1087 552 1161 634 quis
1188 595 1191 602 -

55 665 141 719 esset
158 655 318 719 artifex.’'
366 655 469 737 Atqui
485 656 636 717 homines
654 655 728 717 vani
748 675 786 716 ac
807 655 898 718 stulti
917 656 1025 718 vocari
1048 655 1160 736 nequi-

55 768 128 822 rent
149 780 197 820 ex
220 779 261 822 eo
281 760 370 840 quo'd
394 760 503 822 Deum
525 760 686 841 ignorent,
702 759 763 819 nisi
783 757 854 821 haec
873 760 993 822 veritas
1009 760 1055 822 ita
1070 769 1160 822 certo

54 863 216 946 cognosci
233 863 341 926 valeat
357 873 394 927 ut
409 865 540 945 sapiens
555 865 598 926 de
614 868 652 925 eft
668 863 818 925 dubitare
839 872 981 943 nequeat
995 886 1001 942 ;
1027 861 1160 925 aliunde

55 968 107 1029 hic
123 968 239 1048 agitur
254 967 295 1028 de
312 966 452 1028 naturali
475 967 538 1029 Dei
557 967 755 1048 cognitione,
771 967 813 1028 de
834 970 872 1027 ea
888 966 1011 1028 scilicet
1026 958 1160 1047 quae'cx

55 1071 127 1152 ejus
153 1070 301 1150 operibus
327 1070 461 1150 agnosci
489 1079 606 1152 potest.
656 1069 745 1132 Hinc
776 1068 1024 1131 alibi1-dicitur
1052 1068 1159 1130 solum

56 1175 272 1256 insipientem
300 1173 385 1235 hanc
409 1173 582 1235 veritatem
610 1191 755 1253 negare:
787 1172 914 1234 “Dixit
944 1171 1098 1253 insipiens
1127 1171 1159 1232 in

56 1279 158 1340 corde
175 1297 257 1339 suo:
277 1296 343 1338 non
360 1285 410 1338 est
427 1275 545 1338 Deus.''

56 1381 104 1462 (b)
125 1380 277 1443 Paulus2
293 1379 414 1461 pariter
436 1380 534 1441 docet
554 1377 711 1452 Gentiles,
727 1376 783 1458 qui
807 1375 1013 1439 revelationis
1037 1374 1161 1438 lumine

56 1485 229 1556 carebant,
245 1484 355 1544 Deum
379 1503 397 1544 e
421 1482 517 1544 rebus
541 1482 659 1543 creatis
682 1500 861 1562 agnoscere
885 1479 1041 1560 potuisse,
1064 1490 1097 1542 et
1120 1480 1162 1542 de

56 1586 148 1650 sano
174 1586 357 1666 generatim
385 1586 585 1667 agnovisse:
612 1583 731 1665 “Quia
753 1583 841 1664 quod
868 1591 983 1644 notum
1011 1591 1060 1644 est
1089 1583 1162 1658 Dei,

58 1690 336 1752 manifestumest
349 1691 380 1751 in
395 1688 479 1766 illis;
501 1689 593 1750 Deus
610 1689 697 1749 enim
716 1687 778 1748 illis
796 1686 1027 1749 manifestavit.
1075 1687 1161 1749 Invi·

57 1793 169 1855 sibilia
186 1793 274 1853 enim
293 1791 403 1872 ipsius
419 1811 438 1852 a
461 1795 609 1853 creaturi
632 1790 755 1865 mundi,
765 1800 828 1870 per
841 1811 878 1850 en
893 1791 1064 1869 qncefniin
1078 1800 1162 1866 snnt,

58 1892 230 1957 intelledm
246 1893 515 1974 conspiciuntur;
537 1894 738 1973 sempiterna
761 1913 894 1974 quoque
918 1893 987 1973 ejus
1012 1893 1113 1955 virtus
1130 1903 1163 1954 et

58 1998 238 2060 divinitas:
262 1998 307 2059 ita
323 2007 361 2058 ut
376 1997 442 2058 sint
459 1995 709 2071 inexcusabiles,
726 1997 813 2076 quia,
829 2017 903 2057 cum
928 1997 1163 2076 cognovissent

59 2103 183 2176 Deum,
208 2121 274 2162 non
307 2101 392 2162 sicut
424 2102 534 2163 Deum
562 2100 835 2182 glorificaverunt.
847 2101 860 2124 ''
915 2101 1070 2181 Jamvero
1099 2101 1162 2162 Dei

59 2205 219 2286 cogniti0,
235 2224 309 2284 quae
325 2215 389 2285 per
409 2225 445 2266 ea
468 2225 538 2284 qun
549 2205 645 2284 satin
667 2214 743 2265 sunt
758 2204 935 2278 obtinetur,
951 2213 1001 2265 est
1017 2203 1163 2284 cognitio

59 2306 223 2370 naturalis
239 2316 272 2368 et
287 2305 472 2370 deduGtiva.

100 2439 130 2504 6.
185 2441 282 2503 Trad.
330 2441 377 2522 (a)
406 2443 519 2503 Patres
545 2442 633 2503 idem
662 2442 797 2505 tradunt
825 2442 1007 2523 praesertim
1035 2442 1066 2502 in
1096 2443 1163 2504 suis

60 2545 317 2608 Commentariis
334 2545 366 2605 in
384 2545 442 2625 Ep,
456 2545 504 2606 nd
512 2545 621 2618 Rom.,·
645 2546 691 2607 ita
705 2544 953 2625 Chrysostomns,
966 2546 1164 2626 inquirendo

59 2652 124 2729 qua
141 2648 270 2710 ratione
295 2649 387 2710 Deus
411 2648 599 2712 Gentilibus
623 2669 694 2709 sese
719 2648 987 2722 manifestaverit,
1003 2649 1115 2711 scribit
1129 2662 1163 2713 3:

60 2752 260 2815 “Vocemne
276 2751 317 2812 ad
335 2749 406 2812 illos
423 2751 536 2813 misit?
582 2747 721 2813 Minime
736 2773 742 2828 ;
765 2771 877 2813 verum
896 2752 927 2813 id
945 2749 1062 2827 effecit,
1074 2753 1164 2832 quod

61 2855 168 2937 magis
185 2854 258 2917 illos
275 2875 375 2936 quam
393 2876 460 2918 vox
477 2855 635 2937 quaelibet
659 2855 823 2918 attrahere
844 2864 994 2936 poterat;
1017 2866 1163 2918 creatum

60 2960 175 3022 orbem
193 2959 226 3019 in
245 2958 354 3020 medio
370 2959 504 3039 posuit:
527 2958 573 3020 ita
589 2959 730 3039 sapiens
743 2958 855 3033 idiota,
868 2957 994 3038 scytha,
1007 2958 1165 3022 barbarus

61 3084 102 3124 ex
119 3060 194 3125 solo
211 3062 331 3123 intuitu
349 3060 527 3122 visibilium
544 3061 823 3141 pulchritudinem
842 3058 978 3122 edodlus
995 3064 1036 3124 ad
1055 3063 1164 3124 Deum

60 3167 284 3228 conscendere
301 3165 437 3245 potest.’'

59 3269 107 3350 (b)
147 3267 337 3331 Vaticanum
363 3266 396 3327 id
425 3267 524 3327 etiam
554 3265 716 3340 definivit,
741 3266 878 3348 ejusque
906 3265 1092 3329 dodtrinam
1121 3289 1164 3330 ex

57 3371 157 3434 Anas
179 3371 281 3451 ipsius
305 3369 444 3433 Concilii
467 3388 637 3449 exponere
658 3369 775 3449 juvat;
798 3371 976 3433 declaravit
1001 3371 1164 3452 siquidem

59 3481 73 3507 “
88 3476 212 3548 Deum,
225 3492 331 3534 rerum
348 3471 498 3533 omnium
506 3471 705 3552 principium
722 3481 754 3534 et
762 3472 875 3552 finem,
889 3473 1037 3534 nntnrnli
1050 3473 1165 3535 huma-

58 3599 111 3640 nae
137 3574 276 3637 rationis
299 3573 422 3635 lumine
446 3594 464 3634 e
488 3573 578 3636 rebus
605 3574 719 3635 cientis
745 3584 826 3635 certo
848 3576 989 3654 cognosci
1010 3596 1115 3656 posse.
1127 3576 1166 3630 ”4

61 3681 129 3741 Hic
147 3698 213 3739 non
230 3684 281 3739 est
296 3677 438 3756 quaestio
454 3675 492 3737 de
503 3677 598 3752 finio,
615 3685 724 3738 utrum
749 3677 869 3757 singuli
886 3677 1036 3739 homines
1054 3679 1165 3759 cogni-

58 3784 187 3846 tionem
206 3780 269 3841 Dei
286 3779 439 3841 hauriant
456 3799 473 3840 e
490 3777 586 3840 rebus
604 3781 730 3855 creatis
743 3781 801 3841 sed
815 3779 856 3841 de
862 3780 1008 3861 potentii
1021 3782 1165 3856 rationis

58 3883 198 3964 quando
210 3880 280 3961 jam
297 3880 359 3942 suit
373 3881 565 3962 sufficienter
578 3882 704 3942 evoluto
715 3905 729 3953 ,·
751 3883 870 3944 dicitur
887 3889 901 3914 “
913 3883 1093 3958 nnlnruli'',
1107 3904 1167 3945 nec

60 3989 177 4050 Patres
193 3985 315 4046 addere
331 3982 505 4046 voluerunt
522 3983 596 4044 “uti
621 4002 707 4042 nunc
732 3991 790 4057 est,
807 3982 856 4043 vel
882 3984 912 4043 in
934 3992 1021 4045 statu
1040 3994 1166 4045 naturae

985 4119 1168 4127 ..———-

95 4203 104 4226 ¹
118 4200 164 4252 Ps.
180 4199 265 4266 Xlll,
280 4212 302 4251 1.
318 4226 353 4236 -
365 4201 375 4224 ²
388 4198 465 4249 Rom.
483 4197 505 4259 l,
524 4209 658 4260 ¹9·21·-·
677 4209 687 4240 ³
701 4192 853 4258 Clnpsost„
872 4193 967 4247 homil.
988 4210 1003 4262 3
1024 4194 1052 4248 in
1072 4213 1114 4265 ep.
1129 4196 1165 4249 acl

64 4290 147 4341 Rom.
164 4302 191 4340 n.
208 4300 232 4339 2.
249 4315 280 4323 -
294 4286 305 4318 ⁴
318 4285 393 4339 Sess.
413 4285 469 4349 ΙΙΙ,
482 4300 543 4350 cap.
561 4281 596 4334 de
612 4279 804 4337 Revelatione.

724 4568 731 4571 .
759 4556 800 4571 -k
