2684 4634
472 176 527 226 DE
547 177 729 226 HOMINE.
1093 176 1152 225 371

51 355 182 418 homini
208 357 337 434 collata,
359 369 409 422 est
434 360 579 423 medium
607 357 875 440 supernaturale3
903 379 982 440 ergo
1005 358 1088 435 finis,
1111 358 1154 421 ad

52 479 154 540 quem
178 462 365 525 destinatus
387 462 457 538 suit,
480 473 530 526 est
552 464 674 544 pariter
695 463 960 544 supernaturalis.
1008 462 1154 525 Aliunde

52 562 270 642 probavimus
293 566 394 627 etiam
416 566 585 629 hominem
612 566 654 629 ad
676 566 825 647 gloriam,
843 587 900 628 seu
923 566 965 628 ad
993 566 1151 629 visionem

52 665 244 729 beatificam
260 667 426 745 destinari,
441 690 526 750 quae,
541 690 584 732 ex
600 667 706 746 dietis,
719 679 807 732 certe
822 669 1079 751 supernaturalis
1094 681 1152 732 est.

97 836 167 905 175.
216 840 251 888 20
267 828 383 891 Status
398 839 527 894 natura
532 841 629 911 pura
648 841 696 893 est
709 830 874 911 possibilis
884 843 904 893 1.
951 831 1085 894 Certum
1102 840 1152 893 est

52 937 172 991 contra
186 930 331 994 Baianos
346 935 402 1014 qui
418 934 569 997 absolute
588 943 764 997 tenuerunt
787 955 853 997 non
876 935 1024 1016 potuisse
1046 936 1151 996 homi-

52 1052 129 1093 nem
148 1036 250 1096 creari
274 1036 306 1097 in
329 1045 417 1099 statu
439 1047 566 1100 naturae
585 1059 684 1119 purae,
700 1047 733 1100 et
754 1039 917 1119 quosdam
935 1038 1150 1120 Augustiana-

52 1148 138 1211 nos2,
155 1138 212 1217 qui
228 1140 475 1203 contendebant
494 1141 525 1203 id
550 1140 618 1203 fieri
640 1162 737 1223 posse
757 1141 891 1221 quidem
908 1141 1068 1217 absolute,
1084 1161 1149 1203 non

51 1248 167 1301 autem
191 1242 327 1304 attentis
351 1244 414 1306 Dei
437 1245 612 1322 attributis,
635 1245 705 1325 ejus
728 1246 910 1327 praesertim
934 1245 1095 1325 sapientia
1118 1254 1150 1306 et

51 1342 214 1407 bonitate.

95 1445 241 1510 Constat
256 1469 322 1510 non
338 1449 445 1512 solum
461 1470 505 1511 ex
520 1450 736 1513 damnatione
755 1449 990 1531 propositionis
1005 1448 1086 1510 Bat't'
1098 1467 1150 1508 su-

51 1570 111 1630 pra
137 1550 258 1628 allatae,
284 1554 466 1617 sedetiam
491 1555 618 1616 ratione
644 1553 837 1634 theologica.
884 1552 1017 1614 Etenim
1045 1560 1150 1614 status

52 1664 184 1717 naturae
198 1677 289 1738 purae
305 1660 455 1722 consistit
471 1661 502 1721 in
519 1668 559 1722 ed
575 1660 662 1740 quod
680 1658 781 1720 homo
796 1657 838 1719 ad
854 1655 953 1718 finem
967 1655 1149 1717 naturalem

51 1759 246 1837 destinetur,
259 1761 433 1843 mediaque
445 1762 641 1826 sufficientia
651 1764 692 1824 ad
705 1763 793 1824 hunc
805 1760 903 1822 finem
917 1759 1149 1839 attingendum

39 1862 216 1942 ,accipiat3
243 1866 345 1945 atqui,
361 1866 452 1928 Deus
469 1887 535 1928 non
552 1875 682 1928 tenetur
698 1865 821 1946 aliquid
840 1862 983 1944 amplius
999 1861 1077 1923 dare
1093 1862 1150 1923 ho·

53 1966 145 2040 mini,
161 1987 264 2048 quum
280 1988 323 2031 ex
340 1967 445 2048 dietis,
460 1979 531 2033 tum
547 1971 663 2050 gratia,
679 1979 749 2032 tum
766 1969 853 2030 bona
869 1965 1150 2048 praeternaturalia

52 2069 119 2130 sint
142 2068 270 2133 homini
294 2092 425 2153 prorsus
448 2073 604 2136 indebita.
651 2074 721 2135 Nec
740 2073 772 2134 in
796 2073 858 2134 hoc
878 2071 1007 2133 laeditur
1027 2070 1151 2132 bonitas

53 2169 176 2248 divina,
200 2194 275 2254 quae
301 2177 381 2238 satis
413 2175 642 2238 manifestatur
668 2197 725 2256 per
749 2176 956 2256 largitionem
987 2174 1149 2236 donorum

54 2275 264 2353 naturalium,
281 2287 339 2340 aut
358 2279 526 2359 sapientia,
541 2300 615 2360 quae
635 2279 769 2360 requirit
793 2279 899 2339 solum
922 2287 957 2339 ut
982 2277 1073 2339 Deus
1093 2278 1150 2339 ho-

55 2377 135 2437 mini
148 2378 296 2458 praebeat
311 2380 421 2443 media
436 2382 477 2444 ad
494 2381 593 2445 finem
606 2403 699 2445 suum
713 2382 945 2462 attingendum
960 2383 1150 2443 necessaria.

57 2475 175 2557 Neque
190 2478 255 2541 dici
271 2490 381 2561 potest
397 2481 430 2542 in
446 2481 508 2544 hoc
525 2492 612 2545 statu
629 2486 929 2565 concupiscentiam
949 2485 1150 2565 insuperabi-

56 2579 119 2642 lem
136 2580 246 2660 iuisse‚
262 2605 361 2665 quum
378 2586 477 2649 hodie
493 2587 624 2649 nonnisi
644 2589 751 2667 gratia
771 2589 941 2666 vincatur;
965 2610 1040 2651 nam
1059 2590 1151 2650 Deus

55 2686 200 2764 gratuita
216 2689 341 2751 auxilia
356 2690 480 2752 ordinis
497 2691 654 2754 naturalis
670 2691 864 2771 praebuisset
888 2692 928 2753 ad
950 2693 1151 2754 tentationes

56 2786 243 2854 vincendas.

98 2951 167 3033 176.
216 2965 251 3032 30
270 2953 302 3015 T
299 2954 421 3035 riplicis
426 2958 556 3036 generis
571 2957 650 3018 bana
659 2956 936 3036 protoparentibus
954 2957 1068 3018 collata
1075 2959 1151 3036 fue-

58 3063 135 3116 runt
148 3078 160 3117 .·

59 3171 103 3253 (a)
135 3172 232 3235 Bona
262 3175 438 3250 naturalia,
467 3175 591 3238 scilicet
621 3196 739 3256 corpus
775 3188 808 3238 et
841 3178 952 3242 anima
983 3180 1151 3243 rationalis

58 3272 224 3339 intellestu
249 3286 282 3338 et
305 3277 476 3341 voluntate
499 3279 639 3360 praedita
661 3301 736 3342 cum
763 3300 923 3345 concursu
948 3283 1088 3345 naturali
1115 3296 1151 3346 ut

59 3381 261 3461 explicatum
277 3391 327 3444 est
343 3383 374 3444 in
394 3383 614 3465 Philosophia

59 3491 106 3581 (b)
133 3495 232 3558 Bona
249 3499 544 3578 praeternaturalia,
566 3500 690 3562 scilicet
718 3500 909 3563 immunitas
932 3500 974 3562 ab
998 3502 1150 3581 ignoran-

60 3600 108 3676 tin,
122 3601 401 3682 concupiscentia,
415 3602 530 3665 dolore
545 3613 578 3665 et
594 3613 707 3666 morte.

60 3712 102 3797 (c)
126 3716 223 3778 Bona
251 3719 522 3798 supernaturalia,
546 3718 670 3780 scilicet
700 3719 806 3798 gratia
836 3715 1045 3779 sanctificans
1076 3739 1150 3780 cum

60 3819 231 3883 virtutibus
247 3819 361 3883 inlusis
377 3820 514 3902 aliisque
530 3820 707 3903 privilegiis
723 3842 796 3903 quae
814 3841 886 3883 eam
903 3823 1111 3884 comitantur.

733 3971 859 3978 ——„.
868 3974 918 3978 --...
936 3973 966 3977 ....
975 3973 1019 3978 ...-
1050 3972 1125 3982 ἡ
1133 3975 1152 3981 ,-

87 4055 96 4078 ¹
109 4049 152 4105 Cf.
173 4045 283 4114 Casini,
296 4064 340 4117 op.
356 4047 417 4112 cit.;
429 4048 463 4102 de
475 4048 584 4114 Rubeis,
597 4049 633 4102 de
648 4049 767 4102 Peccato
781 4047 879 4116 origin.
895 4065 919 4101 c.
936 4049 984 4114 38;
1003 4049 1150 4115 Palmt'eri,

60 4135 92 4190 th.
107 4149 161 4205 473
180 4134 332 4202 Maxalla,
345 4152 372 4188 n.
388 4136 441 4189 880
453 4152 508 4205 sq.;
528 4136 620 4189 Pescla.
637 4153 663 4188 n.
681 4150 731 4199 ²24
746 4153 786 4204 sq.

86 4221 200 4289 'Berti,
212 4222 445 4290 Augustinianum
463 4233 586 4290 systema
606 4223 791 4293 vindicatum,
805 4223 859 4279 dis.
877 4224 918 4278 ll.
933 4241 959 4278 c.
977 4238 1003 4291 t,
1013 4221 1033 4294 ξ
1044 4221 1075 4286 fi,
1088 4239 1119 4274 n.
1132 4223 1170 4284 to,

56 4311 188 4374 Monam,
207 4307 308 4361 Vindio
321 4309 446 4377 August,
462 4327 484 4364 c.
502 4311 590 4382 ling
607 4314 645 4368 ll.
