2684 4634
285 110 340 160 DE
359 111 575 162 MYSTERIO
592 112 923 163 REDEMPTIONIS.
1090 113 1155 164 563

47 307 135 369 ergo
158 290 277 354 docete
299 312 416 356 omnes
439 296 630 376 gentes...''1.
686 294 737 377 (b)
763 297 902 378 Insuper
925 296 1085 372 Christus,
1108 315 1156 356 ra-

56 390 148 454 tione
160 394 292 457 unionis
308 394 536 477 hypostatica,
547 399 788 480 plenitudinem
803 399 950 463 scientiae
960 399 1085 472 habuit,
1097 416 1158 458 nec

55 496 229 559 scientiam
253 519 347 561 suam
372 520 416 563 ex
438 501 586 582 Judaicis
610 502 731 565 scholis
754 503 805 565 vel
829 503 945 584 graecis
965 501 1083 578 hausit,
1099 499 1157 562 sed

55 598 184 679 absque
199 600 298 664 uIIIus
315 604 464 685 magistri
481 605 618 668 humani
632 626 704 688 ope,
715 606 831 687 plenus
845 607 982 668 scientie
993 614 1026 668 et
1039 601 1158 667 doctri·

54 705 97 763 na
116 714 265 784 repertus
280 716 350 770 est:
367 708 439 771 “Et
457 709 662 773 mirabantur
676 710 794 790 Judaei,
805 708 972 772 dicentes:
989 706 1159 788 quomodo

53 804 108 868 hic
127 807 254 871 litteras
270 811 341 884 scit,
357 831 432 873 cum
450 831 515 873 non
534 812 686 876 didicerit
697 813 760 874 ’Ἢ

97 909 167 990 (Β)
180 910 331 976 Christus
352 923 402 976 est
426 915 540 976 unt'cus
559 916 681 978 Dolior
697 925 727 978 ct
746 914 914 996 Magister
932 933 1021 976 novce
1039 913 1159 992 Legi5,·

53 1033 134 1075 nam
152 1013 204 1095 (a)
219 1014 281 1078 hoc
297 1017 478 1081 declaravit
496 1020 593 1081 Pater
616 1018 768 1093 coelestis
784 1019 864 1081 dum
882 1018 914 1079 in
932 1013 1158 1095 Transfigura-

53 1119 150 1180 tione
166 1119 274 1184 dixit:
298 1126 315 1153 “
330 1122 396 1185 Hic
411 1134 462 1188 est
478 1123 564 1186 lilius
581 1143 695 1186 meus:
720 1123 829 1205 Ipsum
835 1121 958 1184 'audite
970 1121 986 1147 '’
996 1131 1017 1183 3.
1064 1118 1158 1180 Idem

55 1240 216 1302 expresse
231 1223 329 1286 docet
346 1223 494 1288 Christus
512 1228 582 1308 ipse
598 1227 730 1289 dicens:
747 1226 936 1307 “Magister
951 1232 1059 1287 vester
1074 1241 1160 1284 unus

56 1332 118 1400 est,
139 1323 290 1389 Christus
302 1327 318 1352 ''
329 1340 351 1389 4.
397 1327 448 1409 (b)
474 1316 702 1405 Revera,'cum
725 1328 875 1393 Christus
898 1328 941 1391 sit
957 1324 1159 1409 ¹perfectissi-

57 1448 133 1491 mus
160 1429 286 1493 Douor
304 1439 338 1494 et
362 1433 537 1514 Propheta,
552 1434 772 1496 conveniebat
792 1442 828 1496 ut
850 1434 921 1514 ipse
942 1433 1054 1494 omnia
1077 1432 1159 1511 dog-

57 1539 151 1594 mata
168 1541 202 1595 et
218 1544 384 1615 praecepta
400 1535 499 1617 Legis
517 1536 547 1598 N
551 1558 622 1599 ovae
639 1537 780 1612 doceret,
797 1537 902 1598 itaut
922 1535 1160 1614 subsequentes

59 1634 210 1715 magistri
241 1647 352 1700 essent
382 1647 513 1702 tantum
545 1639 615 1720 ejus
646 1639 808 1722 discipuli,
834 1648 868 1701 et
898 1637 969 1718 ejus
999 1635 1160 1700 dottrinae

58 1741 276 1821 expositores

93 1838 275 1911 Supremum
298 1842 385 1913 igitur
405 1843 585 1915 Prophetam
607 1852 637 1900 et
660 1841 836 1913 Magistrum
860 1841 898 1897 N.
924 1840 1012 1911 Legis
1035 1839 1162 1897 libenter

59 1925 236 2000 audiamus3
265 1928 354 1986 verba
379 1930 459 1987 enim
480 1929 547 1986 vitae
571 1939 688 1986 aeternae
714 1927 822 2000 habet3
852 1928 916 1998 eius
940 1926 1106 1984 doctrinam
1132 1927 1162 1983 in

61 2013 226 2085 Evangelio
245 2026 416 2075 contentam
437 2026 550 2075 attente
569 2017 755 2086 meditemur,
778 2015 892 2072 actibus
911 2013 1063 2086 pingendo
1082 2010 1162 2084 pagi-

60 2118 128 2157 nam
143 2118 234 2173 quam
248 2103 392 2174 legimus;
410 2104 550 2161 ministris
562 2104 626 2175 ejus
639 2103 761 2161 verbum
775 2104 839 2173 ejus
852 2099 1097 2158 annuntiantibus
1110 2100 1162 2159 do·

60 2189 149 2247 cilem
169 2190 354 2262 praebeamus
373 2209 492 2264 aurem,
519 2192 583 2263 ipse
602 2192 682 2248 enim
702 2191 792 2249 dixit:
818 2189 911 2263 “Qui
931 2206 983 2246 vos
1001 2187 1092 2258 audit,
1112 2204 1163 2245 me

59 2277 154 2346 audit,
166 2286 197 2335 et
209 2278 260 2350 qui
273 2296 325 2338 vos
338 2279 458 2352 spernit,
474 2297 523 2338 me
536 2280 648 2351 spernit
658 2279 674 2305 '²
688 2278 768 2349 (Luc.
784 2278 821 2349 X,
840 2278 891 2349 16).

227 2439 289 2496 lv.
315 2438 369 2496 De
392 2451 551 2496 munere
568 2436 721 2499 'Christi
746 2430 1001 2495 sacerdotali⁶.

102 2608 175 2674 243
223 2590 384 2654 Sacerdos
401 2590 435 2673 (a
450 2591 557 2654 verbis
573 2612 665 2653 sacra
680 2591 777 2671 dans)
788 2611 844 2653 seu
858 2591 1010 2672 pontifex
1021 2591 1035 2633 ⁶
1048 2592 1101 2654 ille
1114 2602 1164 2656 est

60 2694 117 2775 qui
136 2690 335 2757 auctoritate
351 2694 500 2776 legitima
516 2697 696 2777 deputatur
709 2695 749 2756 ad
761 2692 966 2757 offerendum
982 2695 1055 2756 Deo
1067 2697 1163 2779 sacri-

62 2796 185 2871 ficium,
201 2795 330 2877 aliaque
352 2797 466 2860 divina
489 2798 646 2878 mysteria
669 2797 900 2878 dispensanda.
949 2797 1047 2872 Hine,
1065 2796 1165 2877 juxta

63 2899 96 2994 S,
114 2899 265 2988 Paulum,
282 2910 318 2964 ut
342 2901 415 2981 quis
438 2901 481 2964 sit
502 2902 664 2975 sacerdos,
680 2900 801 2963 debet:
826 2899 873 2979 (a)
891 2920 910 2960 a
926 2899 995 2961 Deo
1009 2900 1119 2962 vocari
1132 2910 1165 2963 et

97 3114 106 3137 ¹
123 3110 208 3162 Mart.
224 3110 361 3178 XXVIII,
379 3110 418 3164 18.

97 3197 182 3266 ilua.
205 3197 273 3263 VII,
298 3211 337 3266 15.
377 3196 462 3264 Quod
484 3196 665 3250 confirmatur
689 3212 722 3250 ex
748 3196 810 3265 ipsa
835 3192 1010 3264 inspeetione
1030 3193 1166 3252 doctrinae

64 3282 180 3348 Christi,
192 3283 270 3352 cujus
283 3283 464 3352 orzginalitas
477 3284 562 3337 etiarn
576 3301 593 3336 a
607 3282 801 3336 Rationalistis
813 3283 983 3350 agnoscitur,
996 3299 1021 3335 v.
1032 3298 1058 3348 g.
1069 3282 1165 3350 Lecky,

64 3369 206 3425 Rational.
222 3370 251 3423 in
271 3372 393 3440 Europe,
416 3370 432 3425 i.
449 3371 518 3439 338;
539 3371 642 3438 Seeley,
659 3371 734 3423 Ecce
750 3370 854 3431 Homo,
872 3369 915 3421 ch.
935 3369 984 3420 IX.
1024 3368 1166 3436 Speciales

63 3455 241 3512 characteres
254 3455 391 3510 doctrinae
405 3457 508 3511 Christi
523 3455 628 3526 optime
642 3457 820 3510 declarantur
837 3472 854 3507 a
867 3455 985 3520 Liddnn,
1000 3453 1126 3522 Divinity
1139 3461 1171 3513 of

63 3545 112 3599 Xt.
133 3557 182 3612 107
196 3560 247 3614 sq,
263 3553 290 3597 et
302 3544 382 3606 Row,
400 3543 542 3597 Christian
563 3542 731 3608 Evidences,
751 3540 813 3595 lect.
834 3542 887 3593 III.
926 3541 999 3593 Vide
1019 3556 1082 3609 quae
1101 3541 1166 3617 alibi

63 3631 228 3702 scripsimus
240 3631 285 3684 De
304 3630 372 3683 Vere
384 3631 488 3699 Relig,
504 3647 531 3682 n.
550 3631 672 3694 141-164.

98 3718 187 3771 ³Luc.
203 3717 254 3781 IX,
272 3730 313 3784 35.
330 3747 364 3755 -
376 3715 386 3745 ⁴
398 3718 484 3770 Matr.
503 3717 617 3783 XXIII,
634 3731 673 3768 10.

98 3799 165 3858 ‘ct
181 3804 211 3859 S.
230 3803 281 3859 Th.
298 3819 324 3873 q.
340 3818 392 3868 223
413 3805 529 3869 Suarer,
549 3803 620 3871 disp.
644 3802 885 3864 XLVI-XLVII;
905 3800 1071 3853 Salmanlic.
1093 3801 1163 3870 disp.

65 3891 165 3944 XXXI
171 3909 179 3956 ς
198 3890 342 3954 petavius,
358 3891 375 3944 l.
389 3891 459 3953 XII,
475 3908 497 3944 c.
515 3907 557 3954 113
576 3890 717 3958 Legrand,
734 3888 800 3941 diss.
815 3889 851 3954 X,
861 3904 885 3942 c.
905 3905 929 3952 13
948 3888 1086 3952 Billuarl,
1097 3887 1164 3941 diss,

64 3979 130 4045 XX,
146 3995 172 4031 a.
188 3991 216 4048 33
235 3978 380 4046 Stentrup,
395 3978 520 4032 Soteriol.
536 3978 574 4030 th.
589 3991 622 4045 73
636 3993 675 4044 sq.

98 4064 206 4134 ‘Apud
221 4066 373 4131 Romanos,
388 4064 549 4118 sacerdotes
563 4080 673 4116 sacrum
687 4071 801 4131 pontem
820 4061 992 4124 reficiebant,
1008 4070 1166 4130 propterea·

64 4165 121 4218 que
121 4148 268 4218 pontifices
276 4146 403 4217 (pontem
406 4148 515 4219 facere)
524 4147 697 4200 dicebantur.
733 4146 815 4213 Quod
826 4161 929 4198 nomen
940 4142 1044 4213 optime
1056 4143 1167 4198 Christo

64 4234 205 4303 convenit,
218 4233 265 4306 qui
279 4246 393 4304 pontem
407 4236 479 4289 inter
492 4236 594 4288 coelum
607 4244 634 4286 et
648 4243 750 4286 terram
764 4231 904 4285 exstruxit.
