2684 4634
195 177 234 226 70
643 175 782 225 CAPUT
800 175 842 223 11.

199 291 423 298 -....---..—.-
434 291 447 302 .,,
458 291 463 296 .
476 291 512 296 --
525 291 547 296 ...

192 355 295 434 ipsius
310 351 478 435 objectum
497 353 634 416 formale
650 374 707 416 seu
725 354 886 419 motivum
903 351 1060 427 destruit;
1073 348 1180 431 ¹atqui
1191 349 1237 411 ita
1246 357 1294 411 est

192 460 234 520 de
250 456 384 535 haeresi3
410 477 486 518 nam
504 456 560 538 qui
572 466 672 538 negat
684 478 782 519 unam
795 456 968 519 veritatem
982 473 1082 536 quam
1093 452 1159 515 scit
1170 452 1214 514 de
1225 450 1295 534 fide,

192 582 232 623 eo
248 562 320 642 ipso
337 568 437 640 negat
453 557 682 622 auctoritatem
702 561 765 622 Dei
782 559 966 634 revelantis,
975 577 1050 639 quae
1066 565 1117 620 est
1134 555 1294 620 motivum

193 663 285 741 fidei;
309 683 387 744 ergo
403 662 455 742 (S.
477 662 507 723 Τ
504 662 534 725 lt.
551 679 577 724 2.
596 680 622 724 2.
640 683 670 743 q.
690 677 715 742 5,
733 683 760 727 a.
778 662 819 743 3).

237 796 302 875 146.
350 797 499 887 Semnda
518 807 603 877 pars
627 798 786 878 probatur
809 806 925 860 contra
951 793 1114 876 quosdam
1147 791 1295 880 auctores

192 901 374 964 catholicos
390 901 446 981 qui
462 901 670 962 contendunt
683 899 782 963 fidem
796 900 904 963 amitti
915 898 1016 960 etiam
1027 918 1086 980 per
1094 897 1295 961 materialem

192 986 368 1066 haeresim.1
1240 1084 1243 1092 Ι

192 1106 242 1187 (a)
259 1105 421 1169 Unanimi
446 1125 609 1168 consensu
635 1107 877 1188 theologorum,
901 1106 967 1188 qui,
992 1105 1064 1167 sine
1086 1103 1156 1166 ulla
1180 1104 1293 1166 distin-

192 1206 301 1271 ctione
317 1207 515 1284 scholarum,
526 1228 593 1270 uno
608 1229 665 1271 ore
678 1209 709 1271 id
724 1210 863 1285 docent3
886 1228 971 1270 unus
982 1207 1138 1271 audiatur
1150 1206 1293 1269 Saama:

194 1315 208 1341 “
221 1310 404 1372 lnfidelitas
419 1311 560 1391 positiva
576 1312 878 1394 subdistinguenda
894 1321 944 1375 est
960 1313 992 1374 in
1012 1310 1229 1387 materialem,
1240 1330 1293 1372 seu

192 1413 419 1475 excusabilem
436 1434 456 1475 a
472 1414 578 1496 culpa,
593 1424 625 1477 et
642 1414 824 1491 formalem,
836 1435 893 1478 seu
907 1413 1123 1497 culpabilem3
1147 1413 1238 1494 prior
1248 1421 1294 1475 est

193 1519 225 1579 in
242 1537 281 1578 eo
297 1517 362 1598 qui,
378 1534 453 1579 cum
471 1519 630 1599 receperit
646 1518 994 1600 aliquandohabitum
1020 1517 1105 1593 fidei,
1121 1537 1181 1598 per
1205 1517 1292 1598 igno·

193 1620 333 1682 rantiam
352 1620 576 1685 invincibilem
594 1622 626 1682 in
644 1622 809 1684 erroribus
834 1621 911 1684 fidei
930 1620 1108 1683 contrariis
1131 1607 1294 1697 versatum

193 1734 268 1810 narn
285 1721 339 1804 ille
355 1723 490 1803 'quidem
509 1732 620 1804 potest
637 1724 699 1785 hac
715 1725 843 1787 ratione
867 1723 933 1786 dici
955 1722 1097 1785 infidelis
1119 1721 1294 1785 materiali·

193 1836 250 1901 ter,
262 1825 477 1888 nihilominus
490 1837 602 1889 tamen
617 1827 671 1888 ille
683 1848 861 1908 numquam
870 1827 994 1908 poterit
1000 1826 1139 1907 privari
1142 1826 1216 1907 fida
1219 1825 1293 1906 jam

192 1928 302 1990 habita
319 1929 497 2008 perillam
521 1930 622 1991 salam
646 1930 869 2012 infidelitatem
895 1929 950 2009 (sc.
978 1927 1200 2009 materialem)
1210 1928 1227 1953 ''
1234 1949 1241 2004 ;
1263 1934 1293 1997 et

193 2031 307 2092 addit:
332 2030 429 2092 “haec
447 2041 514 2093 cert
518 2052 536 2094 a
553 2042 680 2095 suntet
697 2041 795 2095 extra
811 2030 1070 2094 controversiam
1082 2031 1098 2057 '³
1119 2030 1177 2111 (de
1191 2029 1294 2103 Gran,

194 2132 211 2194 l.
230 2132 291 2207 ΧΙ,
306 2146 331 2193 'c.

194 2234 242 2315 (b)
258 2234 335 2297 aar
350 2133 540 2298 imbibat
527 2244 580 2297 tus
596 2236 713 2316 gratiae
729 2246 762 2299 et
779 2257 798 2297 a
815 2235 940 2299 fortiori
957 2235 1039 2298 fides
1054 2235 1152 2297 amitt
1155 2233 1164 2295 i
1180 2199 1295 2316 nequit

193 2337 255 2399 nisi
280 2357 339 2418 per
363 2347 536 2418 peccatum
563 2339 750 2416 mortales
742 2360 810 2401 imo
835 2338 917 2402 fides
942 2359 1008 2405 non
1034 2337 1175 2402 destruit
1162 2347 1218 2402 tur
1240 2357 1297 2418 per

192 2439 375 2522 quamlibet
386 2435 518 2522 culpam
531 2442 647 2504 contr'a
657 2441 767 2518 fidem,
778 2442 836 2504 sed
849 2442 958 2505 solum
969 2463 1028 2523 per
1039 2440 1254 2504 deliberatam
1263 2437 1295 2501 et

187 2543 382 2625 pertinacem
400 2544 542 2625 culpam,
553 2546 584 2609 vi
598 2545 648 2627 cuj
654 2567 692 2607 us
705 2547 813 2626 ipsum
828 2547 990 2611 motivum
1008 2545 1084 2608 fidei
1091 2545 1297 2622 ,destruatun

193 2649 283 2729 atqui
301 2648 434 2710 haeresis
452 2649 630 2712 materialis
643 2670 709 2712 non
723 2660 773 2712 est
786 2661 960 2731 peccatum
974 2648 1123 2725 mortale,
1133 2648 1296 2729 quumin-

192 2760 342 2813 curratur
358 2752 429 2812 sine
446 2752 637 2832 cognitione
654 2773 697 2814 ex
715 2762 809 2834 parte
826 2749 1013 2815 intellectos
1029 2761 1062 2815 et
1079 2750 1203 2813 idcirco
1227 2751 1297 2831 sine

193 2854 295 2915 libero
311 2854 494 2917 voluntatis
511 2875 674 2918 consensu
684 2877 692 2933 ;
716 2874 776 2917 nec
793 2875 941 2936 peream
958 2856 1100 2945 negatur
1114 2850 1296 2917 audiorit'as

194 2958 256 3018 Dei
274 2956 466 3033 rciielantis3
489 2978 577 3038 ergo.
625 2959 754 3020 Revera
772 2958 864 3020 Deus
886 2957 1009 3039 injuste
1032 2964 1156 3038 ageret,
1171 2956 1199 3018 si
1221 2955 1297 3020 fidei

192 3059 307 3149 habitu
325 3060 470 3141 privaret
486 3081 543 3122 eos
560 3062 615 3142 qui
633 3062 846 3123 conscientiae
867 3059 1035 3124 dictamen
1055 3044 1249 3141 sequuntur,
1264 3069 1297 3123 et

193 3163 298 3244 parati
312 3173 389 3225 sunt
402 3183 441 3224 ea
454 3165 567 3226 omnia
580 3156 712 3226 credere
723 3185 797 3245 quae
810 3173 846 3226 ut
857 3157 1075 3227 revelata'sibi
1085 3164 1296 3227 constabunt.

238 3311 303 3379 147.
335 3299 440 3376 ,Hinc
458 3299 580 3380 pariter
597 3300 813 3380 rejiciendum
831 3309 881 3362 est
898 3300 987 3385 quod
1001 3299 1087 3361 dicit
1102 3297 1297 3375 Bracansan,

193 3424 234 3464 sc.
252 3400 494 3465 fidei'habitum
512 3404 636 3466 destrui
662 3424 759 3485 posse
784 3402 851 3466 sala
876 3391 1046 3467 narratione
1067 3401 1160 3465 (ιΙΙΙΙΙ
1173 3403 1297 3485 fidae,-

193 3505 268 3567 talis
285 3507 373 3568 enim
390 3507 528 3569 omissio
545 3506 644 3569 fidem
662 3527 728 3568 non
746 3506 843 3583 tollit,
861 3507 923 3568 nisi
940 3507 1077 3588 quando
1091 3526 1136 3568 ex
1153 3506 1298 3586 positivo

192 3620 226 3672 et
243 3610 400 3692 culpabili
417 3612 521 3674 oritur
537 3611 640 3673 dubio
656 3620 773 3673 contra
790 3610 889 3673 fidem
899 3635 906 3691 ;
934 3612 959 3672 si
976 3611 1103 3694 oriatur
1119 3609 1230 3673 solum
1254 3631 1296 3672 ex

193 3715 406 3796 negligentifi,
417 3715 468 3777 vel
480 3716 628 3778 humano
641 3713 793 3797 respectu
804 3715 856 3778 vel
867 3715 968 3778 etiam
981 3735 1022 3778 ne
1032 3714 1106 3796 q'uis
1118 3714 1296 3778 christiane

192 3818 302 3880 vivere
318 3826 466 3898 cogatur,
483 3828 594 3899 potest
610 3839 683 3880 esse
699 3827 873 3900 peccatum
888 3819 962 3900 plus
976 3817 1126 3881 minusve
1136 3822 1295 3900 gravese-

193 3922 337 3983 cundum
355 3921 462 3982 varias
478 3921 751 3997 circumstantias
764 3922 822 3983 sed
840 3941 907 3982 non
924 3930 974 3983 est
991 3929 1165 4002 peccatum
1182 3929 1295 3989 contra

193 4023 302 4100 fidem,
319 4044 379 4085 nec
396 4024 551 4086 virtutem
570 4023 645 4087 fidei
662 4024 803 4086 destruit
820 4023 934 4104 (Mna
922 4023 1008 4103 ella,
1023 4044 1052 4086 n.
1071 4022 1157 4106 231).

229 4179 292 4230 Cf.
309 4179 425 4240 Ma'llm,
441 4179 544 4247 ap..'.c1!
560 4196 585 4247 p.
604 4180 652 4231 180
665 4189 691 4232 et
702 4179 768 4231 alibi
780 4195 898 4246 passim
916 4181 1075 4232 Brownson
1076 4183 1136 4248 ‚.ap
1148 4181 1232 4248 cit..p
1250 4191 1295 4247 572

193 4274 221 4318 et
235 4280 343 4333 seq
356 4265 405 4315 I
406 4265 685 4332 racansaanorls
700 4265 753 4317 v.ol
768 4265 802 4329 V,
816 4281 842 4332 p.
861 4277 919 4334 573.
