2684 4634
121 195 140 242 6
579 188 634 237 DE
653 187 761 237 FIDE.

347 301 439 309 ----
444 302 584 309 --..--

154 389 180 424 2.
220 369 249 426 Si
264 367 329 439 quis
342 367 453 437 dixerit,
465 366 554 424 fidem
569 366 697 424 divinam
710 385 727 424 a
741 366 863 424 naturali
877 365 915 423 de
930 365 1038 425 Decet
1051 364 1142 423 rebus
1156 380 1218 420 mo·

120 456 225 514 ralihus
238 455 361 513 scientia
374 474 434 511 non
448 454 598 526 distingui,
612 473 646 511 ac
660 464 815 526 propterea
833 453 872 511 ad
891 453 981 512 tidem
1002 452 1135 510 divinam
1158 467 1217 508 non

120 544 236 616 requiri,
253 553 285 600 ut
298 543 423 601 revelata
437 543 542 599 veritas
556 552 677 614 propter
689 541 895 599 auctoritatem
910 541 966 599 Dei
980 539 1140 599 revelantis
1159 554 1219 595 cre·

120 633 221 698 datur3
240 631 398 689 anathema
411 631 456 687 sit.

150 739 179 791 3.
221 719 249 776 Si
264 718 329 788 quis
342 717 455 786 dixerit,
469 717 679 776 revelationem
693 717 824 776 divinam
837 715 964 775 externis
981 713 1072 788 signis
1090 712 1219 772 credibi-

120 807 177 864 lem
192 806 254 865 fieri
268 823 328 862 non
342 822 437 878 posse,
450 805 579 877 ideoque
593 805 656 862 sola
671 806 784 864 interna
803 806 948 877 cujusque
966 802 1149 875 experientia
1167 811 1219 859 aut

119 893 310 965 inspiratione
323 892 434 963 privata
447 891 583 949 homines
595 892 633 950 ad
647 892 736 950 fidem
751 892 860 950 moveri
871 892 993 958 debere;
1003 889 1215 951 anathemasit.

153 1001 178 1051 4.
220 978 250 1036 Si
263 979 330 1051 quis
342 979 455 1047 dixerit,
469 978 610 1036 miracula
623 979 703 1035 nulla
716 979 777 1037 fieri
797 997 893 1052 posse,
907 977 1092 1051 proindeque
1110 995 1219 1035 onmes

119 1069 157 1127 de
171 1068 205 1125 iis
218 1066 408 1136 narrationes,
425 1066 512 1123 etiarn
528 1066 557 1122 in
572 1065 660 1123 Sacra
673 1065 825 1137 Scriptura
837 1076 1000 1135 contentas,
1013 1065 1089 1123 inter
1101 1065 1219 1123 fabulas

119 1157 164 1214 vel
179 1155 295 1228 mythos
308 1153 489 1225 ablegandas
502 1171 567 1212 esse
575 1176 582 1221 ;
600 1163 651 1211 aut
665 1154 805 1211 miracula
818 1164 899 1213 certo
910 1152 1050 1225 cognosci
1061 1170 1219 1225 nunquam

120 1260 216 1314 posse,
234 1260 289 1298 nec
304 1241 338 1299 iis
351 1241 482 1299 divinam
498 1241 648 1312 religionis
661 1241 827 1299 christianae
846 1241 989 1313 originem
1009 1240 1063 1299 rite
1082 1240 1220 1313 probari;

119 1331 278 1388 anathema
291 1331 335 1387 sit.

151 1438 178 1490 5.
218 1418 246 1475 Si
261 1417 326 1489 quis
340 1417 453 1488 dixerit,
466 1424 624 1475 'assensum
644 1416 711 1474 fidei
731 1417 897 1474 christianae
917 1434 977 1474 non
995 1433 1060 1474 esse
1077 1415 1215 1488 liberum,

119 1507 172 1568 sed
186 1505 367 1577 argumentis
380 1505 518 1563 humanae
531 1505 651 1564 rationis
665 1505 829 1563 necessario
843 1505 978 1577 produci;
997 1513 1048 1563 aut
1065 1504 1103 1564 ad
1123 1505 1219 1563 solam

120 1594 210 1651 iidem
224 1592 331 1656 vivam,
346 1610 413 1664 quae
426 1611 478 1665 per
491 1593 642 1650 caritatem
656 1602 803 1664 operatur,
814 1592 937 1664 gratiam
950 1591 1007 1650 Dei
1021 1592 1218 1650 necessariam

120 1699 195 1749 esse;
214 1681 372 1738 anathema
386 1680 431 1737 sit.
470 1702 474 1707 ·

155 1771 180 1826 ό.
220 1768 248 1825 Si
259 1767 325 1841 quis
338 1767 452 1835 dixerit,
465 1785 566 1839 parem
577 1785 641 1825 esse
649 1767 852 1825 conditionem
861 1767 994 1826 fidelium
1002 1777 1093 1839 atque
1102 1785 1216 1838 eorum,

120 1856 170 1928 qui
192 1855 230 1914 ad
251 1855 341 1913 fidem
362 1855 450 1913 unice
470 1873 567 1913 veram
588 1856 722 1913 nondum
743 1865 947 1926 pervenerunt,
968 1855 1009 1912 ita
1028 1864 1061 1913 ut
1079 1854 1218 1913 catholici

119 1946 227 2015 justam
242 1961 362 2000 causam
376 1942 485 2000 habere
499 1943 623 2014 possint,
640 1943 739 2016 fidem,
752 1961 842 2014 quam
856 1942 913 2001 suh
926 1942 1068 2001 Ecclesiae
1080 1943 1219 2015 magiste-

121 2031 164 2087 rio
176 2033 236 2102 jam
252 2039 455 2102 susceperunt,
471 2048 591 2088 assensu
611 2048 755 2103 suspenso
775 2032 803 2087 in
823 2032 949 2089 dubium
968 2031 1103 2101 vocandi,
1119 2031 1219 2090 donec

121 2116 404 2174 demonstrationem
430 2115 622 2174 scientificam
648 2116 849 2175 credibilitatis
874 2127 902 2174 et
921 2116 1048 2174 veritatis
1068 2115 1138 2175 fidei
1157 2133 1218 2175 suae

120 2203 315 2270 absolverint;
333 2203 491 2261 anathema
504 2204 547 2261 sit

413 2375 465 2452 13.
488 2350 550 2425 De
571 2349 669 2425 Fide
689 2368 727 2426 et
746 2350 930 2428 Ratione.

156 2517 180 2554 r.
218 2497 248 2553 Si
270 2495 336 2568 quis
359 2496 472 2564 dixerit,
491 2496 520 2552 in
541 2496 717 2554 revelatione
736 2496 843 2566 divina,
866 2496 947 2553 nulla
965 2513 1032 2554 vera
1051 2504 1081 2554 et
1099 2496 1216 2569 proprie

120 2585 201 2642 dicta
213 2584 350 2656 mysteria
364 2583 516 2653 contineri,
530 2585 583 2641 sed
597 2585 732 2643 universa
743 2584 811 2641 fidei
822 2585 963 2655 dogmata
973 2602 1061 2656 posse
1071 2603 1124 2657 per
1134 2586 1215 2643 ratio·

121 2689 189 2728 nem
204 2671 258 2728 rite
271 2671 417 2728 excultam
432 2689 448 2728 e
462 2670 642 2728 naturalibus
656 2671 809 2743 principiis
822 2671 945 2743 intelligi
959 2682 988 2729 et
1006 2671 1215 2739 demonstrari3

121 2758 279 2816 anathema
292 2757 336 2814 sit.

155 2867 180 2903 a.
219 2848 247 2903 Si
262 2847 327 2919 quis
340 2845 454 2916 dixerit,
468 2846 640 2919 disciplinas
654 2848 799 2904 humanas
813 2848 929 2905 cacum
943 2845 1080 2905 libertate
1094 2847 1215 2906 tractan-

121 2936 174 2993 das
187 2952 259 3004 esse,
274 2944 305 2991 ut
318 2952 418 2990 earum
432 2936 614 3005 assertiones,
631 2936 685 2992 etsi
705 2935 849 2993 dodtrinae
867 2935 999 2993 revelatae
1016 2935 1212 3006 adversentur,

121 3033 263 3093 tanquam
277 3039 352 3078 verae
365 3022 492 3091 retineri,
501 3040 599 3093 neque
611 3025 649 3080 ab
661 3023 795 3081 Ecclesia
806 3023 954 3095 proscribi
960 3023 1086 3096 possint;
1098 3026 1215 3084 anathe-

122 3127 170 3166 ma
183 3119 226 3166 sit.

152 3216 181 3269 3.
221 3194 251 3252 Si
266 3194 331 3266 quis
345 3193 458 3263 dixerit,
472 3195 532 3252 fieri
548 3213 643 3267 posse,
659 3206 692 3252 ut
706 3196 897 3267 dogmatibus
909 3196 949 3253 ab
963 3196 1098 3255 Ecclesia
1111 3214 1217 3271 propo·

121 3284 192 3353 sitis,
207 3280 369 3353 aliquando
382 3282 546 3339 secundum
566 3300 753 3354 progressum
774 3284 904 3341 scienttae
923 3301 1026 3340 sensus
1044 3284 1217 3344 tribuendus

122 3371 158 3428 sit
170 3371 243 3428 alius
257 3370 295 3428 ab
308 3387 352 3441 eo,
369 3387 458 3441 quem
473 3370 613 3428 intellexit
627 3380 655 3428 et
669 3370 804 3441 intelligit
818 3371 967 3442 Ecclesia3
986 3372 1147 3433 anathema
1160 3374 1204 3433 sit.
