2684 4620
193 176 257 235 sio
501 171 549 203 ·‘“
608 200 610 205 ·
653 170 793 236 cnpur
811 168 880 234 11'.‘
923 169 928 176 ’

229 361 282 425 1⁶9.
322 373 352 414 2⁰
373 359 521 417 Christum
541 358 658 415 imitari
673 360 818 428 debemus;
836 378 905 416 nam
924 377 1008 416 amor
1027 376 1089 416 non
1109 367 1155 415 est
1173 344 1284 426 otios'u'S,

191 448 245 504 sed
258 465 368 518 magna
380 456 529 518 operatur,
542 456 571 503 et
590 446 629 503 ad
649 447 846 504 imitationem
867 447 971 504 tendit.
1013 446 1147 503 Aliunde
1161 444 1286 504 Christus

192 544 236 591 est
248 536 288 604 (a)
302 534 551 605 perfeetissimum
564 535 715 604 exemplar
726 535 863 591 omnium
876 535 1026 602 virtutum,
1043 531 1211 590 fatentibus
1223 533 1286 605 ipsis

191 621 365 678 adversariis
379 642 385 677 ε
397 665 399 669 .
413 638 481 686 vere
494 620 619 690 dignum
633 631 662 677 et
676 621 788 690 justum
809 630 852 677 est
871 630 903 677 ut
917 620 1081 677 imitatores
1096 618 1176 675 illius
1189 618 1285 675 efficia·

195 720 274 774 mur3
301 708 340 777 (b)
354 707 416 763 dux
428 717 544 764 noster:
574 707 616 763 ait
629 707 709 763 enim
727 729 733 764 :
764 709 847 778 “ego
861 725 926 764 sum
940 706 997 777 via,
1014 706 1123 764 veritas
1144 715 1180 780 et·
1194 706 1249 763 vita
1257 705 1286 770 '’;

193 786 347 851 deseendit
361 793 398 851 de
411 793 488 850 coelo
502 804 533 850 ut
553 792 640 850 nobis
653 784 825 851 ostenderet
837 794 915 850 viam
929 811 1020 866 quam
1040 791 1125 863 sequi
1148 792 1286 850 debemus

191 881 231 937 ad
244 881 395 938 coelestem
406 881 529 952 patriam
541 882 745 951 attingendam
759 903 765 938 :
786 882 809 938 si
820 882 945 938 velimus
955 901 1025 938 cum
1036 900 1073 940 eo
1084 902 1219 956 regnare,
1228 903 1287 942 eum

192 984 352 1038 sequamur
364 977 500 1038 oportet¹
514 990 521 1035 ;
548 968 586 1037 (c)
600 967 721 1038 adjutor
732 978 841 1035 noster,
855 985 924 1024 nam
938 968 1110 1028 aetionibus
1130 972 1193 1029 suis
1212 971 1289 1029 nobis

192 1056 297 1125 gratias
310 1056 425 1124 meruit,
439 1054 548 1126 quibus
561 1054 684 1123 vestigia
698 1055 762 1124 ejus
778 1054 917 1125 persequi
931 1055 1076 1121 valemus,
1092 1067 1132 1122 et,
1146 1058 1221 1115 dum
1233 1060 1289 1127 ejus

192 1143 313 1200 virtutes
333 1143 612 1206 imitari-conamur,
627 1141 741 1197 auxilio
760 1151 933 1212 opportuno
950 1142 1154 1200 infirmitatem
1168 1154 1290 1203 nostram

192 1231 323 1302 adjuvat.

230 3749 383 3816 ¹Apposite
406 3750 502 3803 scribit
515 3750 683 3803 Ambrosius
695 3748 743 3818 (de
758 3751 838 3816 Fide,
850 3753 868 3804 l.
886 3750 942 3816 ΙΙΙ,
955 3767 978 3805 c.
993 3751 1021 3819 7)
1040 3769 1045 3804 :
1073 3751 1091 3777 “
1103 3751 1167 3804 Viae
1183 3749 1296 3804 Domini

194 3835 270 3889 velut
282 3834 397 3903 quidam
411 3835 537 3889 tramites
550 3837 634 3888 bonae
649 3837 714 3889 vitae
733 3847 806 3903 sunt,
821 3853 885 3905 quae
902 3836 1061 3904 diriguntur
1080 3853 1098 3889 a
1113 3838 1237 3903 Christo,
1251 3838 1295 3906 qui

193 3923 234 3976 ait
247 3916 266 3974 ε’
283 3924 345 3990 Ego
360 3940 421 3975 sum
435 3924 489 3987 via,
506 3924 609 3976 veritas
624 3933 651 3977 et
665 3924 730 3977 vita.
768 3924 824 3976 Via
843 3941 910 3992 ergo
929 3940 1050 3993 superna
1068 3934 1112 3978 est
1128 3926 1184 3979 Dei
1197 3925 1295 3984 virtum

196 4007 323 4061 Christus
337 4009 413 4061 enim
427 4009 507 4062 nobis
518 4004 564 4062 via
577 4020 627 4062 est.
658 4011 695 4062 Et
709 4011 784 4062 bona
798 4009 851 4076 via,
861 4027 924 4079 quae
937 4008 1118 4064 credentibus
1132 4009 1198 4064 coeli
1212 4026 1297 4078 regna

195 4094 334 4162 patefecit.
372 4095 434 4147 Viae
456 4107 550 4148 autem
573 4096 688 4148 Domini
708 4097 761 4149 viae
781 4095 866 4150 redtae
886 4106 958 4163 sunt,
983 4096 1055 4149 sicut
1075 4097 1215 4165 scriptum
1233 4106 1296 4150 est:

195 4182 262 4236 Vias
283 4192 354 4247 tuas,
379 4181 512 4247 Domine,
532 4193 616 4237 notas
633 4183 678 4236 iac
696 4183 773 4236 mihi.
811 4183 864 4236 Via
884 4183 1008 4250 castitas,
1031 4183 1078 4235 via
1098 4184 1179 4251 fides,
1193 4185 1240 4238 via
1256 4193 1297 4237 est

181 4270 364 4328 abstinentia
419 4273 432 4300 ’²
