2684 4634
436 247 441 256 Ι
532 179 588 229 nr:
608 179 790 230 nouum.
1147 181 1212 233 aaa

155 362 216 423 Ex
243 381 311 444 quo
333 363 482 444 sequitur
504 363 637 426 unicam
661 384 733 425 esse
757 363 903 425 animam
929 363 960 423 in
985 362 1129 437 homine,
1154 383 1213 423 333

109 465 243 528 admitti
259 486 356 547 posse
373 465 619 540 trichotomiam,
628 466 660 529 vi
673 466 766 547 cujus
782 466 884 528 homo
899 466 1003 528 tribus
1020 466 1214 528 substantiis

112 567 330 648 componitur,
344 568 472 647 spirita,
486 567 600 631 am'rnd
616 578 649 631 et
664 580 797 648 corpore,
814 579 912 650 prout
928 569 1121 643 docuerunt,
1138 578 1213 648 post

114 668 247 732 Graecos
271 670 497 752 philosophos,
520 672 628 748 Pleile,
650 672 865 752 Apollinaris,
887 671 1110 749 protestantes
1133 690 1213 731 non-

117 772 203 847 nulli,
220 783 253 834 et
272 772 468 850 Guntleerus,
485 776 541 854 qui
557 784 736 837 tenuerunt
752 774 835 836 duas
851 793 923 835 esse
946 774 1075 835 animas
1099 773 1131 834 in
1155 772 1213 832 ho-

100 877 210 951 mine,
226 874 380 956 spiritum
397 897 464 957 quo
485 877 683 958 cogitamus
698 887 732 939 et
753 877 899 938 animam
924 876 1116 939 sensitivam
1139 896 1213 955 quae

121 979 417 1060 corpusvivificat1.
465 978 531 1060 Qui
555 1000 644 1042 crror
667 977 897 1041 adefinitione
923 977 1099 1040 Viennensi
1112 978 1212 1040 attin-

124 1081 217 1160 gitur:
240 1102 317 1143 nam
335 1083 362 1144 si
379 1083 492 1144 anima
508 1081 733 1144 intellectuale
749 1082 791 1142 sit
804 1079 910 1142 forma
923 1080 1080 1160 corporis,
1089 1099 1129 1140 3ο
1141 1080 1214 1160 ipso

126 1195 166 1246 est
180 1185 376 1266 principium
400 1185 510 1248 omnis
533 1186 621 1260 vitae,
644 1204 760 1246 sensus
784 1194 817 1245 ct
841 1192 952 1244 motus
975 1182 1130 1262 corporiS,
1152 1202 1213 1243 nec

127 1287 251 1365 proinde
268 1288 365 1349 datur
380 1287 493 1348 anima
508 1287 665 1348 sensitiva
681 1284 732 1347 vel
749 1285 935 1364 vegetativa
947 1284 990 1346 ab
1001 1281 1213 1346 intelledtuali

128 1388 276 1452 distincta.
325 1390 414 1451 Hinc
430 1389 515 1451 Pius
530 1389 588 1450 IX
603 1389 650 1469 (in
669 1389 729 1468 Ep.
747 1389 788 1450 ad
807 1388 867 1468 Ep.
879 1387 1076 1450 Wratislaw.
1093 1405 1134 1466 30
1145 1407 1213 1468 apr.

132 1492 211 1572 1860)
226 1492 408 1555 declaravit
423 1489 576 1555 dottrina
600 1491 764 1553 Gunthcri
788 1491 892 1552 “laedi
917 1489 1117 1552 catholicam
1140 1511 1212 1552 sen-

130 1596 249 1656 tentiam
268 1615 306 1656 33
322 1591 509 1657 doctrinam
525 1595 568 1656 de
583 1593 728 1670 homine,
743 1594 799 1674 qui
817 1613 953 1673 corpore
976 1602 1009 1654 et
1033 1593 1143 1653 anima
1167 1593 1213 1654 ita

129 1695 310 1772 absolvatur,
326 1706 362 1758 ut
378 1697 491 1759 anima
507 1717 613 1779 eaque
629 1695 801 1759 rationalis
817 1696 860 1758 sit
876 1716 962 1770 vera,
979 1716 1038 1776 per
1054 1717 1097 1770 se,
1114 1706 1213 1775 atque

129 1794 306 1862 immediata
322 1800 470 1882 corporis
486 1799 625 1862 sorma''.

150 1944 202 1999 1²5·
240 1933 318 1989 Haec
339 1932 422 2003 apud
444 1949 548 1989 omnes
571 1931 736 1989 catholicos
756 1942 837 1989 certa
855 1941 941 2001 sunt3
959 1941 1092 1988 remanet
1112 1942 1212 1990 tamen

125 2013 235 2074 dubium
250 2018 329 2074 circa
342 2017 470 2075 Concilii
484 2028 615 2075 mentem
622 2021 639 2074 ².
677 2018 767 2090 Juxta
780 2018 868 2075 Card.
882 2017 1026 2088 Zt'gliara,
1036 2017 1212 2076 *Concilium

123 2099 243 2164 definivit
256 2105 388 2163 animam
402 2122 466 2163 3333
487 2106 612 2162 sormam
632 2106 764 2177 corporis
785 2106 815 2162 in
834 2124 917 2161 sensu
935 2105 1104 2175 scholastria,
1121 2105 1162 2162 ita
1180 2117 1212 2163 ut

100 2256 105 2283 Ι
119 2193 207 2249 aninra
219 2193 257 2249 sit
271 2209 350 2249 exse
363 2191 528 2249 substantia
542 2192 724 2263 incompleta
734 2192 763 2249 in
772 2192 886 2250 ratione
896 2191 1077 2257 substantiae,
1090 2191 1212 2250 aetuans

116 2289 215 2351 corpus
236 2295 292 2334 ceu
314 2276 510 2334 substantiam
531 2278 744 2349 incompletanr
766 2287 795 2334 et
817 2276 1085 2336 determinabilem.
1124 2279 1217 2351 Juxta

113 2360 262 2430 Palmieri,
278 2364 450 2422 Concilium
463 2365 560 2422 solum
575 2353 702 2422 difinivit
715 2364 847 2422 animam
861 2365 1034 2435 humanam,
1050 2365 1119 2424 licet
1133 2383 1212 2422 com·

109 2453 218 2518 vietam
233 2453 265 2514 in
284 2451 398 2511 ratione
417 2452 598 2523 substantiae,
615 2470 680 2510 3333
699 2460 840 2508 naturam
858 2453 1056 2523 r'tzcompletam
1076 2454 1213 2511 determi-

108 2551 229 2598 nantem
244 2557 361 2610 corpus,
378 2539 461 2610 quod
474 2539 583 2612 pariter
596 2549 640 2596 est
653 2539 871 2611 incompletum
881 2539 912 2596 in
923 2540 1035 2596 retrone
1046 2546 1169 2605 natura,
1181 2551 1213 2598 ut

106 2639 209 2686 Secum
231 2624 394 2682 constituat
413 2635 549 2682 naturam
572 2625 754 2697 completam
761 2646 770 2697 3
797 2644 849 2684 seu
871 2625 936 2682 aliis
960 2626 1056 2684 verbis
1078 2626 1212 2685 definivit

135 2807 146 2831 ²
162 2800 303 2855 Nonnulli
316 2800 463 2854 voluerunt
482 2802 689 2854 triclwtomiam
709 2800 821 2854 biblicis
840 2802 1012 2870 argumentis
1031 2802 1159 2870 probare,
1178 2801 1212 2854 iis

101 2880 173 2943 locis
200 2886 333 2941 videlicet
358 2887 405 2940 ubi
431 2885 576 2941 distinttio
601 2888 631 2941 fit
657 2887 729 2941 inter
754 2890 881 2941 animam
906 2886 1007 2957 (ψυχή)
1029 2898 1056 2941 et
1076 2890 1212 2958 spiritum

103 2966 243 3039 (πνεῦμα).
280 2970 540 3027 Animadvertimus
554 2973 693 3043 imprimis
712 2990 769 3026 non
788 2975 990 3042 exquirendam
1009 2990 1072 3028 esse
1091 2974 1119 3027 in
1140 2975 1212 3028 Scri·

100 3061 188 3122 Ptura
211 3060 396 3115 scientificam
419 3061 612 3130 Psychologiae
633 3061 847 3130 expositionem,
870 3062 920 3114 sed
943 3063 1060 3116 modum
1079 3062 1210 3132 loquendi

101 3147 294 3200 communiter
306 3148 359 3200 hac
373 3148 409 3201 de
422 3165 452 3202 re
464 3158 637 3216 usurpatum.
680 3149 744 3201 Hoc
757 3158 852 3202 autem
861 3147 961 3217 posito,
971 3149 1141 3221 quandoque
1150 3150 1211 3202 haec

101 3231 159 3288 duo
174 3234 315 3291 vocabula
328 3235 463 3303 eumdem,
474 3251 588 3287 sensum
602 3251 661 3303 prae
675 3252 704 3287 se
717 3235 817 3302 ferunt,
832 3246 860 3289 ut
875 3255 898 3289 v.
913 3253 940 3302 g.
954 3237 1067 3303 quando
1081 3237 1113 3289 B.
1125 3237 1212 3305 Virgo

101 3318 194 3374 dixit:
214 3320 231 3347 “
242 3320 407 3389 Magnificat
421 3323 519 3375 anima
532 3339 596 3376 mea
611 3322 775 3387 Dominum,
791 3335 819 3376 et
833 3323 981 3376 exsultavit
994 3324 1115 3392 spiritus
1133 3340 1211 3378 meus

101 3400 130 3461 in
145 3399 213 3460 Deo
227 3407 344 3461 salutari
357 3409 439 3461 meo''
453 3408 530 3476 (Luc.
548 3411 570 3472 l,
587 3408 691 3477 46-47);
711 3410 776 3462 hinc
790 3409 876 3463 etiam
889 3410 1020 3463 exhalare
1039 3411 1164 3462 animam
1184 3422 1211 3464 et

100 3495 235 3550 emittere
247 3497 382 3563 spiritum
398 3494 472 3548 idem
486 3495 652 3562 significant.
694 3496 871 3565 Quandoque
882 3496 965 3550 etiam
975 3498 1072 3548 anima
1083 3496 1211 3564 designat

100 3580 299 3648 principaliter
318 3580 487 3649 principium
510 3581 648 3634 inferioris
668 3582 744 3644 vitae,
770 3600 819 3635 seu
842 3583 907 3635 vitae
926 3581 1071 3645 naturalis,
1093 3584 1212 3649 spiritus

100 3680 200 3722 antem
214 3666 383 3735 principium
397 3667 548 3735 superioris
563 3685 611 3722 seu
625 3669 846 3736 supernaturalis
859 3670 925 3721 vitae
939 3669 970 3735 (I
986 3669 1008 3720 C
1007 3686 1045 3720 or.
1064 3670 1102 3731 ll,
1121 3682 1211 3738 14-153

101 3749 166 3823 XV,
183 3755 244 3820 46);
263 3770 320 3806 non
334 3763 398 3807 sunt
412 3753 497 3823 igitur
510 3754 574 3808 duae
588 3755 691 3807 animae
706 3756 817 3809 realiter
828 3754 975 3821 distincta,
985 3755 1036 3807 sed
1048 3755 1103 3807 duo
1114 3766 1211 3821 statuS,

101 3856 153 3897 seu
172 3843 231 3896 duo
251 3840 383 3910 aspettus
402 3841 484 3894 unius
503 3842 685 3911 ejusdemque
705 3843 816 3897 animae.
856 3843 895 3895 Cs.
916 3843 1011 3904 Pescla,
1034 3859 1062 3894 n.
1086 3844 1210 3908 110-116;

100 3929 279 3994 Seateusner,
295 3928 416 3982 Lexicon
429 3929 458 3982 in
471 3931 507 3982 N.
520 3930 609 3995 Test,
618 3929 735 3981 vocibus
745 3933 849 3994 πνεῦμα
860 3939 887 3982 et
899 3930 985 3999 ψυχήὲ
1012 3929 1123 3995 Vaeant,
1135 3930 1210 3997 apud

108 4017 283 4088 Vigoureux,
297 4013 422 4069 Diciion.
439 4014 515 4069 dela
530 4015 620 4080 Bible‚
633 4031 703 4068 voce
716 4016 796 4080 Arne,
811 4031 856 4082 pp.
871 4028 932 4084 454,
949 4017 1008 4082 458.

135 4102 148 4132 ⁸
161 4102 205 4157 Ci.
216 4101 359 4171 catara,
370 4101 406 4155 de
418 4103 515 4154 Mente
528 4101 557 4154 C.
568 4100 748 4167 ViennensiS,
758 4118 785 4153 n.
800 4115 849 4167 129
860 4119 916 4170 sq.;
936 4102 1084 4168 Palmz'erz,
1099 4102 1134 4155 de
1147 4104 1209 4155 Deo

102 4187 239 4248 Creante,
253 4185 294 4239 th.
310 4187 352 4248 36,
368 4195 396 4239 et
408 4185 539 4255 Append.
560 4203 585 4253 p.
606 4184 669 4253 7693
688 4185 842 4247 Maeaella,
865 4202 891 4238 n.
914 4187 962 4237 601
985 4202 1039 4254 sq.;
1058 4185 1209 4252 Latreussc,

102 4271 236 4345 Psychol.
251 4287 279 4326 n.
296 4271 358 4336 6063
377 4271 471 4338 Peseh,
485 4289 510 4325 n.
528 4285 576 4338 123
591 4289 630 4342 sq.
636 4291 643 4335 ;
670 4272 782 4337 Vacant,
797 4289 840 4339 op.
858 4273 902 4325 cit.
916 4272 971 4325 vol.
990 4273 1011 4336 1,
1023 4288 1049 4323 n.
1064 4273 1116 4338 236
1130 4289 1169 4341 sq.
