2684 4634
307 167 364 217 DE
382 165 727 216 OPERATIONIBUS
746 165 919 216 DIVINIS.
1100 165 1160 215 159

57 347 162 428 igitur
177 347 322 428 primum
346 348 496 410 omnium
520 346 588 408 fieri
613 347 867 421 obsecrationes
883 347 1083 407 orationes...
1102 365 1161 425 pro

55 451 210 514 ontnr'bus
225 452 424 527 hominibus,
439 472 500 532 pro
516 452 643 532 regibus
658 460 692 512 et
707 450 861 512 omnibus
878 450 933 531 qui
958 451 989 511 in
1014 449 1160 511 sublimi·

57 565 128 620 tate
144 564 249 618 sunt..
297 556 373 617 Hoc
389 556 478 618 enim
495 555 620 617 bonum
637 557 671 618 et
687 563 860 634 acceptum
877 563 928 615 est
952 573 1062 614 coram
1090 552 1160 616 Sal-

56 670 177 723 vatore
202 670 316 723 nostro
342 661 426 736 De0,
448 661 504 741 qui
529 681 635 722 omnes
659 659 811 720 homines
827 657 897 720 vult
912 658 1019 719 salvos
1025 657 1112 739 fieri,
1128 667 1160 720 et

57 765 100 826 ad
117 765 318 846 agnitionem
335 763 483 826 verr'tntr's
498 764 609 825 venire
624 763 702 824 etc.’'
751 762 788 823 ln
805 761 868 823 hoc
884 770 979 822 textu
994 759 1025 824 S.
1041 759 1160 821 Paulus

57 868 217 930 obsecrat
232 877 269 931 ut
283 867 365 930 fiant
380 868 547 930 orationes
562 887 623 947 pro
638 865 793 941 omnibns,
809 866 886 945 quia
903 864 1053 938 Christus
1068 862 1160 924 dedit

57 973 279 1053 semetipsum
303 970 547 1051 redemptionem
571 990 631 1051 pro
652 969 807 1043 omnibns,
829 969 1033 1048 proindeque
1053 967 1161 1047 agitur

58 1076 164 1138 etiam
181 1076 224 1137 de
239 1075 374 1136 homine
392 1074 501 1155 lapso;
525 1068 626 1154 atqui,
642 1094 686 1135 ex
707 1082 868 1135 contextu
889 1080 1027 1153 apparet
1045 1091 1159 1132 vocem

59 1179 153 1242 illam
175 1179 322 1242 omnibns
346 1175 522 1258 compledti
545 1177 647 1239 etiam
672 1176 822 1257 infideles,
843 1176 920 1257 quia
943 1176 975 1236 in
1000 1173 1160 1236 versiculo

58 1285 212 1346 secundo
227 1284 336 1364 agitur
352 1282 394 1344 de
410 1281 543 1363 regibus
559 1291 592 1343 et
609 1281 858 1361 magistratibus
874 1279 971 1360 hujus
992 1279 1160 1360 temporis

59 1389 116 1468 qui
134 1387 245 1450 adhuc
261 1385 410 1448 infideles
426 1394 528 1447 erant.
575 1384 724 1448 Aliunde
740 1385 848 1465 agitur
868 1384 962 1462 (vers
978 1384 1014 1462 4)
1033 1384 1076 1445 de
1097 1382 1160 1443 illis

58 1493 116 1572 qui
134 1493 177 1553 ad
195 1491 400 1572 agnitionem
428 1490 574 1552 veritatis
599 1490 708 1551 venire
729 1489 889 1568 indigent,
904 1498 937 1549 et
960 1489 1098 1569 proinde
1118 1489 1160 1549 de

59 1595 260 1657 infidelibus.
306 1595 458 1656 Tandem
475 1594 559 1655 ratio
575 1593 741 1657 curDeus
753 1592 832 1654 velit
843 1611 959 1653 omnes
971 1588 1080 1652 salvos
1091 1590 1159 1653 fieri

58 1699 132 1760 haec
149 1707 222 1761 est:
244 1697 369 1761 “Unus
385 1698 474 1758 enim
492 1697 594 1771 DeuS,
610 1716 695 1758 unus
711 1705 744 1758 et
761 1697 923 1758 mediator
936 1695 998 1755 Dei
1012 1694 1159 1755 ethomi-

58 1822 152 1877 num,
168 1800 270 1863 homo
286 1799 436 1864 Christus
457 1801 562 1881 Jesus,
579 1800 634 1880 qui
658 1799 752 1861 dedit
776 1798 1017 1878 redemptionem
1040 1808 1159 1860 semet-

58 1907 170 1986 ipsum
189 1925 249 1986 pro
269 1903 436 1984 omnibns?
460 1903 557 1984 (5-6);
580 1904 673 1984 atqui
697 1904 789 1965 Deus
812 1910 862 1963 est
887 1902 979 1962 Deus
1002 1903 1159 1981 omnium,

59 2009 215 2072 Christus
231 2009 353 2089 pariter
368 2008 517 2069 omnium
534 2016 584 2068 est
601 2005 772 2083 mediator,
788 2015 821 2068 et
836 2006 929 2067 dedit
944 2006 1159 2086 semetipsum

58 2112 326 2194 redemptionem
337 2131 397 2192 pro
407 2110 577 2187 omnibus;
604 2130 682 2191 ergo
693 2109 801 2172 nullus
814 2108 1002 2171 excluditur
1013 2129 1033 2170 a
1045 2108 1159 2172 volun-

57 2226 129 2279 tate
146 2215 212 2279 Dei
228 2215 423 2278 salutifera&

103 2388 171 2453 132.
220 2373 269 2456 (d)
296 2374 418 2438 Christi
446 2373 611 2436 sententia
639 2373 671 2433 in
697 2372 814 2435 ultimo
836 2373 962 2455 judicio
985 2375 1159 2438 manifeste

57 2480 219 2561 supponit
235 2477 391 2560 reprobos
407 2477 538 2540 nonnisi
554 2486 689 2558 propter
704 2497 804 2558 opera
819 2498 879 2539 sua
895 2477 983 2539 mala
999 2479 1159 2540 damnan-

57 2585 119 2646 dos
136 2592 219 2660 esse,
236 2603 302 2645 non
320 2591 431 2645 autem
447 2603 491 2643 ex
512 2581 724 2663 beneplacito
746 2582 817 2656 Dei,
836 2582 885 2644 vel
910 2582 1062 2663 originali
1085 2603 1158 2663 pec-

91 2786 225 2837 1Contra
244 2783 317 2836 hanc
336 2783 596 2852 interpretationem
616 2781 766 2850 opponitur
786 2782 813 2834 S.
831 2782 979 2849 Augustini
998 2781 1158 2849 auetoritas

57 2874 134 2943 apud
157 2889 243 2941 quem
263 2871 362 2940 triplex
384 2871 439 2925 alia
462 2872 597 2940 reperitur
616 2870 764 2924 verborum
785 2870 813 2922 S.
843 2869 921 2921 Pauli
947 2870 1157 2938 interpretatio:

58 2962 96 3027 (a)
107 2959 264 3028 omnesqui
275 2961 426 3026 salvantur,
435 2959 547 3012 nonnisi
556 2976 606 3028 per
615 2961 709 3012 Deum
720 2958 878 3021 salvantur5
899 2954 939 3024 (b)
951 2959 1029 3010 Deus
1040 2975 1072 3011 ex
1082 2960 1158 3012 omni

58 3049 207 3102 hominum
219 3064 321 3115 genere
334 3047 442 3117 aliquos
457 3048 514 3100 vult
528 3047 641 3111 salvari3
662 3046 698 3112 (c)
715 3047 791 3098 Deus
808 3044 875 3097 iacit
888 3057 917 3098 ut
930 3045 1047 3099 velimus
1061 3064 1159 3100 omnes

59 3136 189 3188 homines
203 3134 312 3187 salvari.
352 3135 492 3187 Notamus
505 3133 642 3200 imprimis
661 3133 735 3184 hanc
756 3132 882 3184 ultimam
903 3131 1159 3202 interpretationem

59 3233 163 3276 nostrae
176 3237 233 3273 non
246 3220 399 3284 adversari3
418 3237 485 3272 nani
497 3221 581 3287 DeuS,
594 3237 643 3288 per
653 3217 773 3287 gratiani
782 3234 870 3284 suam,
881 3219 1050 3274 desider-ium
1060 3239 1158 3275 ornnes

59 3307 187 3361 salvandi
201 3324 317 3361 causare
330 3306 435 3376 nequit,
448 3305 502 3359 nisi
516 3308 571 3360 tale
585 3306 755 3360 desiderium
771 3323 829 3358 suae
842 3308 979 3361 voluntati
993 3309 1027 3362 sit
1041 3326 1157 3363 consen·

58 3405 183 3450 taneum.
217 3392 505 3446 Animadvertendum
516 3393 629 3462 insuper
640 3393 668 3446 S.
681 3393 834 3446 Dodtorem
845 3393 910 3446 alibi
922 3394 958 3462 (v.
969 3413 995 3462 g.
1007 3396 1042 3449 de
1054 3396 1156 3465 Spiritu

57 3493 83 3536 et
95 3482 150 3547 lit,
164 3498 187 3533 c.
205 3493 247 3548 33,
264 3497 291 3534 n.
308 3481 353 3548 583
372 3479 408 3533 de
422 3480 537 3533 Catech.
554 3481 678 3548 rudibus,
692 3497 718 3534 n.
735 3493 777 3548 52;
797 3469 895 3535 contra
913 3483 1016 3549 Julian.
1033 3484 1048 3535 l.
1064 3485 1115 3549 Vl,
1129 3487 1154 3547 8,

60 3586 98 3639 14,
107 3585 143 3634 24
151 3567 221 3637 etc.)
231 3578 327 3636 aperte
335 3568 436 3621 docere
446 3571 539 3622 Deum
547 3570 617 3622 velle
627 3568 753 3620 omnium
763 3569 890 3630 salutern,
902 3568 940 3621 ita
948 3579 977 3622 ut
986 3571 1016 3622 S.
1028 3571 1156 3639 Prosper,

57 3656 149 3711 fidelis
162 3655 223 3725 ejus
237 3655 399 3724 discipulus,
412 3665 548 3724 tanquam
561 3657 686 3726 ineptam
699 3657 869 3710 calumniam
880 3657 995 3725 repellat
1003 3659 1156 3711 accusatio-

56 3763 129 3813 nem,
148 3761 164 3796 a
177 3741 319 3796 nonnullis
332 3751 430 3796 contra
444 3743 632 3811 Augustinum
646 3745 741 3810 latam,
751 3760 814 3797 eum
823 3760 860 3796 sc.
872 3742 1041 3796 contrariam
1051 3743 1156 3814 opinio-

55 3849 121 3884 nem
135 3828 261 3884 tenuisse
273 3827 396 3898 (Objett.
413 3829 486 3882 vinc.
503 3847 526 3882 c.
546 3847 567 3896 1,
583 3829 618 3896 2).
661 3829 749 3898 Igitur
762 3829 876 3898 quando
891 3831 918 3884 S.
934 3829 1042 3883 Dodtor
1054 3848 1155 3898 negare

54 3919 168 3972 videtur
182 3918 276 3970 Deum
288 3917 360 3971 velle
373 3934 473 3971 omnes
485 3917 614 3972 homines
628 3917 740 3985 salvari,
754 3918 839 3972 verba
859 3919 887 3971 S.
906 3916 1038 3971 Dottorls
1058 3918 1155 3972 intelli-

53 4007 151 4077 genda
164 4015 229 4058 sunt
240 4021 296 4058 non
308 4004 345 4059 de
357 4006 501 4061 voluntate
514 4005 567 4059 Dei
576 4007 755 4073 antecedente,
767 4022 830 4074 quae
840 4006 876 4058 ad
887 4023 983 4058 omnes
992 4023 1053 4059 sese
1064 4016 1155 4061 exten·

53 4097 104 4160 dit,
118 4092 170 4146 sed
183 4090 219 4144 de
231 4093 374 4145 voluntate
386 4099 573 4160 consequente,
589 4109 652 4162 quae
672 4093 708 4145 ad
727 4110 775 4145 eos
795 4091 929 4145 limitatur
947 4092 994 4160 qui
1013 4109 1100 4162 usque
1119 4093 1156 4146 ad

52 4185 219 4237 finemsunt
233 4180 445 4248 perseveraturi.
487 4181 528 4233 Cf.
545 4182 664 4246 Hnrter,
678 4181 713 4233 de
728 4182 799 4245 Deo,
813 4198 839 4232 n.
860 4181 984 4244 118—1213
1004 4182 1106 4243 Foure,
1129 4179 1155 4233 in
1176 4168 1179 4173 ’

52 4268 202 4325 Enchirid.
218 4270 247 4322 S.
264 4269 391 4336 August,
405 4286 429 4322 c.
450 4281 505 4334 103.
