2684 4634
231 111 287 159 DE
305 109 870 169 CONSECTARIISUTRIUSQUE
890 108 1108 157 MYSTERII.
1155 108 1221 157 609

119 289 355 362 dubitaverint,
366 289 464 367 hujus
479 290 626 350 veritatis
642 291 811 369 persuasio
828 300 897 353 tam
910 289 1096 351 communis
1109 289 1222 360 evasit,

120 399 156 452 ut
174 391 275 452 hodie
298 392 355 452 vix
382 392 467 452 ullus
489 391 626 453 inueniri
646 393 751 471 possit
766 392 822 471 qui
839 393 868 452 ei
887 392 1100 453 contradicat.
1149 391 1222 450 lmo

119 491 192 555 haec
207 494 344 555 traditio
359 496 444 555 adeo
460 503 549 554 certa
563 494 704 567 videtur,
716 504 752 554 ut
768 494 902 555 ducenti
919 494 1047 554 circiter
1064 492 1221 572 Episcopi

75 654 86 663 .
120 616 139 657 a
156 596 192 659 C.
219 597 372 659 Vaticano
387 598 626 677 postulaverint
650 598 803 658 eamdem
819 606 992 675 tamquam
1009 595 1084 658 fidei
1101 592 1221 656 doctri-

120 719 198 760 nam
225 699 373 776 definiri;
405 701 487 761 citra
511 700 720 761 temeritatem
745 699 844 778 igitur
867 699 956 778 rejici
980 699 1102 778 nequit.
1151 696 1221 757 Nec

119 803 243 864 desunt
283 804 522 864 convenientia:
563 811 759 882 argumenta
803 823 863 881 pro
907 811 1003 864 tanto
1043 800 1220 881 privilegio

119 902 171 983 (a)
188 903 283 966 Sicut
299 905 386 965 enim
403 903 553 966 Christus
569 903 731 983 triplicem
749 912 972 983 reportaverat
995 900 1164 965 victoriam
1180 903 1221 962 de

119 1016 261 1085 peccato
276 1026 335 1086 per
350 1007 673 1086 impeccabilitatem,
684 1007 725 1066 de
742 1006 1009 1085 concupiscentia
1021 1025 1079 1085 per
1090 1004 1220 1066 absolu-

119 1117 191 1169 tam
208 1108 443 1189 integritatem,
456 1108 498 1169 de
515 1118 621 1169 morte
637 1128 695 1187 per
707 1108 884 1187 gloriosam
901 1105 1171 1169 resurrectionem
1188 1115 1221 1165 et

119 1211 360 1284 ascensionem,
378 1211 424 1270 ita
440 1212 561 1289 pariter
577 1210 717 1270 decebat
733 1218 770 1270 ut
787 1211 821 1271 B.
840 1211 953 1290 Virgo,
969 1231 1043 1290 quae
1061 1209 1145 1271 Filio
1162 1229 1221 1270 suo

119 1313 312 1374 consociata
341 1313 526 1387 exhibetur,
558 1313 695 1392 triplicis
733 1312 830 1390 hujus
866 1313 1025 1393 triumphi
1056 1313 1221 1392 particeps

87 1402 91 1407 ¹
120 1425 219 1490 esset,
234 1416 386 1479 videlicet
405 1415 575 1478 victoriam
598 1424 781 1495 reportaret
805 1416 846 1476 de
870 1426 1008 1495 peccato
1029 1435 1088 1494 per
1104 1416 1220 1475 imma-

121 1506 267 1580 culatam
291 1521 553 1600 conceptionem,
580 1521 622 1580 de
649 1519 916 1597 concupiscentia
943 1539 1001 1598 per
1024 1518 1219 1597 virginalem

122 1622 379 1695 maternitatem,
394 1622 437 1682 de
456 1630 562 1682 morte
583 1641 641 1701 per
664 1620 881 1680 acceleratam
899 1617 1170 1681 resurrectionem
1188 1629 1221 1679 et

122 1723 154 1782 in
186 1723 307 1784 eoelum
340 1724 611 1802 assumptionem.
658 1721 709 1802 (b)
741 1722 892 1783 Decebat
926 1723 1049 1802 pariter
1079 1732 1115 1784 ut
1145 1741 1220 1781 caro

123 1823 159 1888 B.
170 1823 326 1904 Virginis,
339 1845 414 1905 quae
431 1827 501 1885 sine
518 1825 727 1903 corruptione
744 1844 863 1903 corpus
877 1823 998 1886 Christi
1015 1833 1219 1903 conceperat,

124 1945 182 1986 nec
210 1927 310 1987 ullam
338 1927 503 1987 maculam
531 1935 753 2000 contraxerat,
777 1926 1122 2005 incorruptibilitatem
1150 1925 1220 2004 ejus

123 2029 343 2108 participaret.

199 2170 215 2258 ξ
246 2176 309 2237 ΙΙΙ.
335 2176 392 2236 DE
416 2189 572 2237 osricus
598 2177 632 2236 B.
658 2176 796 2236 Mamm
819 2190 918 2238 ERGA
942 2190 1113 2239 HOMINES
1125 2189 1144 2237 1.

165 2325 247 2386 Tria
269 2326 451 2405 praesertim
476 2336 572 2386 sunt:
596 2323 759 2404 siquidem
785 2325 820 2386 B.
836 2325 940 2404 Virgo
963 2335 1013 2388 est
1037 2326 1220 2401 mediatrix,

123 2427 236 2508 regina
249 2436 284 2486 et
301 2436 404 2511 mmer
419 2428 569 2487 omnium
588 2426 857 2489 Christianorum.

162 2575 234 2640 292.
285 2574 316 2622 1⁰
331 2561 369 2622 B.
396 2561 495 2642 Virgo
521 2571 568 2621 ert
590 2562 772 2635 mediatem,
792 2584 853 2622 tren
877 2563 1006 2641 quidem
1023 2564 1221 2644 principalis

121 2664 178 2723 sed
188 2663 388 2738 secundaria,
401 2684 457 2723 seu
476 2664 653 2724 mediatrix
667 2666 708 2725 ad
724 2665 954 2738 Mediatorem,
966 2685 1028 2724 non
1045 2668 1221 2728 necessaria

119 2767 266 2846 quidem,
292 2765 348 2826 sed
377 2767 473 2827 valde
499 2766 598 2827 utilis.
646 2767 776 2828 Dicitur
805 2768 996 2828 secundaria
1022 2769 1100 2846 quia
1130 2771 1233 2841 solus,

122 2869 272 2932 Christus
296 2870 460 2930 mediator
483 2880 532 2930 est
555 2870 753 2951 principalis,
776 2891 878 2950 quum
903 2870 992 2930 solus
1019 2873 1219 2951 condignam

121 2968 381 3032 satisfactionem
399 2993 459 3051 pro
475 2974 620 3051 peccatis
640 2974 762 3039 nostris
785 2972 951 3046 obtulerit,
967 2981 1000 3033 et
1016 2993 1132 3035 omnes
1147 2995 1219 3055 gra-

120 3074 184 3135 tias
201 3074 242 3134 ad
259 3074 400 3134 salutem
414 3076 614 3134 necessarias
628 3095 687 3153 pro
701 3076 795 3136 nobis
808 3097 851 3136 ex
865 3077 1032 3156 condigno
1045 3080 1219 3141 meruerit:

120 3180 231 3236 “unus
249 3177 412 3236 mediator
429 3176 492 3236 Dei
516 3186 549 3236 et
570 3177 752 3251 hominum,
768 3177 869 3238 homo
887 3178 1036 3240 Christus
1052 3180 1148 3259 Jesus
1160 3180 1175 3204 ’'
1187 3194 1219 3257 2;

120 3300 181 3341 reon
202 3279 386 3353 necessaria,
401 3280 478 3360 quia
501 3300 540 3339 er
559 3301 591 3340 se
613 3279 736 3342 directe
761 3281 871 3341 Deum
895 3282 1063 3342 mediante
1088 3282 1220 3346 Christo

119 3382 212 3443 adire
227 3381 384 3443 valemus.
1178 3378 1180 3383 ’

161 3485 356 3547 Probatur:
381 3485 440 3546 llle
457 3495 506 3546 est
523 3486 686 3546 mediator
709 3488 929 3562 secundarius,
946 3467 1008 3567 qui
1019 3489 1081 3550 sub
1097 3490 1219 3570 depen-

118 3589 233 3650 dentia
256 3589 445 3668 principalis
470 3590 670 3662 mediatoris
687 3591 728 3650 ad
754 3599 901 3651 nostram
925 3590 1066 3652 salutem
1091 3593 1220 3654 realiter

118 3756 244 3824 Taurini,
263 3757 337 3823 1884,
352 3756 398 3810 ubi
412 3759 500 3810 multa
518 3757 705 3821 inveniuntur,
722 3774 785 3825 quae
804 3768 899 3810 tamen
919 3774 975 3810 non
995 3757 1090 3810 omnia
1109 3759 1220 3814 fuerunt

118 3843 155 3896 ad
169 3842 303 3896 trutinam
317 3843 421 3896 criticae
434 3854 574 3897 revocata.

154 3931 228 3984 ¹Csr.
241 3931 270 3983 S.
280 3932 453 3996 Bernardm,
469 3932 567 3984 Sermo
581 3931 616 3984 de
631 3929 798 3998 aquaeductu
813 3932 840 3983 in
853 3933 918 3986 Nat.
932 3934 963 3986 B.
977 3934 1029 3996 M.;
1043 3933 1160 3994 Suarez,
1171 3950 1216 4002 op.

118 4015 165 4071 cit.
182 4016 255 4084 disp.
272 4015 388 4080 XXlIl;
407 4017 554 4080 Petamus,
570 4017 587 4070 l.
605 4018 684 4082 XIV,
694 4034 716 4070 c.
730 4033 758 4083 93
777 4019 896 4085 Depoz'x,
912 4035 957 4086 op.
974 4019 1019 4071 cit.
1033 4036 1058 4087 p.
1077 4033 1134 4082 111,
1151 4036 1174 4073 e.
1195 4034 1219 4085 1;

117 4104 240 4166 Hurter‚
263 4121 289 4157 n.
313 4102 365 4171 669
385 4120 442 4172 sq.;
467 4105 610 4165 Petitalot,
633 4120 678 4171 op.
702 4103 747 4159 cit.
772 4121 795 4158 c.
819 4106 911 4169 XIX3
936 4105 1036 4168 Melia,
1059 4122 1102 4174 op.
1125 4106 1170 4160 cit.
1195 4122 1219 4158 c.

117 4192 328 4247 XXVII-XIX.
346 4222 380 4229 -
393 4189 436 4243 2Ι
445 4192 519 4244 Tim.
538 4193 576 4260 ll,
595 4205 618 4262 5.
1283 4202 1287 4209 '

221 4305 350 4351 Sruorsrs
360 4307 392 4354 ΙΙ,
408 4332 432 4340 -
449 4323 480 4367 39
