2684 4634
165 190 222 239 DE
240 190 545 241 consacrnnns
562 191 806 253 UTRIUSQUE
825 192 1046 241 MYSTERII.
1095 192 1155 242 581

1107 303 1155 312 -.a

50 369 141 433 ratio
165 389 224 431 cur
249 369 310 434 SS.
336 370 402 434 Cor
425 372 558 452 speciali
584 373 686 434 modo
709 372 858 449 colatur;
888 392 966 433 nam
994 372 1156 452 quidquid

52 473 209 538 Christus
225 474 293 555 egit
308 484 342 536 et
357 496 474 557 passus
498 485 557 552 est,
574 477 606 539 id
630 485 738 540 totum
762 498 806 538 cx
828 496 940 538 amore
959 476 1158 558 profluxisse

50 585 189 640 constat
215 596 259 638 ex
282 578 333 640 his
360 578 517 660 Apostoli
544 579 673 641 verbis:
700 580 849 642 “dilexit
875 599 935 641 nos
961 588 995 640 et
1021 579 1158 642 tradidit

50 681 274 762 semetipsum
290 702 351 762 pro
368 683 463 746 nobis
476 682 492 707 ’³
506 695 538 759 1;
562 703 673 746 nonne
689 704 802 745 amore
818 683 931 757 nostri,
947 692 1082 765 propter
1098 703 1158 745 nos

51 794 88 848 et
104 793 243 866 propter
258 793 406 847 nostram
423 785 757 862 salutem‚dcscendit
773 787 815 848 de
831 785 932 860 coelis,
948 795 1084 867 propter
1099 806 1159 848 nos

52 907 183 969 egenus
199 884 306 950 lactus
321 898 381 964 est,
396 891 612 971 semetipsum
629 890 823 960 exinanivit,
838 891 941 952 vitam
959 889 1158 951 laboriosam
1199 925 1202 930 ·

52 1000 89 1054 et
104 991 324 1072 apostolicam
340 992 439 1053 duxit
453 1013 460 1067 ;
480 1013 591 1054 nonne
605 1014 649 1054 ex
666 1012 778 1054 amore
793 1001 1008 1067 sacramenta,
1024 1011 1158 1073 praeser·

54 1096 118 1158 tim
135 1114 213 1157 vero
231 1095 483 1170 Eucharistiam,
496 1097 640 1158 instituit
649 1118 656 1172 ;
672 1116 783 1158 nonne
796 1115 856 1176 pro
868 1096 963 1159 nobis
974 1116 1089 1177 passus
1099 1105 1158 1171 est,

55 1207 209 1261 mortuus
225 1199 297 1262 est?
343 1197 450 1261 Amor
466 1198 588 1263 Christi
605 1200 705 1280 igitur
725 1207 775 1261 est
794 1200 991 1281 principium
1008 1200 1158 1262 omnium

56 1301 302 1383 mysteriorum,
320 1322 395 1383 quae
416 1303 458 1364 ad
484 1302 763 1383 Redemptionem
787 1313 934 1366 nostram
956 1305 1160 1379 ordinantur,

57 1404 134 1467 sons
148 1405 298 1466 omnium
315 1407 494 1494 gratiarum
512 1426 587 1487 quae
603 1406 698 1468 nobis
714 1407 913 1484 obveniunt;
929 1428 1008 1488 ergo
1024 1408 1159 1490 speciali

57 1507 150 1571 cultu
166 1509 302 1589 agnosci
317 1518 351 1571 et
366 1509 429 1571 coli
445 1509 553 1583 debet,
569 1509 774 1591 proindeque
790 1511 928 1571 omnino
945 1510 1093 1591 legitima
1109 1519 1160 1573 cst

57 1611 195 1674 devotio
210 1631 288 1692 erga
305 1611 363 1676 SS.
382 1612 447 1674 Cor
462 1612 551 1692 Jesu.

59 1713 109 1797 (b)
127 1715 195 1776 Nec
208 1715 319 1776 nn‘nus
325 1717 388 1795 pia
402 1726 434 1777 et
448 1716 539 1777 utilis
553 1725 605 1778 est.
652 1717 741 1777 Nam
764 1714 817 1775 illc
837 1714 946 1776 cultus
967 1724 1018 1776 est
1036 1716 1109 1796 pius
1126 1727 1159 1779 et

59 1819 150 1882 utilis
168 1820 224 1901 qui
248 1818 383 1882 sanctus
399 1830 449 1882 est
465 1820 497 1882 in
515 1841 576 1882 suo
592 1818 733 1899 objecto,
750 1820 782 1880 in
807 1839 868 1881 suo
892 1818 966 1894 fine,
982 1820 1014 1880 in
1031 1817 1160 1882 aflibus

59 1922 180 2004 quibus
199 1932 380 1998 exercetur,
395 1933 429 1985 et
449 1925 481 1985 in
501 1921 673 1985 effedtibus
696 1942 780 2003 quos
803 1923 976 2003 producit;
1003 1924 1094 2002 atqui
1114 1924 1161 1985 ita

59 2035 109 2089 est
124 2027 169 2089 de
185 2025 274 2089 cultu
293 2026 352 2090 SS.
366 2025 482 2090 Cordis
496 2049 503 2103 ;
522 2027 685 2107 siquidem
702 2025 836 2089 sanctus
852 2035 903 2088 est
918 2026 952 2086 in
967 2047 1024 2087 suo
1039 2025 1160 2107 obsicio,

58 2149 136 2192 nam
154 2126 322 2208 objectum
340 2129 509 2191 materiale
524 2138 574 2191 est
591 2129 656 2192 Cor
668 2131 790 2193 Christi
806 2130 1015 2211 hypostatice
1030 2132 1160 2194 unitum

58 2233 183 2307 Verb0,
192 2230 361 2313 objectum
374 2242 485 2295 autem
502 2233 640 2295 formale
655 2242 705 2295 est
722 2234 885 2296 immensa
897 2235 1016 2295 caritas
1030 2234 1163 2310 Christi,

59 2323 221 2400 Hominis
237 2337 310 2412 Dei,
325 2346 442 2418 utpote
458 2338 527 2399 sons
543 2337 693 2400 omnium
710 2337 944 2400 beneficiorum
962 2360 1036 2418 quae
1053 2359 1072 2400 a
1089 2338 1161 2402 Sal-

57 2448 175 2502 vatore
189 2441 385 2520 accepimus,
431 2441 533 2502 Porro
549 2439 618 2501 fieri
635 2441 750 2521 nequit
767 2449 803 2502 ut
819 2441 892 2520 quis
915 2439 1161 2503 sanetissimum

57 2543 140 2607 illud
172 2540 341 2622 objectum
372 2541 561 2623 frequenter
590 2543 843 2623 contempletur,
867 2544 946 2621 quin
974 2545 1164 2606 recordetur

58 2645 215 2709 immensi
231 2646 353 2707 amoris
370 2645 493 2708 Christi
517 2665 593 2726 erga
615 2664 684 2719 nos,
701 2654 734 2706 et
754 2645 904 2707 omnium
927 2645 1161 2707 beneficiorum

58 2750 101 2813 ab
119 2769 163 2812 eo
184 2757 407 2829 acceptorum,
423 2748 519 2811 simul
543 2758 576 2810 et
597 2748 883 2809 acerbissimorum
908 2748 1061 2810 dolorum
1078 2770 1164 2830 quos

58 2875 120 2936 pro
136 2853 234 2915 nobis
249 2862 318 2915 tam
335 2854 501 2933 patienter
517 2852 678 2915 toleravit.
719 2851 803 2913 Haec
816 2853 904 2914 enim
918 2854 1030 2914 omnia
1044 2853 1162 2916 multa-

59 2977 124 3039 que
145 2956 212 3018 alia
232 2957 264 3017 in
285 2956 356 3037 ipsa
375 2956 521 3036 imagine
543 2955 602 3019 SS.
622 2953 749 3028 Cordis,
765 2964 863 3035 prout
887 2956 978 3035 pingi
995 2954 1079 3017 solet
1096 2976 1161 3016 non

60 3060 164 3124 modo
184 3069 420 3141 repraesentata
436 3059 493 3120 sed
510 3058 611 3121 veluti
634 3058 799 3138 insculpta
819 3057 1030 3122 exhibentur.
1073 3059 1164 3139 jam-

59 3183 139 3227 vero
155 3161 236 3225 nihil
252 3161 408 3236 sanctius,
425 3160 506 3223 nihil
530 3162 640 3241 aptius
660 3162 703 3223 ad
726 3159 906 3222 fovendum
928 3181 1071 3223 amorem
1086 3182 1164 3243 erga

61 3265 422 3341 Christum,caritatem
439 3284 518 3344 erga
530 3265 732 3345 proximum,
745 3263 940 3344 patientiam
958 3264 991 3324 in
1009 3265 1164 3325 adversis.

59 3374 102 3435 In
112 3392 172 3434 suo
174 3370 254 3452 fine,
264 3389 342 3431 nam
353 3368 427 3430 finis
438 3378 489 3429 est
501 3388 594 3429 amor
608 3367 729 3430 Christi
743 3378 776 3429 et
790 3369 955 3448 reparatio
969 3367 1163 3447 injuriarum

59 3476 123 3558 ipsi
145 3472 332 3549 illatarum;
357 3471 450 3551 atqui
473 3470 554 3532 nihil
578 3467 724 3532 sanctius
748 3479 798 3531 est
822 3490 922 3550 quam
950 3469 1108 3550 proficere
1132 3470 1163 3530 in

59 3597 175 3643 amore
187 3575 345 3638 Hominis
358 3574 432 3649 Dei,
444 3573 524 3635 nihil
536 3571 733 3635 laudabilius
746 3592 847 3651 quam
862 3592 1013 3653 reparare
1030 3571 1167 3651 injurias

59 3682 124 3765 ipsi
140 3680 267 3756 illatas;
282 3679 329 3740 sic
344 3679 433 3740 enim
452 3686 666 3758 promovetur
681 3676 787 3756 gloria
800 3676 932 3750 Christi,
945 3696 1083 3755 regnum
1095 3675 1168 3756 ejus

59 3788 149 3851 intra
163 3785 293 3848 animas
313 3792 526 3864 propagatur,
543 3780 700 3842 solatium
725 3780 796 3859 ejus
821 3780 921 3842 Cordi
945 3777 1097 3854 assertum
1120 3778 1168 3839 sic

58 3891 183 3953 animae
192 3887 225 3950 in
235 3883 413 3949 sanctitate
425 3885 492 3946 cito
503 3884 775 3965 progrediuntur:
788 3879 947 3944 sanctitas
957 3883 1045 3942 enim
1057 3900 1166 3941 essen-

59 3992 185 4058 tialiter
199 3993 232 4055 in
248 4011 361 4053 amore
378 3990 442 4051 Dei
458 3988 610 4050 consistit
629 3996 662 4048 et
682 3987 827 4066 proximi
847 3984 1045 4061 dileetione3
1069 4005 1170 4065 porro

59 4096 271 4162 Salvatorem
288 4102 438 4155 nostrum
456 4111 569 4154 amare
585 4091 771 4172 nequimus
788 4089 866 4170 quin
890 4087 988 4149 simul
1006 4088 1116 4149 Deum
1134 4097 1167 4149 et

94 4298 220 4367 ¹pres.
240 4299 271 4360 V,
287 4311 311 4349 2.
