2684 4634
665 181 802 232 CAPUT
819 180 844 230 1.

1330 192 1340 209 A

1286 231 1288 235 ·
1327 214 1340 283 i

533 298 541 302 -
547 294 1282 306 -—---—-..—.-..——-——-—--—-
1336 292 1339 307 ς

309 385 344 435 20
358 371 600 453 Argumentum
615 393 655 432 en
667 372 778 434 ordine
792 392 964 433 causarum
979 369 1188 454 efficientium.

245 512 289 559 11.
338 498 404 559 Hie
417 498 485 578 jam
503 518 567 559 non
585 498 694 577 agitur
709 496 750 558 de
766 496 1014 571 mutationibus
1030 516 1105 576 quae
1121 497 1153 556 in
1171 495 1290 556 mundo

200 610 383 674 occurrunt,
399 601 456 662 sed
473 599 515 661 de
530 601 637 661 causis
654 598 871 661 efficientibus
888 598 1036 679 aquibus
1049 598 1234 679 procedunt
1246 617 1292 657 res

200 715 441 784 permanentes
456 713 492 765 ut
508 705 640 784 planta,
657 703 820 776 animalia,
835 701 995 774 homines
1007 710 1039 762 et
1055 702 1179 763 exinde
1193 701 1293 762 dedu·

199 808 283 868 citur
312 807 492 868 existentia
523 807 638 886 primae
669 805 795 867 Causae.
844 805 1016 885 Siquidem
1047 804 1234 866 invenimus
1262 805 1298 865 in

199 910 318 970 terrendo
341 930 454 971 causas
477 909 641 990 ffcientes
664 907 729 968 sibi
749 908 884 968 irmicem
900 907 1136 982 subordinatas,
1154 928 1180 969 v.
1198 927 1227 986 g.
1245 906 1294 968 hic

199 1011 300 1072 homo
326 1012 369 1074 ab
395 1012 460 1073 alio
486 1012 620 1072 homine
646 1012 802 1090 procedit,
827 1010 889 1071 hoc
914 1010 1036 1072 animal
1061 1009 1103 1071 ab
1127 1010 1202 1087 ali0,
1226 1010 1295 1071 haec

198 1111 313 1193 planta
328 1113 370 1173 ab
386 1112 457 1174 alia.
503 1111 611 1190 Atqui
631 1111 818 1190 deijusrnodi
838 1130 942 1173 causa
962 1091 1144 1191 supponunt
1165 1133 1295 1172 causam

194 1217 338 1296 prienam
356 1217 563 1277 incausatum.
612 1215 699 1275 Nam
716 1234 759 1275 ex
776 1218 841 1277 una
858 1223 951 1295 parte
967 1213 1171 1294 impossibile
1186 1225 1239 1276 est
1262 1224 1295 1277 ut

199 1318 321 1399 aliquid
338 1319 380 1380 sit
396 1338 495 1380 eausa
511 1319 654 1380 efficiens
670 1318 833 1398 suiipsius
849 1317 926 1398 quia
949 1317 974 1378 si
1000 1337 1050 1378 res
1071 1318 1118 1379 ita
1138 1337 1174 1378 se
1196 1317 1295 1379 habe-

199 1432 256 1498 ret,
272 1422 404 1503 aliquod
422 1442 480 1483 ens
501 1431 588 1484 esset
611 1422 700 1502 prius
723 1422 849 1502 seipso;
871 1441 915 1482 ex
940 1419 1043 1481 altera
1066 1430 1178 1482 autem
1203 1430 1296 1502 parte

199 1525 403 1606 impossibile
419 1534 469 1586 est
486 1525 517 1585 in
535 1524 641 1586 causis
657 1523 872 1586 efficientibus
884 1521 1063 1604 procedere
1075 1522 1107 1584 in
1119 1504 1296 1599 infinitum,

198 1611 255 1690 sed
273 1629 403 1690 admitti
416 1628 516 1691 debet
528 1648 628 1689 eausa
640 1629 746 1707 prima
759 1627 935 1688 incausata.
983 1626 1080 1701 Nam,
1092 1628 1118 1687 si
1131 1626 1296 1708 rejiciatur

198 1730 273 1792 talis
289 1750 397 1805 causa,
413 1730 511 1791 series
528 1748 700 1791 causarum
717 1738 750 1790 et
771 1726 948 1791 efledtuum
970 1729 1102 1791 admitti
1124 1730 1226 1793 debet
1238 1727 1296 1793 ¹vel
1323 1741 1325 1745 ’

198 1831 230 1892 ἱη
247 1831 333 1892 linea
349 1828 437 1893 reeta
452 1830 503 1892 vel
521 1831 553 1891 in
571 1830 656 1894 linea
672 1831 836 1912 circulari;
859 1832 951 1912 atqui
976 1841 1128 1894 neutrum
1152 1818 1218 1895 dici
1243 1855 1298 1916 po-

198 1944 262 1997 test
275 1956 281 1997 :
305 1955 370 1995 non
376 1934 481 2016 prius,
492 1955 569 1997 narn
583 1936 615 1996 in
627 1936 732 1997 causis
743 1934 960 1997 efficientibus
973 1935 1142 2011 ordinatis
1152 1938 1296 2017 primurn

198 2047 247 2099 est
263 2058 363 2100 causa
379 2039 477 2100 medii
494 2047 527 2099 et
544 2039 689 2100 medium
706 2058 805 2100 causa
817 2038 934 2112 ultimi,
945 2040 991 2101 ita
1003 2048 1040 2101 ut
1051 2040 1077 2101 si
1089 2051 1298 2104 removeatur

198 2141 304 2222 prima
320 2161 427 2216 causa,
443 2160 482 2202 eo
499 2141 571 2221 ipso
587 2151 819 2204 removeantur
834 2162 942 2204 causae
955 2142 1160 2206 intermediae
1173 2153 1207 2207 et
1219 2144 1299 2208 effe-

197 2241 285 2323 &us;
301 2281 338 2291 -
359 2264 424 2305 non
434 2245 603 2324 posterius,
614 2247 690 2326 quia
704 2246 735 2307 in
749 2245 810 2306 hac
822 2245 999 2327 hypothesi
1015 2245 1082 2308 duo
1098 2247 1187 2309 entia
1197 2269 1299 2311 causa

197 2356 230 2409 et
254 2343 390 2408 effeetus
415 2344 477 2406 sibi
504 2355 620 2408 mutuo
644 2347 742 2409 simul
766 2357 884 2413 essent.
932 2349 1022 2411 Pone
1046 2371 1073 2412 v.
1089 2371 1120 2432 g.
1136 2351 1298 2416 circulum

197 2458 339 2530 quatuor
355 2448 483 2510 entibus
499 2469 528 2522 a,
541 2448 566 2525 b,
582 2471 605 2525 c,
621 2450 884 2528 dconstantem;
910 2473 931 2512 a
946 2453 1099 2533 proxime
1114 2465 1254 2534 generat
1268 2457 1299 2535 b;

197 2552 215 2614 b
230 2561 366 2634 generat
382 2571 398 2612 e
411 2560 444 2614 et
459 2572 475 2612 c
489 2561 625 2632 generat
640 2554 679 2631 d;
702 2573 780 2634 ergo
792 2575 813 2614 a
825 2564 951 2617 remote
962 2564 1099 2637 generat
1110 2556 1146 2637 d;
1163 2557 1300 2622 aliunde

196 2656 267 2717 din
283 2654 345 2717 hoc
362 2654 483 2716 circulo
499 2664 636 2735 generat
651 2678 687 2735 a;
711 2657 914 2738 proindeque
930 2657 1064 2720 dsimul
1079 2641 1218 2740 generat
1229 2684 1250 2724 a
1265 2673 1300 2727 et

197 2760 239 2822 ab
265 2759 336 2841 ipso
363 2767 557 2839 generatur:
590 2762 678 2841 quod
703 2770 873 2842 repugnat.
920 2761 1011 2842 Ergo
1026 2771 1158 2826 constat
1181 2765 1299 2828 minor.

197 2865 288 2945 Ergo
311 2863 520 2926 admittenda
543 2874 602 2939 est,
625 2871 722 2925 extra
744 2863 861 2924 seriem
885 2883 1059 2926 causarum
1082 2863 1298 2930 efficientium

195 2988 292 3029 eausa
299 2966 413 3046 prima
429 2987 504 3047 quae
520 2986 654 3028 eausam
671 2986 737 3028 non
754 2966 885 3043 habeat,
900 2988 958 3031 seu
975 2990 1072 3030 eausa
1089 2969 1269 3036 incausata.

273 3124 307 3192 3⁰
321 3112 563 3192 Argumentum
581 3133 619 3174 en
633 3112 802 3175 existentia
817 3113 939 3177 entium
955 3115 1215 3198 contingentium.

241 3254 286 3303 12.
335 3236 526 3318 Contingens
542 3239 573 3302 id
591 3239 712 3302 dieitur
727 3239 816 3320 quod
840 3249 951 3321 potest
974 3261 1046 3304 esse
1069 3250 1103 3305 et
1126 3262 1192 3305 non
1218 3265 1298 3322 esse,

196 3361 267 3402 esse
284 3340 346 3402 hoc
362 3340 414 3402 vel
430 3341 496 3403 alio
512 3344 623 3418 modo
638 3363 696 3404 seu
713 3342 903 3406 indifferens
919 3353 969 3406 est
993 3347 1034 3407 ad
1058 3365 1129 3408 esse
1153 3346 1205 3408 vel
1230 3369 1295 3410 non

196 3464 276 3518 esse,
293 3444 334 3505 ad
352 3464 423 3505 esse
439 3444 497 3507 tali
512 3445 561 3506 vel
578 3445 635 3507 tali
652 3448 759 3509 modo.
806 3448 1031 3511 Necessarium
1044 3459 1187 3514 econtra
1200 3462 1252 3515 est
1264 3453 1295 3514 id

196 3546 285 3626 quod
303 3567 368 3608 non
386 3556 495 3627 potest
513 3568 578 3608 non
600 3569 680 3626 esse,
696 3570 753 3612 seu
779 3552 868 3631 quod
893 3551 994 3614 habet
1018 3553 1050 3614 in
1073 3573 1108 3614 se
1133 3555 1295 3617 rationem

196 3671 264 3713 suae
289 3651 477 3713 existentiae
501 3660 534 3714 et
558 3661 608 3714 est
632 3674 653 3713 a
676 3671 715 3717 se.
763 3654 892 3735 Quibus
918 3656 1034 3737 positis
1058 3657 1104 3719 sic
1129 3660 1294 3739 arguitur:

195 3754 378 3816 invenimus
394 3755 428 3817 in
445 3755 539 3818 rebus
553 3757 700 3836 quadam
717 3779 787 3838 qua
800 3768 878 3820 seint
891 3759 1115 3839 contingentia,
1128 3760 1148 3823 i.
1160 3781 1184 3824 e.
1192 3762 1296 3842 possi-

195 3856 275 3919 bilia
291 3878 354 3920 esse
369 3867 400 3919 et
414 3879 475 3920 non
500 3879 583 3931 esse;
606 3869 691 3922 teste
715 3863 802 3924 enim
827 3863 974 3937 scientia,
990 3872 1122 3944 tempus
1146 3863 1209 3928 fuit-
1231 3887 1296 3948 quo

196 3981 261 4022 non
278 3970 371 4023 erant
387 3961 419 4022 in
438 3961 563 4024 mundo
579 3973 737 4027 creaturae
754 3964 938 4041 rationales
955 3986 1018 4046 quo
1035 3987 1100 4028 non
1118 3977 1213 4030 erant
1228 3970 1295 4031 ani·

196 4063 295 4126 malia
310 4065 361 4127 vel
378 4063 510 4147 plantae,
521 4086 587 4146 quo
600 4087 737 4148 corpora
749 4068 894 4130 caelestia
906 4087 972 4129 non
984 4069 1174 4132 existebant
1186 4066 1297 4151 qualia

195 4176 281 4242 sunt,
297 4167 354 4229 sed
372 4167 479 4230 solum
497 4169 528 4229 in
542 4177 631 4232 statu
643 4170 819 4248 nebuloso;
847 4170 980 4235 aliunde
992 4174 1141 4252 quotidie
1151 4175 1297 4238 viventia

195 4278 342 4351 pereunt,
359 4291 415 4332 seu
432 4272 588 4334 desinunt
604 4293 684 4349 esse,
700 4275 904 4355 proindeque
917 4275 1019 4339 multa
1032 4285 1106 4339 sunt
1118 4278 1209 4340 entia
1223 4298 1297 4360 quae
