2684 4634
525 174 580 222 DE
600 177 708 222 FIDE.
1147 177 1168 227 3

61 347 188 418 Moyses
201 359 232 406 et
247 349 413 421 Prophetae,
430 360 493 407 tum
507 351 570 422 ipse
583 351 729 407 maximus
749 350 885 409 Christus
907 350 1055 407 Dominus
1075 350 1166 406 multa

61 443 90 491 et
103 436 349 493 manifestissima
362 437 502 494 miracula
515 448 543 495 et
557 437 727 509 prophetias
740 437 909 504 ediderunt;
923 448 951 495 et
965 438 1002 495 de
1016 437 1168 508 Apostolis

61 524 192 595 legimus
210 547 216 582 :
231 525 277 581 llli
291 535 391 582 autern
405 520 527 597 profe'cii
542 526 775 598 praedicaverunt
785 524 904 595 ubique,
919 524 1166 596 Dominocoope-

61 621 147 669 rante
155 622 186 669 et
195 630 364 670 sermonem
374 613 569 670 confirmante
580 611 773 683 sequentibus
782 610 890 682 signis¹
929 611 966 667 Et
975 629 1088 667 rursum
1099 611 1167 668 scriss

61 709 148 770 ptum
163 710 210 757 est
227 721 232 756 :
249 701 408 759 Habemus
422 701 580 757 firmiorem
601 700 808 771 propheticum
829 715 1006 764 sermonem,
1022 699 1068 755 cui
1090 697 1167 755 bene

62 785 160 843 sacitis
174 787 365 845 attendentes
379 788 462 859 quasi
478 788 605 844 lucernae
619 787 727 844 lucenti
743 786 772 841 in
786 785 948 856 caliginoso
961 785 1051 842 loc0.²

96 873 186 931 Licet
200 884 299 930 autern
321 875 390 932 fidei
409 892 546 932 assensus
566 892 755 945 nequaquam
775 874 812 930 sit
831 883 929 929 motus
948 872 1037 928 animi
1058 891 1164 938 caecus,
1201 895 1221 936 3.
1237 881 1323 949 Necesr.

62 978 154 1017 nemo
168 969 269 1017 tamen
284 961 461 1033 evangelicae
475 961 678 1033 praedicationi
692 960 859 1017 consentire
872 969 977 1031 potest,
993 960 1068 1016 sicut
1080 978 1165 1032 opor·
1190 943 1323 1056 ffififfl

62 1057 102 1104 tet
114 1048 156 1105 ad
170 1048 296 1105 salutem
309 1049 564 1120 consequendam,
576 1048 690 1119 absque
704 1047 918 1105 illuminatione
932 1057 960 1103 et
974 1046 1166 1117 inspiratione

62 1135 193 1206 Spiritus
207 1135 316 1201 Sancti,
330 1137 380 1208 qui
394 1138 446 1194 dat
459 1137 598 1195 omnibus
611 1135 785 1192 suavitatem
801 1135 829 1190 in
844 1135 1059 1192 consentiendo
1069 1144 1098 1192 et
1106 1153 1166 1192 cre-

62 1222 167 1280 dendo
181 1223 317 1280 veritati.a
353 1224 452 1296 Quare
467 1225 540 1282 fides
555 1225 618 1295 ipsa
632 1223 661 1279 in
675 1240 714 1293 se,
731 1220 845 1279 etiamsi
865 1238 917 1292 per
936 1221 1085 1278 caritatem
1107 1237 1165 1276 non

62 1320 214 1380 operetur,
227 1310 341 1368 donum
359 1311 415 1368 Dei
429 1322 483 1377 est,
499 1322 528 1369 et
541 1310 624 1368 acius
638 1311 701 1380 ejus
715 1319 759 1366 est
778 1327 853 1380 opus
872 1306 911 1365 ad
930 1308 1062 1378 salutem,
1080 1308 1166 1380 perti-

62 1415 148 1466 nens,
161 1415 224 1468 quo
238 1397 330 1454 homo
344 1398 465 1456 liberam
480 1408 598 1470 praestat
611 1397 667 1468 ipsi
684 1398 749 1456 Deo
762 1395 974 1465 obedientiam,
983 1395 1082 1465 gratiae
1093 1396 1165 1466 ejuS,

62 1483 109 1540 cui
123 1484 261 1542 resistere
275 1497 404 1565 possent,
422 1485 639 1543 consentiendo
651 1494 681 1542 et
693 1483 892 1555 cooperando.

98 1571 193 1628 Porro
207 1571 267 1629 fide
281 1572 383 1630 divina
402 1583 431 1630 et
444 1572 591 1630 catholica
610 1589 644 1642 ea
665 1570 766 1630 omnia
786 1568 936 1626 credenda
955 1578 1031 1639 sunt,
1048 1587 1115 1640 quae
1135 1569 1163 1625 in
1189 1599 1208 1640 4·
1221 1587 1322 1642 oeream

61 1657 154 1714 verbo
167 1658 225 1714 Dei
237 1658 347 1730 scripto
356 1660 401 1716 vel
412 1659 520 1717 tradito
528 1658 725 1726 continentur,
738 1666 767 1713 et
776 1656 814 1712 ab
826 1655 1029 1712 Ecclesiisive
1039 1655 1163 1713 solemni
1227 1647 1295 1702 fidei.

60 1743 187 1812 judicio,
203 1744 265 1801 sive
283 1745 432 1803 ordinario
452 1755 481 1802 et
500 1744 656 1802 universali
677 1743 854 1815 magisterio
869 1753 1009 1814 tanquam
1024 1742 1164 1799 divinitus

62 1829 192 1887 revelata
204 1830 356 1889 credenda
370 1841 583 1903 proponuntur.

96 1918 254 1990 Quoniam
268 1937 336 1977 vero
350 1919 413 1978 sine
427 1919 486 1976 fide
506 1917 689 1990 impossibile
709 1927 752 1974 est
772 1917 888 1988 placere
911 1916 985 1981 Deo,
1000 1926 1030 1973 et
1042 1916 1081 1973 ad
1095 1915 1165 1972 filio·
1190 1933 1209 1978 5·
1233 1921 1322 1989 Neaera

62 2021 124 2060 rum
139 2006 207 2076 ejus
220 2005 403 2063 consortium
417 2005 577 2078 pervenire,
595 2004 664 2062 ideo
678 2003 789 2061 nemini
803 2021 935 2074 unquam
950 2002 1013 2059 sine
1027 2002 1075 2059 illa
1095 2020 1163 2059 con·
1190 1980 1322 2097 E‘gffl'fl

64 2090 125 2160 tigit
137 2090 321 2161 justificatio,
337 2111 392 2150 nec
406 2092 491 2161 ullus,
506 2092 560 2148 nisi
576 2092 604 2147 in
619 2091 654 2148 eai
667 2090 895 2161 perseveraverit
909 2107 1003 2160 usque
1017 2089 1045 2145 in
1062 2089 1160 2160 finem,
1189 2099 1322 2167 detcasrosa

58 2179 150 2234 vitam
165 2189 307 2237 aeternam
320 2189 500 2251 assequetur.
540 2178 582 2236 Ut
595 2188 693 2234 autem
708 2177 805 2234 officio
824 2177 923 2234 veram
944 2176 1032 2233 sidem
1053 2177 1162 2248 ample·
1200 2161 1322 2216 ''³⁶⁶⁰‘5‘m‘

63 2264 171 2333 ciendi,
186 2267 215 2321 in
231 2267 324 2338 eaique
335 2275 505 2324 constanter
515 2263 719 2337 perseverandi
731 2264 896 2320 satisfacere
906 2280 1070 2334 possemus
1084 2264 1165 2320 Deus

64 2369 111 2422 per
124 2351 236 2408 Filium
251 2371 337 2409 suurn
352 2353 536 2424 unigenitum
552 2350 715 2408 Ecclesiam
731 2349 865 2420 instituit,
877 2367 997 2421 suaeque
1008 2349 1165 2407 institutio-

63 2439 104 2494 nis
117 2438 286 2495 manifestis
299 2441 377 2497 notis
391 2438 534 2508 instruxit,
550 2448 582 2494 ut
596 2456 630 2495 ea
643 2448 784 2509 tanquam
799 2447 899 2493 custos
912 2447 941 2494 et
955 2436 1093 2507 magistra
1105 2456 1165 2494 ver·

63 2523 88 2582 bi
101 2525 235 2594 revelati,
248 2526 286 2584 ab
300 2527 439 2584 omnihus
452 2536 552 2598 posset
564 2525 694 2596 agnosci.
735 2524 783 2581 Ad
794 2524 886 2580 solam
897 2519 976 2581 enirn
987 2524 1164 2581 catholicam

63 2611 230 2671 Ecclesiam
244 2631 279 2670 ea
292 2613 440 2685 pertinent
453 2613 561 2684 omnia,
579 2633 645 2686 quae
664 2614 702 2670 ad
722 2613 889 2671 evidentem
909 2612 977 2670 fidei
998 2613 1164 2671 christianae

61 2700 290 2759 credibilitatem
304 2711 363 2758 tarn
377 2700 468 2758 multa
482 2709 511 2757 et
525 2710 584 2757 tam
598 2701 671 2757 mira
684 2699 1059 2771 divinitussuntdisposita.
1081 2699 1162 2772 Quin

61 2789 147 2845 etiam
165 2787 301 2845 Ecclesia
315 2806 367 2859 per
380 2805 411 2845 se
424 2787 496 2859 ipsa,
512 2787 552 2844 ob
565 2805 647 2844 suam
668 2804 777 2857 nempe
797 2786 1000 2843 admirabilem
1021 2803 1162 2857 propaga-

60 2875 183 2944 tionem,
207 2875 345 2932 eximiam
368 2874 554 2933 sanctitatem
578 2885 607 2932 et
628 2874 832 2930 inexhaustam
856 2873 884 2928 in
911 2872 1050 2929 omnibus
1076 2873 1162 2930 bonis

61 2957 286 3027 secunditatem,
308 2959 348 3015 ob
370 2959 546 3017 catholicam
570 2960 712 3017 unitatem
736 2959 939 3029 invidiamque
963 2959 1162 3028 stabilitatem,

61 3063 205 3118 magnum
220 3045 374 3116 quoddam
388 3056 417 3103 et
431 3057 607 3119 perpetuum
622 3058 665 3104 est
679 3048 822 3104 motivum
842 3046 1056 3111 credibilitatiS,
1072 3057 1100 3103 et
1119 3046 1162 3104 di·

60 3135 134 3192 vinae
148 3150 213 3190 suae
226 3132 380 3203 legationis
394 3133 596 3192 testimonium
611 3135 815 3213 irrefragabile.
936 3138 939 3142 ’

90 3223 167 3294 Quo
182 3220 225 3285 fir,
242 3228 274 3277 ut
288 3220 351 3292 ipsa
363 3221 452 3278 veluti
466 3222 583 3293 signum
597 3223 724 3280 levatum
740 3224 768 3279 in
783 3223 940 3291 natione5,⁴
953 3232 982 3279 et
994 3222 1032 3281 ad
1046 3240 1077 3279 se
1091 3222 1159 3278 invi·
1187 3244 1208 3287 6,
1230 3243 1321 3287 ecclesi,

61 3318 97 3368 tet
110 3326 167 3367 eos
181 3307 233 3379 qui
248 3307 383 3365 nondum
403 3309 601 3379 crediderunt,
617 3320 645 3367 et
665 3311 740 3367 filios
760 3329 829 3368 suos
848 3311 985 3369 certiores
1005 3310 1100 3380 saciat,
1116 3311 1160 3366 fir·
1188 3303 1321 3406 ‘ssigjljcff

61 3396 195 3454 missimo
216 3394 268 3452 niti
288 3395 483 3453 fundamento
503 3396 603 3464 tidem,
625 3415 715 3467 quam
738 3399 920 3469 profitentur.
959 3398 1015 3456 Cui
1039 3398 1159 3470 quidem
1200 3376 1321 3466 {0222}ss

60 3482 235 3543 testimonio
255 3481 356 3539 efficax
376 3482 542 3540 subsidium
563 3484 678 3541 accedit
698 3503 732 3542 ex
752 3487 878 3557 superna
891 3485 1003 3542 virtute.
1043 3486 1160 3543 Etenim

62 3565 292 3639 benignissimus
308 3567 453 3622 Dominus
467 3577 495 3624 et
508 3581 638 3628 errantes
650 3572 743 3642 gratia
754 3574 806 3628 sua
817 3571 923 3629 excitat
934 3582 1023 3642 atque
1033 3573 1162 3644 adiuvat,

62 3666 90 3713 ut
102 3655 143 3713 ad
156 3652 342 3726 agnitionem
357 3653 484 3711 veritatis
498 3656 597 3714 venire
611 3658 739 3729 possint;
759 3669 788 3716 et
807 3677 867 3727 eos
881 3676 956 3729 quos
976 3659 1014 3716 de
1033 3659 1162 3716 tenebris

62 3740 209 3798 transtulit
223 3739 253 3795 in
266 3738 440 3798 admirabile
453 3742 554 3799 lumen
568 3763 664 3815 suurn,
678 3746 707 3801 in
722 3745 779 3803 hoc
792 3746 898 3803 eodeni
918 3746 1029 3803 lumine
1049 3757 1079 3803 ut
1100 3764 1163 3817 per-

64 3836 204 3896 severent,
220 3826 314 3898 gratia
327 3844 379 3883 sua
392 3829 557 3896 confirmat,
574 3850 634 3889 non
653 3833 792 3890 deserens
811 3833 864 3889 nisi
885 3832 1042 3890 deseratur.
1081 3832 1162 3904 Quo-

64 3918 138 3974 circa
151 3914 275 3973 minime
288 3932 341 3986 par
354 3926 397 3973 est
409 3917 542 3975 conditio
555 3938 669 3985 eorum,
684 3921 734 3991 qui
749 3939 800 3991 per
819 3921 939 3978 coeleste
959 3920 1028 3978 fidei
1048 3920 1161 3977 donum

67 4054 100 4059 .,-
319 4052 555 4060 ————...
802 4058 856 4063 —..-
885 4058 915 4063 ..,
940 4059 989 4063 ...μ
1002 4059 1015 4063 ,
1054 4059 1068 4062 .-
1085 4058 1123 4063 .-,

97 4125 211 4176 'Mara
228 4123 307 4189 XVl,
326 4140 367 4176 20.
383 4152 414 4160 -
433 4125 493 4176 Ἠ
504 4126 578 4179 Pelr.
599 4127 619 4192 Ι,
642 4141 679 4192 19.
696 4159 730 4164 -
743 4144 753 4173 a
768 4123 833 4195 Syn.
849 4125 981 4180 Arausr'c.
1000 4127 1039 4189 ll,
1056 4143 1116 4179 can.
1134 4139 1158 4191 7.

69 4239 96 4247 -
108 4208 117 4238 ⁴
129 4210 186 4262 Isa.
201 4209 254 4267 XI.
271 4224 309 4262 12.
