2684 4634
113 175 134 223 4
574 169 630 217 DE
649 168 757 216 FIDE.

111 344 266 403 catholicae
278 343 390 401 veritati
405 342 601 412 adhaeserunt,
616 352 705 414 atque
718 359 831 407 eorum,
845 339 895 411 qui
916 338 997 396 ducti
1018 337 1215 410 opinionibus

113 432 259 502 humanis
283 431 386 488 salsam
410 430 582 501 religionem
606 429 770 495 sectantum
799 428 838 483 illi
860 427 948 496 enim,
969 427 1018 498 qui
1041 425 1134 483 fidem
1159 424 1215 483 sub

114 518 256 576 Ecclesiae
270 516 437 587 magisterio
456 526 659 588 susceperunt,
675 514 793 571 nullam*
807 531 938 585 unquam
960 511 1069 570 habere
1088 522 1215 584 possunt

112 607 220 678 justam
235 622 354 661 causam
368 604 502 660 mutandi
516 614 566 660 aut
586 604 614 660 in
634 602 759 659 dubium
780 601 869 658 fidem
889 600 1026 659 eamdent
1044 600 1214 657 revocandi.

114 693 191 765 Quae
204 710 272 748 cum
287 691 326 747 ita
339 691 405 762 sint,
422 691 529 761 gratias
542 700 663 761 agentes
679 690 744 745 Deo
759 688 845 758 Patri,
858 687 909 759 qui
923 688 1030 758 dignos
1040 705 1095 744 nos
1105 687 1177 744 iecit
1186 688 1214 743 in

115 788 228 850 partem
242 777 323 834 sortis
337 776 507 833 sanetorum
521 776 551 832 in
565 776 685 847 lumine,
702 786 813 832 tantam
828 793 865 832 ne
879 775 1062 846 negligamus
1075 774 1212 844 salutern,

114 865 167 921 sed
180 863 357 935 aspicientes
372 863 401 918 in
414 862 566 920 auetorem
581 863 649 921 fidei
663 872 692 920 et
705 871 974 919 consummatorem
987 862 1097 934 Jesum,
1115 871 1214 918 tenea·

115 969 181 1008 mus
195 951 256 1022 spei
270 961 377 1008 nostrae
390 949 609 1007 confessionem
624 949 871 1008 indeclinabilem.

334 1099 431 1198 Cap.
453 1099 524 1176 IV.
547 1098 610 1175 De
632 1099 730 1175 Fide
751 1117 789 1175 et
810 1099 995 1175 Ratione.

31 1278 34 1287 ·
63 1277 94 1312 ·,
154 1245 225 1302 Hoc
238 1263 358 1317 quoque
372 1255 532 1317 perpetuus
547 1244 688 1302 Ecclesiae
708 1244 872 1302 Catholicae
891 1263 1053 1302 consensus
1071 1245 1167 1303 tenuit
1185 1256 1215 1303 et

118 1342 207 1398 tenet,
223 1333 372 1411 duplicem
386 1350 449 1389 esse
463 1332 597 1390 ordinem
612 1332 799 1403 cognitionis,
815 1351 874 1389 non
889 1333 983 1388 solum
998 1331 1216 1404 principi0,sed

0 1478 3 1491 y
53 1418 93 1501 f'
117 1419 237 1489 obJedto
250 1419 336 1477 etiarn
351 1418 522 1476 distinctum
537 1439 543 1474 :
558 1419 704 1490 principio
718 1419 848 1490 quidem,
860 1420 928 1491 quia
941 1419 970 1475 in
984 1419 1076 1476 altero
1089 1420 1214 1477 naturali

117 1510 237 1578 ratione,
260 1508 290 1564 in
310 1509 401 1566 altero
421 1507 601 1565 fidedivina
621 1507 846 1578 cognoscimus;
873 1506 993 1578 objedto
1012 1516 1121 1578 autem,
1145 1507 1216 1592 quia

117 1604 223 1668 praeter
234 1613 278 1662 ea,
293 1596 331 1653 ad
345 1613 412 1667 quae
426 1595 563 1651 naturalis
577 1594 651 1651 ratio
664 1594 829 1666 pertingere
843 1603 948 1666 potest,
964 1593 1115 1651 credenda
1128 1593 1216 1651 nobis

118 1692 324 1754 proponuntur
337 1680 482 1754 mysteria,
496 1680 525 1736 in
542 1681 607 1738 Deo
620 1680 804 1746 abscondita,
820 1698 894 1751 quae,
909 1680 963 1736 nisi
975 1680 1100 1738 revelata
1110 1680 1215 1737 divini-

117 1779 173 1835 tus,
189 1769 376 1827 innotescere
390 1787 449 1825 non
463 1778 596 1847 possunt.
637 1759 786 1839 Quocirca
799 1767 970 1839 Apostolus
983 1767 1033 1838 qni
1046 1768 1215 1838 agentibus

119 1856 217 1914 Deum
241 1875 293 1928 per
314 1875 356 1927 ea,
381 1874 448 1927 quae
471 1855 546 1912 facta
567 1867 644 1921 sunt,
665 1856 817 1927 cognitum
839 1873 903 1913 esse
922 1865 1051 1926 testatur,
1068 1853 1215 1913 disserens

117 1954 215 2002 tamen
230 1944 268 2002 de
281 1944 373 2014 gratia
386 1954 414 2001 et
428 1944 557 2009 veritate,
570 1962 637 2015 quae
651 1963 702 2016 per
711 1946 813 2019 Jesum
826 1944 975 2003 Christum
986 1944 1064 2001 faeta
1073 1954 1139 2015 est‚¹
1150 1963 1213 2016 pro·

117 2034 254 2089 nuntiat:
276 2032 440 2103 Loquimur
460 2031 516 2089 Dei
536 2032 710 2102 sapientiam
731 2033 759 2089 in
780 2032 927 2104 mysterio,
949 2050 1015 2102 quae
1039 2032 1215 2090 abscondita

116 2127 168 2188 est,
189 2137 278 2191 quarn
300 2117 519 2190 pradestinavit
544 2119 625 2176 Deus
647 2129 716 2177 ante
736 2119 847 2177 saecula
870 2119 898 2174 in
922 2118 1044 2189 gloriam
1071 2129 1209 2189 nostram,
1250 2144 1253 2151 ·

116 2224 207 2276 quam
222 2223 310 2263 nemo
324 2204 491 2277 principum
507 2205 595 2275 hujus
608 2205 707 2262 saeculi
728 2206 867 2277 cognovit
885 2224 891 2262 :
914 2204 1000 2261 nobis
1017 2215 1116 2262 autem
1137 2223 1213 2264 reve-

116 2293 186 2350 lavit
208 2295 290 2352 Deus
314 2311 365 2374 per
387 2292 527 2363 Spiritum
551 2311 661 2350 suum:
688 2294 813 2364 Spiritus
835 2292 914 2350 eninr
937 2291 1038 2349 omnia
1059 2302 1210 2360 scrutatur,

117 2380 205 2438 etiam
223 2380 374 2451 profunda
398 2379 474 2436 Dei.2
512 2380 550 2435 Et
572 2378 635 2450 ipse
658 2379 837 2450 Unigenitus
858 2379 1016 2436 confitetur
1037 2378 1124 2447 Patri,
1145 2379 1212 2452 quia

117 2467 275 2526 abscondit
297 2466 360 2523 baec
380 2484 397 2522 a
415 2465 599 2538 sapientibus
619 2476 648 2522 et
667 2465 871 2537 prudentibus
894 2476 923 2523 et
942 2464 1079 2537 revelavit
1098 2483 1133 2523 ea
1151 2484 1212 2540 par·

118 2555 212 2612 vulis³

3 2684 13 2727 i
13 2683 40 2727 de
40 2697 52 2727 s
61 2696 83 2726 es
85 2688 95 2726 t
154 2643 199 2698 Ac
212 2640 285 2698 ratio
299 2640 428 2711 quidem,
446 2640 505 2697 fide
518 2640 669 2710 illustrata,
685 2658 753 2696 cum
766 2639 880 2705 sedul0,
891 2638 939 2711 pie
949 2649 978 2696 et
988 2639 1085 2698 sobrie
1099 2639 1210 2712 quaerit,

1 2757 33 2786 »ra
45 2756 84 2786 ra-
117 2727 255 2799 aliquam,
269 2727 335 2784 Deo
348 2726 445 2796 dante,
458 2725 662 2798 mysteriorum
676 2725 897 2797 intelligentiam
912 2744 1038 2797 eamque
1048 2726 1212 2786 fructuosis·

0 2816 65 2846 mm·
118 2815 222 2872 simam
236 2814 409 2885 assequitur,
426 2823 488 2870 tum
502 2831 537 2870 ex
547 2830 663 2878 eorum,
678 2831 745 2884 quae
759 2814 928 2871 naturaliter
940 2814 1102 2884 cognoscit,
1117 2814 1212 2872 analo-

118 2903 175 2974 gia,
192 2912 252 2959 tum
268 2919 284 2959 e
298 2901 502 2974 mysteriorum
516 2901 646 2972 ipsorum
661 2919 736 2958 nexu
752 2901 826 2958 inter
839 2919 870 2958 se
883 2910 912 2957 et
925 2919 993 2961 cum
1008 2900 1067 2958 fine
1086 2900 1213 2958 hominis

119 2991 224 3047 ultimo
232 3010 239 3060 ;
259 3007 411 3060 nunquam
426 2998 525 3045 tamen
540 2988 648 3045 idonea
661 2987 794 3045 redditur
806 2988 845 3045 ad
859 3003 893 3044 ea
906 2986 1112 3059 perspicienda
1126 2988 1214 3046 instar

119 3077 282 3147 veritatum,
295 3094 361 3147 quae
370 3075 521 3146 proprium
531 3073 622 3146 ipsius
633 3072 785 3144 obiectum
795 3073 987 3133 constituunt.
1019 3074 1128 3132 Divina
1135 3074 1213 3133 enim

118 3164 256 3237 mysteria
269 3174 373 3234 suapte
386 3163 491 3219 naturai
505 3162 687 3219 intellectum
702 3173 832 3219 creatum
846 3162 888 3218 sic
907 3161 1062 3230 excedunt,
1075 3171 1107 3219 ut
1127 3163 1213 3220 etiam

118 3251 296 3309 revelatione
309 3249 416 3308 tradita
429 3257 457 3306 et
472 3248 530 3305 fide
544 3250 688 3319 suscepta,
702 3248 793 3319 ipsius
804 3259 902 3305 tamen
914 3247 982 3307 fidei
991 3247 1138 3305 velamine
1147 3267 1215 3306 con-

118 3338 196 3398 tedia
210 3349 238 3396 et
252 3337 381 3409 quadam
396 3336 479 3407 quasi
492 3336 618 3407 caligine
632 3335 774 3393 obvoluta
787 3346 934 3403 maneant,
949 3335 1093 3407 quamdiu
1112 3336 1143 3393 in
1161 3336 1216 3393 hac

119 3426 234 3484 mortali
248 3425 307 3482 vitai
320 3423 542 3496 peregrinamur
554 3442 571 3482 a
585 3424 718 3480 Domino
735 3445 740 3481 :
755 3424 909 3496 perfidem
926 3424 1005 3481 enim
1018 3423 1213 3495 ambulamus,

120 3525 149 3572 et
162 3532 222 3571 non
237 3532 289 3584 per
302 3513 454 3584 speciant

42 3653 63 3696 ll
155 3602 266 3659 Verum
280 3600 333 3658 etsi
348 3599 421 3656 fides
441 3599 476 3655 sit
496 3616 584 3670 supra
602 3598 757 3669 rationem,
773 3599 853 3655 nulla
873 3607 971 3655 tamen
992 3614 1123 3669 unquam
1144 3599 1217 3657 inter

5 3667 80 3757 ὦῶ
120 3689 211 3746 fidem
224 3699 253 3746 et
267 3688 410 3744 rationem
424 3705 491 3743 vera
504 3686 650 3743 dissensio
663 3703 727 3743 esse
741 3696 838 3758 potest
855 3708 860 3743 :
884 3703 951 3743 cum
966 3685 1046 3743 idem
1061 3685 1153 3756 Deus,
1167 3684 1216 3758 qui

0 3772 94 3840 'fldem
120 3777 257 3848 mysteria
270 3775 378 3833 revelat
397 3786 426 3833 et
446 3774 535 3831 fidem
558 3773 694 3844 infundit,
707 3775 807 3830 animo
827 3773 959 3831 humano
978 3773 1098 3831 rationis
1116 3773 1217 3832 lumen

2 3834 94 3878 narem.
121 3863 260 3922 indiderit
269 3885 276 3931 ;
298 3864 380 3920 Deus
393 3872 492 3919 autem
508 3877 614 3932 negare
628 3860 756 3932 seipsum
772 3879 832 3918 non
846 3861 947 3933 possit,
965 3879 1020 3918 nec
1033 3878 1136 3919 verum
1150 3880 1217 3919 vero

122 3968 253 4021 unquam
267 3949 476 4006 contradicere.
515 3948 617 4005 inanis
630 3958 728 4005 autem
743 3948 830 4018 hujus
844 3947 1086 4005 contradidionis
1105 3949 1218 4019 species

121 4039 190 4096 inde
205 4037 391 4109 potissimum
405 4037 504 4105 oritur,
518 4036 600 4107 quod
615 4035 659 4092 vel
673 4035 742 4092 fidei
756 4036 898 4105 dogmata
912 4035 950 4092 ad
963 4045 1095 4093 mentem
1116 4035 1219 4094 Eccle-

155 4231 164 4255 ¹
171 4225 237 4294 Joa.
254 4224 273 4290 l,
291 4236 329 4290 17.
344 4224 429 4275 -2l
439 4223 499 4276 Cor.
518 4223 555 4288 ll,
569 4235 622 4288 7·9.
636 4251 668 4258 —
681 4226 691 4258 ³
705 4219 809 4272 Mattlz.
827 4219 879 4285 Xl,
893 4232 978 4282 25.-·
990 4215 1000 4245 ⁴
1012 4219 1050 4270 II
1061 4215 1126 4272 Cor.
1143 4219 1178 4287 V,
1192 4233 1216 4285 7.
