2684 4620
541 191 596 240 nn
615 191 805 242 anesus.
1155 187 1222 248 aas
1325 183 1328 189 '

1159 309 1219 316 »—

115 365 296 431 cincinnus
318 365 457 450 exejus
485 372 617 433 caesarie
645 373 706 453 ipsi
734 373 838 446 detur,
862 369 1008 434 aetiones
1032 367 1222 437 et'morbos

116 471 300 549 describit;
325 472 428 535 oculis
443 474 560 537 velatis
577 475 705 551 librum,
720 475 772 537 vel
792 477 1053 558 manuscriptum
1071 474 1221 558 apertum

117 571 174 633 vel
193 573 351 650 clausum,
367 576 467 656 capiti
483 576 533 638 vel
550 574 656 639 ventri
674 578 865 659 impositum
883 578 990 660 legere
1014 588 1131 660 potest.
1178 576 1223 642 Et

120 672 244 737 merito
259 676 394 758 quidem
411 678 486 740 talis
503 679 714 760 magnetismi
732 702 810 743 usus
826 681 1011 763 prohibitus
1034 692 1093 758 est,
1110 700 1222 762 quum,

120 797 168 838 ex
186 778 291 857 dietis,
307 781 463 863 pleraque
479 782 700 863 phaenomena
721 784 886 865 descripta
907 784 1038 847 nonnisi
1060 781 1223 848 diabolica

120 902 198 944 esse
214 885 349 965 possint.

170 1053 238 1120 115.
278 1044 368 1107 Usus
378 1042 574 1124 lzypnotzlrmi
584 1045 864 1108 indiscriminatus
880 1045 1000 1126 pariter
1015 1042 1147 1107 illicitus
1163 1052 1222 1119 est,

121 1143 212 1222 quia,
228 1143 407 1209 fatentibus
425 1147 569 1222 medicis
586 1149 647 1209 nisi
665 1157 762 1211 caute
780 1147 977 1210 adhibeatur
994 1168 1013 1208 a
1028 1147 1105 1209 viris
1121 1146 1222 1208 hone-

121 1246 185 1308 stis
201 1250 387 1331 peritisque,
404 1252 519 1313 eadem
537 1251 603 1313 sere
619 1250 763 1333 pericula
787 1249 912 1314 inducit
929 1271 966 1313 ac
983 1250 1222 1332 magnetismus

121 1350 155 1410 in
175 1353 289 1413 ordine
305 1363 376 1415 tum
394 1354 556 1435 physic01
574 1365 644 1417 tum
663 1355 778 1417 morali
795 1354 840 1435 (n.
858 1354 939 1433 113),
953 1363 1116 1435 quatenus
1133 1354 1221 1416 vide-

120 1454 201 1516 licet
217 1455 461 1537 hypnotizatuS,
478 1479 573 1521 usum
591 1458 727 1520 rationis
750 1477 809 1538 per
829 1457 960 1537 aliquod
978 1465 1110 1538 tempus
1126 1457 1221 1518 amit-

121 1565 208 1632 tens,
224 1568 314 1621 totus
331 1560 462 1640 pendet,
479 1561 589 1642 quoad
607 1559 748 1641 propriae
765 1557 943 1624 aetivitatis
959 1559 1163 1634 exercitium,
1179 1559 1223 1621 ab

120 1657 373 1739 hypnotizantis
389 1671 470 1725 nutu
488 1662 624 1743 ejusque
640 1663 789 1725 dominio
801 1662 957 1743 subjacet.
997 1661 1032 1725 Si
1043 1681 1121 1723 vero
1137 1661 1222 1723 intra

121 1761 275 1843 proprios
299 1763 428 1838 limites,
452 1764 577 1846 absque
600 1765 667 1826 ulla
691 1765 873 1827 intentione
896 1765 1026 1826 occulta
1047 1763 1222 1844 suturaque
1251 1840 1253 1844 Α

121 1873 248 1926 temere
280 1868 514 1947 cognoscendi,
542 1889 561 1929 a
583 1854 705 1929 ¹mediis
731 1878 789 1930 aut
814 1867 1075 1949 physiologistiS,
1107 1867 1221 1948 peritis

121 1967 222 2029 simul
239 1988 277 2029 ac
293 1968 449 2045 honestiS,
465 1990 540 2032 cum
557 1970 670 2033 debita
686 1971 839 2033 cautione
862 1970 1066 2044 adhibeatur,
1083 1978 1114 2032 et
1130 1962 1220 2051 gravi

120 2069 166 2130 de
182 2073 289 2147 causa,
306 2091 372 2134 non
390 2081 440 2134 est
457 2093 515 2154 per
530 2093 565 2134 se
582 2073 715 2135 illicitus
725 2085 745 2135 2.
793 2074 841 2137 Ut
857 2071 1005 2135 diximus
1021 2073 1118 2148 enim,
1132 2071 1221 2153 phae-

121 2190 269 2234 nomena
284 2170 473 2254 hypnotica,
489 2195 563 2255 quae
584 2185 674 2237 certo
695 2184 858 2251 constant,
874 2173 958 2237 vires
979 2174 1103 2237 ordinis
1126 2183 1221 2236 natu-

121 2274 200 2337 ralis
211 2276 422 2367 praetergredi
436 2297 502 2338 non
516 2277 688 2354 videntur,
712 2277 844 2340 aliunde
854 2287 1069 2359 temporanea
1081 2275 1221 2358 privatio

120 2380 202 2468 uslls
225 2379 360 2441 rationis
384 2381 475 2462 gravi
499 2381 540 2443 de
563 2385 662 2443 causa
685 2382 831 2462 permitti
855 2389 975 2463 potest,
991 2390 1089 2462 prout
1109 2401 1221 2442 revera
1314 2465 1317 2473 ·

120 2481 325 2561 permittitur
340 2503 439 2564 sopor
455 2503 513 2564 per
529 2482 685 2545 aetherem
703 2480 873 2560 indudtus;
897 2483 1019 2546 abusus
1032 2491 1152 2556 autem,
1164 2481 1220 2564 qui

120 2584 247 2646 exinde
273 2585 349 2646 oriri
378 2585 497 2662 valent,
524 2586 637 2648 debita
668 2587 821 2649 cautione
852 2587 1029 2669 praecaveri
1060 2594 1219 2668 possunt;

120 2688 190 2750 imo
207 2689 356 2751 maxima
372 2674 496 2752 utilitas
512 2711 530 2751 e
546 2690 700 2772 prudenti
714 2689 917 2772 hypnotismi
931 2712 990 2753 usu
1008 2691 1083 2752 oriri
1100 2698 1219 2771 potest,

120 2811 188 2854 non
206 2790 313 2853 solum
330 2793 439 2872 quoad
457 2793 646 2855 morborum
671 2794 884 2867 curationem,
904 2793 961 2855 sed
985 2793 1085 2855 etiam
1109 2791 1218 2873 quoad

119 2915 297 2976 pravorum
321 2895 494 2958 habituum
519 2895 781 2959 correctionem:
805 2897 1010 2979 experientia
1033 2895 1120 2957 enim
1143 2915 1218 2957 con·

119 3007 188 3060 stat
201 2998 339 3078 juvenes
355 3000 505 3062 ebrietati
522 3021 560 3062 ac
577 3000 716 3062 luxuriae
733 3001 872 3076 deditos
883 2998 1019 3062 mentali
1036 2999 1220 3080 suggestio-

120 3123 163 3163 ne
194 3102 374 3183 prudenter
403 3103 561 3177 adhibita,
585 3103 692 3168 ,fuisse
723 3100 887 3165 correctos
898 3116 919 3165 3.
972 3103 1218 3184 Hypnotismus

118 3205 219 3286 igitur
235 3223 301 3266 non
318 3214 369 3267 est
378 3215 485 3284 perse
501 3206 642 3281 illicitus,
655 3205 722 3281 sed,
735 3215 852 3287 utpote
864 3205 1074 3288 periculosus
1087 3205 1218 3268 nonnisi

118 3316 216 3368 caute
233 3306 448 3370 adhibendus

164 3465 231 3530 116.
279 3465 491 3546 Spiritismus
521 3476 642 3538 autem,
675 3487 730 3528 seu
768 3467 943 3549 spirituum
979 3465 1136 3542 evocati0‚
1168 3475 1219 3530 est

117 3567 309 3649 superstitio
326 3568 387 3629 sub
403 3570 493 3648 gravi
512 3569 645 3644 illicita;
669 3570 804 3650 spiritus
827 3570 915 3631 enim
933 3570 1011 3630 boni
1027 3568 1218 3631 hominibus

118 3691 278 3753 apparere
295 3690 361 3732 non
379 3670 494 3745 solent,
511 3673 571 3733 nisi
590 3692 608 3733 a
627 3672 700 3732 Deo
720 3672 895 3735 mittantur
918 3673 959 3733 ad
984 3670 1054 3751 ejus
1078 3670 1216 3751 gloriam

118 3774 380 3854 promovendam
395 3796 402 3850 ;
425 3773 451 3835 si
470 3774 568 3854 igitur
584 3774 784 3855 quandoque
796 3773 930 3854 spiritus
942 3774 1097 3836 humanae
1113 3775 1218 3836 curio-

119 3875 209 3939 sitati
226 3875 335 3938 savere
351 3877 533 3950 videantur,
549 3886 637 3938 certe
654 3896 720 3937 non
738 3887 815 3938 sunt
832 3876 919 3949 boni,
936 3878 993 3938 sed
1019 3876 1096 3938 mali
1111 3897 1118 3952 ;
1141 3876 1217 3938 hinc

152 4111 161 4133 ¹
176 4105 335 4170 Coconm'er,
351 4105 548 4174 Hypnotisme,
562 4125 588 4175 p.
608 4119 637 4173 15
642 4121 654 4174 5
669 4127 674 4171 ;
694 4107 879 4175 Bjir'rnslrdm.
897 4126 941 4178 op.
956 4108 1001 4162 cit.
1019 4127 1042 4162 c.
1063 4124 1101 4161 12.

151 4198 161 4221 ²
175 4191 217 4244 Cf.
232 4191 397 4244 Lehmkultl.
412 4208 455 4260 op.
471 4193 528 4255 cit,
544 4210 569 4245 n.
584 4208 643 4262 994,
661 4205 718 4247 not.
739 4211 759 4247 1.

151 4276 273 4330 ³Revue
285 4279 423 4344 themiste,
440 4280 515 4347 1895,
529 4298 556 4350 p.
572 4283 701 4353 588·606,
715 4284 760 4341 vel
778 4282 947 4354 Coconnier,
959 4303 1008 4356 op.
1020 4283 1119 4352 cium.
1133 4293 1190 4347 w,
1199 4297 1247 4346 sn·
