2684 4634
449 195 504 244 DE
523 193 632 246 ACTU
652 195 779 245 FIDEI.
1122 196 1165 247 69

57 376 170 456 gratia
200 376 346 440 existere
376 399 483 459 posse.
529 380 601 441 Nec
628 380 757 442 dicatur
784 378 882 440 fidem
911 379 982 441 sine
1008 380 1164 461 operibus

57 490 228 542 :nortuum
244 501 325 556 esse,
337 481 439 562 juxta
454 483 609 546 eumdem
627 481 706 563 (26),
724 503 784 544 nec
800 483 940 563 proinde
956 479 1068 544 veram
1092 504 1164 546 esse

57 582 162 646 fidem
168 605 176 661 3
201 604 279 645 nam
295 583 377 646 fides
393 605 413 646 a
427 585 555 666 Jacobo
571 594 701 647 mortua
711 586 880 650 dicitureo
892 588 981 669 quod
995 609 1014 650 a
1026 589 1164 651 caritate

57 707 126 747 non
145 685 353 763 informatur,
369 708 443 768 quae
459 697 509 750 est
525 689 645 750 animae
661 689 741 766 vita;
765 689 827 752 hoc
844 701 955 754 autem
973 712 1038 754 non
1061 692 1162 772 impe-

57 789 108 851 dit
125 790 209 870 quin
227 789 317 865 fides,
334 812 353 852 a
368 792 506 854 caritate
522 801 684 873 separata,
700 793 743 854 sit
759 814 836 856 vera
853 794 942 871 fides,
956 795 1031 856 licet
1044 796 1162 875 imper-

58 890 165 968 fecta3
189 914 267 955 nam
284 895 403 960 caritas
419 917 481 957 non
497 904 547 957 est
564 895 670 957 forma
685 896 865 958 essentialis
879 896 965 974 fidei,
981 897 1038 959 sed
1056 898 1162 962 solum

57 996 275 1074 accz'dentalis,
291 998 337 1060 ita
361 1008 398 1061 ut
423 999 503 1062 fides
529 1020 604 1062 vere
629 1001 776 1062 existere
800 1002 906 1082 possit
930 1003 1008 1082 quin
1033 1001 1162 1063 caritati

60 1099 197 1161 uniatur
213 1099 275 1180 (cf.
292 1101 329 1165 S.
352 1100 408 1163 Th.
427 1120 455 1167 2.
472 1120 499 1166 2.
516 1124 545 1184 q.
561 1121 591 1180 4,
607 1104 727 1179 a.4ad
746 1104 788 1184 2).

105 1248 173 1312 143
221 1236 272 1318 (b)
288 1237 389 1299 Ratio
405 1240 596 1301 assertionis
613 1249 735 1301 nostrae
752 1240 783 1300 in
803 1240 866 1301 Dei
883 1241 1053 1303 voluntate
1070 1261 1162 1322 repo-

60 1340 174 1400 nenda
190 1348 251 1414 est,
267 1341 332 1421 qui,
348 1350 484 1422 propter
499 1362 593 1404 suam
611 1343 879 1418 misericordiam,
895 1343 1000 1406 noluit
1016 1364 1074 1425 per
1088 1364 1161 1425 pec-

43 1504 46 1511 ,
60 1451 174 1503 catum
194 1442 333 1504 mortale
349 1452 456 1506 totum
469 1444 639 1525 spirituale
652 1443 829 1506 aedificium
843 1447 977 1523 destrui,
988 1455 1033 1522 ut,
1042 1447 1162 1509 virtute

60 1542 139 1606 fidei
157 1555 360 1623 remanente,
372 1555 563 1628 peccatores
580 1548 708 1610 facilius
724 1550 871 1611 converti
883 1550 1017 1631 possint.
1063 1551 1162 1612 Atta-

60 1668 138 1709 men
156 1648 235 1710 addi
252 1659 363 1729 potest
389 1661 623 1732 argumentum
650 1651 746 1713 valde
772 1649 961 1732 probabile:
988 1659 1160 1731 peccatum

61 1750 214 1827 mortale,
226 1772 268 1813 ex
285 1772 329 1827 se,
342 1751 417 1815 fidei
435 1774 500 1816 non
517 1763 567 1816 est
580 1755 792 1829 contrarium,
801 1754 859 1816 sed
871 1753 1010 1829 caritati,
1021 1772 1081 1814 nec
1091 1752 1162 1834 ejus

59 1851 231 1933 objectum
243 1854 382 1917 formale
393 1857 543 1932 destruit,
553 1858 642 1938 quod
654 1867 704 1920 est
715 1855 895 1920 auctoritas
907 1855 969 1916 Dei
979 1854 1160 1916 revelantis.

62 1956 170 2036 Atqui
188 1955 322 2019 habitus
339 1978 405 2020 non
422 1960 637 2022 destruuntur
652 1960 714 2022 nisi
726 1981 784 2041 per
794 1957 886 2023 adius
897 1957 1021 2020 eisdem
1032 1966 1161 2019 contra-

61 2062 137 2136 rios
149 2061 287 2124 formale
299 2083 413 2125 eorum
430 2061 597 2143 objectum
611 2062 766 2125 tollentes
775 2083 782 2140 ;
808 2083 836 2124 v.
847 2081 876 2142 g.
886 2061 990 2122 virtus
1000 2061 1161 2122 castitatis

61 2185 128 2226 non
145 2165 274 2227 tollitur
289 2186 347 2247 per
362 2163 455 2228 actus
472 2166 537 2242 irae,
554 2168 611 2229 sed
630 2165 736 2227 solum
754 2162 923 2247 peractus
941 2164 1089 2226 luxuriae.

105 2318 173 2383 144.
220 2305 277 2387 (B)
293 2296 393 2369 Fidei
400 2305 530 2370 habitus
541 2307 723 2369 destruitur
726 2316 850 2387 peccato
862 2304 1011 2369 haereseos
1013 2305 1162 2387 formali,

59 2425 124 2467 non
139 2414 249 2467 nutem
257 2416 380 2486 peccato
394 2409 546 2472 hereseos
561 2409 734 2473 materiali.
781 2409 916 2472 Certum
934 2416 1001 2485 est;
1029 2407 1162 2471 haeresis

59 2517 110 2570 est
116 2509 276 2588 formalis
290 2512 425 2592 quando
441 2513 515 2594 quis
530 2514 666 2575 scienter
679 2513 853 2575 veritatem
867 2510 1046 2572 revelatam
1060 2519 1161 2591 negat

59 2619 118 2673 aut
134 2612 167 2673 in
184 2613 320 2675 dubium
338 2617 436 2677 vertit
446 2638 453 2692 ;
480 2624 531 2677 est
547 2615 739 2690 materialis,
754 2615 781 2676 si
806 2611 886 2676 bonci
901 2613 973 2694 fide
995 2622 1052 2675 aut
1069 2614 1161 2694 igno-

59 2723 173 2776 ranter
188 2714 332 2795 rejicitur
347 2719 467 2780 veritas
485 2719 638 2794 revelata,
654 2718 696 2780 ab
712 2739 752 2780 eo
764 2716 888 2779 scilicet
901 2716 956 2797 qui
970 2716 1075 2777 nescit
1087 2735 1160 2776 eam

58 2838 131 2880 esse
148 2818 336 2883 revelatam.
424 2898 427 2903 Ι

103 2968 171 3035 145.
206 2954 327 3017 Prima
329 2966 413 3036 pars
421 2966 552 3019 constat
565 2957 612 3039 (a)
623 2978 666 3019 ex
680 2957 715 3018 S.
726 2955 841 3030 Paulo,
851 2954 998 3016 dicente:
1022 2953 1160 3035 “Quam

58 3057 191 3138 (fidem)
207 3059 343 3138 quidam
360 3060 566 3141 repellentes
581 3062 667 3123 circa
684 3060 783 3122 fidem
797 3059 1102 3138 :laufragaverunt:
1117 3079 1160 3120 ex

57 3162 179 3243 quibus
194 3170 245 3223 est
263 3161 470 3244 Hymenaeus
485 3173 518 3226 et
530 3162 772 3226 Alexander.1''
820 3161 920 3225 Unde
931 3161 992 3222 sic:
1016 3160 1160 3222 haeretici

57 3264 237 3345 dequibus
254 3266 363 3346 agitur
378 3287 481 3329 unum
498 3266 574 3330 fidei
598 3267 771 3329 articulum
796 3264 973 3346 negabant,
989 3284 1041 3338 sc,
1058 3284 1160 3325 resur-

56 3366 240 3431 rectionem
265 3370 390 3448 carnis;
416 3372 508 3452 atqui
533 3380 646 3433 tamen
672 3371 827 3432 dicuntur
852 3368 988 3428 omnino
1013 3367 1161 3429 amisisse

55 3472 178 3535 fidem:
203 3478 219 3506 “
230 3473 316 3535 circa
332 3472 430 3536 fidem
448 3473 766 3555 naufragaverunt”;
790 3493 875 3552 ergo
1148 3458 1157 3466 '¹

54 3578 106 3659 (b)
124 3579 220 3640 Idem
238 3598 256 3639 e
277 3577 435 3640 Τνιίιέηί.2
447 3586 587 3652 constat,
598 3577 653 3639 ubi
664 3576 847 3638 declaratur
860 3595 918 3656 per
930 3574 1160 3637 infidelitatem

54 3680 167 3742 amitti
184 3678 304 3743 fidem:
328 3700 395 3742 vox
420 3680 509 3741 enim
534 3679 719 3760 infidelitas,
736 3688 772 3740 ut
789 3688 928 3760 apparet
945 3688 1016 3741 tum
1033 3699 1076 3740 ex
1096 3699 1156 3740 usu

52 3783 215 3866 loquendi
229 3793 379 3864 tempore
396 3782 545 3858 Concilii,
562 3793 633 3845 tum
657 3803 701 3843 ex
727 3790 898 3857 contextu,
915 3782 1038 3844 indicat
1060 3781 1160 3843 modo

51 3886 202 3971 generali
218 3906 317 3949 omne
334 3896 508 3967 peccatum
525 3885 650 3948 directe
666 3895 782 3947 contra
799 3884 909 3960 fidem,
920 3885 987 3946 sive
1000 3885 1042 3946 sit
1058 3884 1159 3946 haere-

51 3994 106 4067 sis,
123 3990 195 4053 sive
211 3990 389 4072 apostasia.
1035 3988 1036 3991 ’

51 4097 101 4178 (c)
118 4093 221 4157 Ratio
237 4093 324 4156 idem
341 4094 476 4175 probat;
500 4113 577 4156 nam
595 4092 674 4154 illud
693 4092 792 4154 fidem
810 4113 827 4153 e
845 4091 956 4153 medio
973 4090 1059 4153 tollit
1070 4092 1158 4171 quod

87 4279 132 4333 ¹I
142 4282 170 4334 T
167 4281 227 4346 im,
244 4281 267 4348 1,
282 4295 322 4348 19.
337 4276 394 4320 -2
410 4281 534 4335 Trz'dent.
550 4299 617 4336 sess.
632 4283 683 4350 VI,
700 4298 760 4349 cap.
779 4292 819 4349 15.
