2684 4634
197 155 241 204 50
652 153 791 204 CAPUT
811 155 852 202 11.

194 336 291 397 ratim
323 354 388 396 non
421 332 586 397 sufficiant
618 335 744 397 motiva
775 335 914 410 interna,
945 335 977 395 in
1015 334 1068 395 Tr.
1096 334 1135 397 de
1162 333 1296 398 Ecclesid

196 435 244 523 (n.
265 438 337 518 169)
353 439 509 519 exposita
525 437 596 513 suit,
612 439 667 500 ubi
685 439 726 500 de
735 437 875 518 privarat
891 437 1103 518 inspiratione
1116 461 1127 501 .·
1147 439 1194 501 sic
1216 440 1296 501 enim

193 541 288 604 facile
304 543 357 603 via
374 542 520 622 aperitur
536 542 745 604 illusionibus
762 553 796 605 et
812 542 1000 604 fanatismo.
1293 532 1297 539 ’

238 659 272 706 20
291 645 406 723 Qualis
420 645 577 707 certitudo
592 666 612 705 a
630 645 761 706 motitur
775 644 1001 707 credz'bilitatzr
1009 645 1152 726 probari
1166 646 1280 709 debet?

236 751 341 831 Juxta
357 769 481 824 omnes,
499 751 664 813 certitudo
680 770 755 831 quae
772 751 964 830 producitur
980 771 1038 831 per
1055 752 1184 814 motiva
1200 752 1298 814 credi-

194 853 330 916 bilitatis
347 863 397 915 est
413 853 520 914 solum
538 855 702 915 certitudo
719 853 860 928 ozoralzr,
877 873 935 914 seu
952 853 1117 929 historica,
1134 875 1212 936 quae
1229 855 1297 917 iun·

193 958 291 1019 datur
315 957 347 1016 in
372 956 565 1018 testimonio
586 956 744 1030 human0,
760 955 879 1018 saltem
897 957 1033 1036 quando
1049 959 1162 1038 agitur
1179 959 1222 1020 de
1238 957 1297 1019 illis

194 1061 249 1141 qui
264 1070 364 1123 testes
378 1059 610 1121 miraculorum
625 1080 690 1121 non
703 1060 843 1135 fuerunt,
856 1068 914 1121 aut
927 1059 1046 1140 quibus
1062 1061 1221 1124 revelatio
1235 1081 1296 1123 non

194 1162 281 1227 faeta
303 1164 365 1226 suit
387 1164 587 1226 immediate.
605 1164 672 1227 Sed
698 1164 755 1225 illa
777 1164 941 1225 certitudo
963 1165 1106 1240 moralis,
1130 1186 1207 1246 quae
1231 1185 1294 1226 om·

195 1282 271 1323 nem
288 1262 481 1343 prudentem
505 1263 635 1324 errandi
660 1262 871 1324 formidinem
896 1261 1054 1336 excludit,
1077 1262 1206 1344 duplex
1230 1284 1296 1325 esse

195 1375 330 1447 potest:
354 1365 404 1446 (a)
427 1365 581 1441 absoluta,
605 1386 680 1446 quae
707 1367 860 1429 innititur
885 1367 1017 1428 motivis
1043 1367 1089 1430 ita
1110 1367 1241 1443 validis,
1263 1377 1296 1429 ut

194 1467 353 1531 excludat
363 1469 500 1530 dubium
513 1466 662 1549 respettu
674 1468 850 1549 cujuslibet
863 1466 1048 1531 intelledlus
1059 1470 1160 1531 etiam
1173 1471 1294 1551 sagacis

195 1582 227 1634 et
241 1573 343 1649 acuti;
365 1571 416 1653 (b)
428 1572 574 1648 relativo,
587 1573 748 1652 quaelicet
761 1573 895 1653 aliquod
913 1573 1051 1634 dubium
1066 1573 1098 1634 in
1111 1571 1292 1637 doctiorum

196 1686 307 1738 mente
330 1677 502 1757 relinquat,
519 1676 792 1756 proportionetur
816 1676 928 1757 captui
953 1673 1168 1737 intelledtuali
1192 1677 1293 1757 cujus-

194 1801 259 1861 que
275 1790 307 1842 et
324 1779 444 1842 sufficit
461 1781 503 1842 ad
521 1780 754 1843 certitudinem
772 1781 1021 1860 producendam
1039 1781 1071 1841 in
1085 1779 1293 1861 simplicibus,

194 1906 221 1946 v.
239 1904 267 1964 g.
285 1880 463 1944 audtoritas
488 1892 673 1963 parentum,
691 1891 870 1964 pastorum,
887 1891 946 1944 etc.
964 1883 1040 1962 Jam
1063 1902 1142 1943 vero
1166 1892 1293 1945 contro-

194 1987 331 2048 vertitur
347 1987 432 2048 inter
448 1985 640 2073 Theologos
657 1995 767 2047 utrum
792 1985 933 2047 sufficiat
950 1984 992 2046 ad
1009 1983 1120 2047 aetum
1137 1984 1215 2047 fidei
1232 2006 1293 2047 cer·

195 2091 303 2152 titudo
320 2089 464 2152 relativa.

238 2239 303 2288 110.
351 2222 416 2311 (A)
437 2227 535 2287 Pauci
560 2224 721 2306 theologi,
746 2225 929 2306 praesertim
950 2224 1092 2304 antiqui,
1114 2224 1295 2285 docuerunt

194 2330 313 2409 requiri
344 2328 522 2391 absolutam
554 2331 796 2392 certitudinem.
846 2328 934 2391 Nam
966 2329 1130 2390 certitudo
1162 2328 1295 2389 relativa

194 2433 338 2494 excludit
362 2433 496 2512 quidem
518 2434 657 2495 dubium
683 2429 820 2504 aetuale
837 2451 903 2492 non
928 2440 1039 2492 autem
1056 2429 1195 2492 dubium
1214 2431 1295 2492 radi·

194 2535 264 2597 cale
281 2557 337 2597 seu
355 2535 517 2612 suturum;
539 2536 595 2616 qui
619 2535 706 2596 enim
730 2536 834 2597 credit
859 2553 933 2595 cum
951 2534 1149 2596 certitudine
1166 2542 1295 2596 tantum

194 2640 338 2714 relativa,
356 2662 383 2701 v.
397 2660 426 2720 g.
437 2660 480 2700 ex
498 2638 694 2702 auctoritate
710 2638 861 2719 pastoris
874 2646 992 2718 potest,
1008 2637 1143 2698 mutatis
1160 2637 1296 2699 circum-

195 2741 333 2815 stantiis,
346 2740 518 2820 concipere
535 2738 672 2801 dubium
687 2741 772 2800 circa
786 2738 884 2801 fidem
899 2760 1011 2816 suam;
1035 2739 1128 2820 atqui
1141 2740 1183 2801 ad
1197 2738 1296 2803 fidem

193 2853 304 2904 veram
327 2842 502 2922 requiritur
523 2841 578 2902 illa
594 2841 757 2903 certitudo
774 2862 849 2922 quae
867 2841 1018 2904 excludit
1033 2862 1133 2903 omne
1149 2841 1297 2916 dubium,

194 2946 294 3006 etiam
323 2944 464 3006 radicale
491 2953 524 3006 et
552 2943 721 3021 suturum;
747 2965 841 3006 secus
867 2944 948 3008 fides
975 2945 1130 3009 firmitate
1155 2955 1298 3021 careret;

194 3067 280 3128 ergo,

238 3180 303 3230 111.
352 3162 417 3249 (Β)
438 3165 589 3246 Plerique
613 3174 725 3227 tamen
751 3166 897 3250 theologi
922 3168 1081 3242 moderni,
1101 3176 1138 3230 ut
1163 3169 1298 3244 Suarer,

193 3272 293 3350 Lnga,
308 3269 344 3330 K
348 3268 434 3343 z'lber,
447 3267 620 3341 Mareello,
628 3269 812 3346 Franaelin,
823 3279 881 3332 etc.
894 3281 1009 3334 tenent
1026 3271 1197 3334 relativam
1211 3273 1297 3336 suffi-

194 3395 266 3436 cere
290 3372 545 3434 certitudinem.1
592 3372 726 3433 Etenim
753 3373 800 3453 (a)
822 3395 865 3436 ex
891 3374 1007 3454 Script.
1024 3386 1163 3456 apparet
1187 3377 1296 3439 Deum

194 3478 336 3539 voluisse
348 3475 500 3536 homines
517 3474 559 3535 ab
572 3475 645 3535 aliis
658 3475 846 3538 hominibus
860 3479 999 3554 edoceri,
1011 3488 1045 3541 et
1057 3500 1101 3541 ex
1114 3500 1171 3542 ore
1183 3500 1297 3544 eorum

194 3581 341 3659 accipere
354 3575 539 3640 doetrinam
554 3578 731 3639 revelatam
747 3583 782 3640 :“
797 3579 902 3643 Labia
915 3585 1095 3646 sacerdotis
1109 3587 1299 3648 custodient

193 3685 364 3746 scientiam
376 3694 409 3746 et
421 3683 520 3761 legem
538 3683 701 3762 requirent
716 3705 755 3746 ex
769 3705 821 3745 ore
837 3687 935 3766 ejas&
952 3693 968 3718 “
981 3688 1156 3770 Interroga
1169 3699 1299 3770 patrem

188 3798 286 3850 -tuum
311 3796 344 3848 et
368 3785 580 3847 annuntiabit
604 3786 673 3862 tibi,
699 3786 841 3866 majores
865 3799 950 3864 tuoe,
973 3800 1007 3853 et
1031 3792 1144 3854 dicent
1168 3792 1299 3872 tibi¹'3;

195 3892 344 3976 Christus
361 3891 431 3972 ipse
448 3891 489 3951 ad
507 3889 621 3951 turbas
645 3896 678 3948 et
701 3887 882 3967 discipulos
899 3891 1032 3953 dicebat
1051 3915 1057 3954 :
1081 3891 1221 3973 “Super
1238 3893 1300 3958 Ca-

228 4086 236 4114 ¹
252 4091 292 4143 Cf.
308 4091 423 4155 Saurea,
437 4090 509 4158 disp.
528 4091 578 4152 lv,
594 4107 616 4141 s.
635 4088 698 4155 5-63
717 4088 803 4156 Lnga,
818 4089 888 4156 disp.
900 4085 937 4155 V,
951 4103 976 4140 n.
988 4100 1039 4154 255
1060 4087 1168 4153 Killa,
1181 4088 1228 4142 ed.
1247 4089 1301 4142 Mi-
1336 4084 1338 4088 ’

194 4194 257 4245 gne,
274 4195 299 4245 p.
314 4189 363 4245 545
379 4194 418 4245 sq.
425 4196 432 4240 ;
451 4177 605 4242 Marcello,
619 4193 645 4227 n.
663 4188 724 4242 750,

229 4263 376 4315 2ΜαίαίΙι.
390 4264 428 4329 ΙΙ,
443 4275 467 4332 7.
484 4293 518 4300 -
531 4260 540 4290 ³
554 4260 669 4315 Drutrr.
685 4263 811 4328 XXXII,
826 4276 850 4332 7.

217 4576 221 4579 .
240 4556 309 4579 ..Ἆ-
713 4558 768 4579 hh...
