2684 4634
224 184 280 235 DE
299 183 603 239 consuamus
620 189 866 252 UTRIUSQUE
885 194 1105 247 MYSTERII.
1128 270 1131 278 Ι
1156 196 1222 248 627

86 398 88 403 -
122 374 274 431 nostram
298 388 375 451 erga
392 370 480 452 ipsos
497 369 639 438 Sanctos
662 374 866 453 devotionem,
883 377 925 440 ad
949 398 1064 441 eorum
1087 378 1222 441 imitare·
1315 376 1316 379 ’

122 468 205 530 dum
218 469 355 536 virtutes
370 474 513 539 multum
530 476 720 556 conseruut;
748 499 825 542 nam
847 481 894 543 ita
910 503 930 544 a
946 484 1066 545 natura
1088 502 1222 563 eompa-

123 573 189 636 rati
205 594 328 652 sumus,
344 588 381 641 ut
397 579 599 661 imaginibus
615 582 825 647 sensibilibus
842 586 883 648 ad
901 586 1098 650 excitandos
1115 587 1147 647 in
1165 606 1222 647 no·
1320 654 1322 659 ,

123 674 177 738 bis
204 678 342 764 pietatis
362 702 478 746 sensus
506 686 611 766 magis
638 703 941 768 promoveamur1:
965 692 1043 756 “Ut
1058 691 1147 753 enim
1165 711 1224 772 per

123 779 273 860 syllabas
300 784 332 846 in
358 785 550 867 Evangeliis
581 787 764 870 descriptas
799 790 941 854 salutem
974 798 1224 872 consequuntur

123 901 251 962 omneS,
268 887 314 949 ita
330 910 389 970 per
405 890 567 971 imagines
583 900 653 954 arte
669 893 899 975 coloribusque
916 893 1022 976 pictas
1038 904 1071 958 et
1088 914 1221 975 expres-

124 1006 179 1049 sas
195 987 285 1054 docti
301 1001 334 1055 et
350 991 475 1057 indodti
491 1014 535 1056 ex
552 991 683 1075 objecta
699 1015 733 1057 re
749 995 926 1058 utilitatem
944 993 1109 1078 capiunt’'
1123 1007 1143 1057 2.

159 1123 217 1187 31⁶·
256 1125 417 1201 Solvuntur
428 1127 616 1200 dffcaltales.
654 1128 703 1199 (A)
716 1127 753 1184 In
766 1127 872 1186 Exodo
890 1129 1035 1189 dicitur³:
1069 1129 1169 1186 “Non
1183 1128 1222 1186 la·

124 1208 186 1267 cies
204 1210 259 1270 tibi
277 1214 421 1286 sculptile,
438 1233 536 1288 neque
555 1233 677 1274 omnem
696 1215 922 1274 similitudinem
934 1216 969 1284 '’;
995 1216 1078 1288 atqui
1092 1233 1145 1287 per
1158 1214 1223 1272 haec

124 1297 215 1356 verba
234 1302 331 1360 cultus
350 1303 513 1376 imaginum
532 1303 721 1377 reprobatum
740 1320 819 1374 ergo.
859 1303 945 1375 Resp.
963 1325 973 1358 .·
992 1303 1048 1360 Per
1061 1302 1110 1359 illa
1122 1301 1220 1369 verba,

124 1401 187 1441 non
201 1404 305 1447 omnes
319 1408 438 1462 prorsus
451 1391 596 1464 imagines
614 1391 737 1464 pingere
750 1389 931 1462 prohibetur,
949 1390 1002 1448 sed
1022 1389 1086 1447 illas
1107 1398 1223 1447 tanturn

124 1489 194 1544 quae
211 1484 244 1532 ut
256 1476 333 1534 rilala
346 1478 463 1536 adorari
476 1489 607 1550 possent,
621 1489 653 1537 ut
665 1497 701 1538 ex
714 1485 856 1536 contextu
869 1475 1026 1548 probatur;
1055 1494 1124 1534 nam
1137 1493 1223 1534 versu

125 1563 306 1631 praecedenti
316 1564 424 1623 dicitur
435 1587 441 1623 ε
464 1568 552 1624 “non
563 1565 688 1625 habebis
696 1567 770 1625 deos
780 1565 893 1623 alienos
904 1582 1004 1622 coram
1015 1582 1064 1622 me
1074 1565 1098 1635 ''‚
1112 1565 1222 1622 statim-

124 1663 185 1718 que
197 1658 265 1720 post
277 1650 367 1709 verba
379 1651 418 1710 ab
430 1652 604 1711 adversariis
617 1653 705 1710 citata
718 1653 783 1712 haec
796 1653 952 1723 leguntur:
982 1653 1071 1709 “non
1083 1650 1222 1709 adorabis

124 1749 160 1790 ea
173 1752 272 1807 neque
284 1737 365 1796 coles
375 1738 391 1764 ''
398 1757 407 1810 ;
426 1739 613 1811 proindeque
625 1739 722 1810 agitur
734 1739 783 1796 hic
793 1739 832 1797 de
845 1736 950 1808 idolr‘s⁴,
963 1738 980 1795 i.
995 1755 1018 1795 e.
1036 1738 1075 1796 de
1088 1738 1222 1810 imagini-

126 1819 181 1878 bus
195 1822 335 1881 lalsorum
348 1824 473 1882 deorum
486 1843 561 1898 quas
574 1844 672 1898 neque
685 1825 804 1895 habere,
817 1843 916 1897 neque
929 1823 1041 1897 fingere
1060 1824 1106 1882 vel
1125 1825 1222 1883 colere

123 1907 203 1966 licet.
244 1909 336 1982 Quod
350 1929 385 1969 ex
398 1911 471 1969 locis
478 1912 635 1984 parallelis
647 1912 839 1971 confirmatur
853 1934 859 1969 :
878 1911 985 1970 eadem
998 1911 1078 1969 enim
1091 1911 1222 1983 prohibi-

123 1994 167 2052 tio
186 1995 256 2053 alibi
276 2007 441 2069 renovatur,
458 2018 484 2056 v.
500 2017 528 2071 g.
544 1998 650 2057 Leait.⁵
662 1998 713 2057 ubi
734 1998 866 2058 dicitur:
897 2000 985 2056 “non
1005 1998 1118 2056 facietis
1137 1998 1222 2057 vobis

123 2081 239 2141 idolum
253 2093 282 2142 et
294 2085 440 2158 sculptile,
456 2105 512 2144 nec
531 2087 631 2145 titulos
650 2087 777 2159 erigetis,
790 2105 846 2146 nec
865 2087 1012 2158 insignem
1025 2086 1155 2159 lapidem
1170 2105 1222 2159 po-

123 2169 201 2227 netis
215 2169 245 2227 in
259 2173 335 2229 terra
347 2173 444 2229 vestra
457 2179 492 2229 ut
501 2173 695 2231 adarett'seum
706 2175 722 2200 ”
731 2196 746 2242 ,·
763 2174 894 2247 ideoque
907 2174 938 2232 id
952 2174 1034 2246 quod
1048 2174 1222 2245 prohibetur

123 2265 168 2314 est
181 2257 320 2329 effingere
329 2258 538 2331 imaginesque
546 2262 713 2333 adorentur,
726 2280 778 2320 seu
788 2280 857 2320 vera
867 2262 954 2320 idola.
984 2262 1101 2320 Revera
1110 2260 1218 2334 Judaei,

122 2344 220 2417 quiin
233 2346 366 2418 AEgypto
384 2356 428 2404 tot
447 2346 528 2406 idola
539 2348 683 2419 viderant,
700 2349 738 2408 ab
756 2349 871 2408 eisdem
889 2348 1033 2406 faciendis
1052 2349 1222 2407 deterrendi

123 2441 207 2490 erant
215 2452 223 2504 ;
248 2433 368 2491 aliunde
382 2433 462 2491 idem
479 2442 596 2492 constat
610 2450 694 2492 exeo
708 2433 791 2505 quod
805 2433 875 2505 Ipse
890 2434 973 2491 Deus
987 2434 1132 2505 quasdam
1151 2433 1223 2491 ima·

123 2520 208 2591 gines
221 2520 368 2594 effingere,
382 2531 414 2580 ut
427 2539 516 2593 supra
528 2520 667 2586 diximus,
683 2531 880 2592 praeceperat;
899 2519 1022 2578 tandem
1032 2520 1056 2577 si
1070 2520 1125 2578 ista
1132 2521 1222 2579 verba

122 2607 261 2668 absoluto
270 2627 358 2668 sensu
366 2611 579 2682 acciperentur,
590 2609 645 2681 ipsi
658 2610 858 2667 Protestantes
866 2608 1102 2680 reprehendendi
1112 2619 1219 2677 essent,

123 2696 194 2767 quia
213 2705 243 2754 et
261 2697 316 2769 ipsi
336 2707 447 2756 statuas
465 2715 500 2755 ac
519 2696 664 2768 imagines
682 2694 836 2767 affingunt,
862 2713 936 2767 quas
962 2704 994 2752 ut
1013 2707 1221 2755 ornamentum

123 2783 277 2850 adhibent.

157 2983 166 3014 ¹
178 2980 263 3048 Quod
276 2980 316 3034 sic
330 2979 442 3048 egregie
454 2978 569 3048 exponit
583 2979 666 3032 Card.
681 2978 808 3044 Gibbans,
819 2977 846 3045 (l.
858 2976 916 3044 cit.)
933 2996 939 3031 ι
963 2976 978 3002 “
990 2977 1141 3046 Religiosae
1154 2980 1221 3033 ima·

123 3070 202 3138 gines
215 3079 361 3137 tamquam
380 3068 491 3122 rudium
512 3067 701 3122 catechismus
721 3065 892 3120 considerari
911 3075 1037 3135 possunt.
1077 3065 1154 3120 Licet
1169 3069 1219 3121 Ec·

124 3157 209 3211 clesia
221 3167 249 3210 et
264 3158 360 3210 Status
373 3157 502 3210 homines
516 3155 662 3210 instituere
682 3154 855 3220 adnitantur,
872 3171 977 3222 magna
996 3165 1092 3208 tamen
1106 3156 1221 3209 humani

123 3243 233 3312 generis
247 3260 312 3312 pars
325 3241 440 3296 indodia
453 3242 586 3296 manebit.
626 3241 766 3296 Praeclare
778 3239 861 3294 factae
875 3240 1012 3309 imagines
1026 3241 1143 3295 rudibus
1157 3254 1222 3297 sunt

124 3331 199 3401 quod
207 3329 298 3384 doctis
312 3330 383 3383 libri.
406 3331 481 3398 Quot
491 3329 636 3382 hominum
644 3328 732 3382 millia
742 3328 770 3381 in
780 3328 844 3381 fidei
854 3328 1013 3397 ignorantia
1021 3328 1221 3395 decessissent,

123 3419 146 3471 si
159 3416 252 3471 abhis
270 3415 439 3484 imaginibus
452 3415 522 3469 nihil
535 3414 717 3470 institutionis
736 3414 923 3484 accepissent!
962 3416 1033 3468 Cum
1046 3416 1220 3482 Augustinus

123 3505 278 3573 Anglorum
291 3505 434 3572 apostolus
447 3504 476 3557 in
494 3503 647 3573 conspedlu
660 3503 733 3572 regis
747 3504 904 3558 Ethelberti
919 3503 1107 3571 Evangelium
1121 3504 1220 3572 praedi-

122 3604 235 3648 caturus
248 3593 338 3661 prima
351 3592 412 3646 vice
425 3593 559 3658 constitit,
573 3593 699 3661 argentei
714 3591 818 3646 Christi
833 3609 848 3646 e
862 3607 944 3645 cruce
957 3590 1116 3659 pendentis,
1130 3601 1158 3645 et
1171 3608 1219 3645 no·

122 3679 171 3733 stri
186 3678 338 3733 Salvatoris
351 3677 488 3745 imagines
498 3696 593 3732 coram
607 3677 805 3733 concionatore
818 3679 919 3732 locatae
932 3689 1015 3744 sunt;
1035 3696 1097 3748 quae
1111 3679 1219 3734 audito-

120 3784 183 3821 rum
197 3767 283 3821 oculis
297 3765 504 3835 eloquentiores
518 3783 603 3836 quarn
613 3764 727 3819 auribus
741 3767 827 3820 verba
840 3766 979 3820 fuerunt’'.

155 3852 282 3923 ²Synod.
298 3871 398 3907 oecum.
412 3854 497 3918 VIII,
511 3870 555 3921 ap.
567 3854 715 3922 Denaz'ng,
731 3870 757 3906 n.
772 3867 832 3920 273.
850 3883 882 3891 -
895 3854 1005 3906 ³Exod.
1020 3853 1083 3919 XX,
1098 3868 1121 3918 4.

156 3938 330 3994 ⁴Distindtio
352 3950 427 3994 certe
452 3940 583 3994 facienda
611 3949 654 3994 est
681 3940 754 3994 inter
780 3940 857 3993 z'dala
876 3933 1009 4006 (ἔιδωλον)
1035 3949 1063 3993 et
1081 3941 1220 4007 imagines

119 4026 224 4098 (εἴκων)
241 4047 247 4082 :
266 4027 342 4096 prius
361 4026 530 4081 vocabulum
543 4027 571 4079 in
585 4029 620 4081 V.
633 4037 661 4081 et
674 4028 709 4080 N.
720 4029 795 4081 Test.
810 4027 945 4080 falsorum
958 4025 1104 4079 numinum
1117 4043 1219 4096 reprae—

117 4107 312 4180 sentationeS,
321 4115 363 4169 vel
382 4114 443 4183 ipsa
456 4114 528 4168 salsa
540 4115 657 4168 numina
670 4115 835 4185 plerumque
848 4114 991 4182 designat;
1019 4113 1160 4182 posterius
1175 4132 1219 4168 so.-

115 4204 265 4260 lummodo
275 4202 488 4257 similitudinem
497 4202 615 4271 alicujus
626 4202 673 4256 rei.
689 4201 730 4256 Cl.
737 4203 763 4255 T
759 4201 1072 4271 layer,Greek-english
1083 4200 1214 4271 Lexicon.

154 4292 264 4345 ⁵Leva'l.
279 4290 384 4358 XXVI,
401 4306 422 4344 r.
