2684 4634
381 203 438 253 DE
456 204 676 255 MYermo
693 206 1030 259 REDEMPTIONIS.
1189 208 1254 260 52³

103 404 118 427 -τ
154 376 212 464 qui
229 381 378 447 habebat
393 387 516 467 gradus
532 387 667 450 honoris
683 398 719 450 ut
735 399 879 463 centum,
892 399 942 452 tot
959 399 992 452 et
1005 410 1070 452 non
1085 390 1254 471 pauciores

100 534 105 539 -
155 485 280 561 amisit,
305 488 361 567 qui
394 487 540 552 habebat
564 499 600 553 ut
623 491 739 553 decern
763 500 814 553 tot
846 502 880 555 et
903 512 969 554 non
994 493 1104 574 plures
1136 493 1254 554 amisit.

100 616 116 625 ··
155 587 314 670 Jamvero
347 610 489 671 peccans
524 594 707 656 mortaliter
730 594 840 656 Deum
876 595 991 676 privat,
1025 597 1057 658 in
1092 604 1254 676 quantum

156 700 279 774 potest,
296 713 353 755 seu
370 692 531 768 affedtive
548 696 678 759 infinito
694 696 819 760 honore
843 699 905 780 ipsi
922 698 1053 774 debito;
1088 717 1167 780 ergo
1184 695 1255 759 infi-

156 797 229 881 nite
245 817 321 859 eum
338 796 486 861 offendit.

146 944 153 959 '
192 959 250 1017 177.
294 944 442 1021 Objiaient
451 945 608 1004 adversarii
619 946 727 1003 eodem
740 957 916 1018 argumento
924 946 1041 1018 probari
1052 963 1141 1018 posse
1153 964 1256 1018 pecca-

113 1070 116 1103 ;
157 1041 222 1089 tum
235 1030 351 1089 veniale
363 1049 428 1089 esse
441 1032 550 1104 pariter
562 1032 729 1090 inlinitum:
749 1033 832 1104 quod
845 1043 945 1091 tamen
959 1053 976 1091 a
989 1034 1109 1092 nemine
1117 1033 1255 1092 concedi-

157 1128 213 1189 tur.
254 1119 326 1177 Hoc
338 1130 439 1179 autem
452 1138 606 1195 negamus,
615 1120 684 1194 quia
697 1139 825 1193 peccans
835 1122 997 1180 mortaliter
1007 1140 1074 1181 vere
1083 1122 1255 1194 injustitiam

101 1234 115 1265 .·
157 1205 319 1263 committit
332 1206 677 1266 sese‘avertendoaDeo
688 1217 719 1265 ut
728 1207 834 1265 ultimo
844 1208 917 1278 line,
936 1208 1008 1267 dum
1019 1226 1148 1281 peccans
1158 1209 1255 1268 venia·

100 1332 103 1339 -
157 1292 232 1363 liter,
242 1293 426 1364 quamvisab
434 1294 539 1358 ordine
551 1295 672 1352 rationis
682 1295 782 1367 aliquo
795 1296 888 1353 modo
898 1296 1068 1363 divertatur,
1081 1307 1181 1354 tamen
1195 1314 1254 1353 non

113 1438 116 1443 ,
156 1375 298 1433 avertitur
307 1395 325 1433 a
334 1377 401 1435 Deo
414 1387 447 1434 ut
457 1377 562 1435 ultimo
576 1378 643 1450 fine,
657 1397 713 1436 nec
724 1378 851 1450 proinde
860 1396 958 1437 veram
972 1380 1110 1452 injuriam
1124 1380 1255 1437 commit-

114 1472 117 1477 '
115 1461 199 1531 tit,
213 1462 269 1521 sed
283 1463 380 1520 solum
393 1464 519 1536 impedit
532 1482 571 1523 ne
583 1464 751 1523 dominium
767 1465 824 1523 Dei
837 1467 1013 1524 extendatur
1026 1470 1063 1523 ad
1077 1467 1157 1524 illam
1169 1466 1255 1539 parti-

100 1534 119 1595 ἶ
157 1549 290 1607 cularem
303 1551 532 1622 operationem.
560 1552 641 1611 unde
655 1552 736 1609 nulla
749 1553 857 1624 paritas
870 1570 936 1611 esse
948 1562 1047 1624 potest
1065 1553 1141 1610 inter
1154 1570 1256 1625 pecca·

100 1636 119 1675 J
157 1646 221 1694 tum
235 1639 362 1696 mortale
375 1649 405 1696 et
417 1639 540 1698 veniale

112 1772 115 1777 .
191 1725 331 1782 Instant
323 1734 448 1783 iterum:
467 1725 552 1783 attus
562 1725 690 1783 caritatis
702 1726 801 1783 Deum
815 1743 848 1784 ut
857 1743 980 1803 summe
989 1741 1101 1783 nonum
1115 1742 1144 1783 et
1156 1727 1249 1783 finem

157 1809 296 1868 ultimum
310 1812 428 1884 attingit
435 1833 444 1884 ;
470 1830 542 1884 ergo
554 1823 598 1870 est
612 1813 745 1870 infinitus
763 1813 839 1870 sicut
852 1813 974 1880 oflensa,
995 1812 1125 1884 ideoque
1138 1812 1177 1871 ad
1190 1830 1256 1870 eam

104 1936 107 1941 -
155 1897 355 1968 reparandam
364 1894 517 1956 sufficit-
526 1899 613 1970 Nego
625 1899 725 1956 actum
736 1900 865 1956 caritatis
877 1916 915 1957 eo
928 1917 1017 1956 sensu
1030 1916 1094 1957 esse
1108 1893 1255 1957 infinitum

100 1972 102 1979 ’
155 1999 218 2054 quo
231 1994 391 2055 peccatum
410 1984 536 2056 lethale;
561 2003 630 2041 nam
644 1985 737 2042 hanan
747 1993 789 2042 est
799 1986 830 2043 in
843 1986 1012 2056 honorante,
1025 2005 1077 2044 seu
1097 1988 1257 2046 aestimatur

153 2070 239 2141 juxta
251 2070 426 2129 honorantis
439 2071 631 2144 dignitatem,
657 2093 682 2130 v.
691 2092 718 2145 g.
730 2074 826 2131 honor
838 2074 971 2132 redditus
984 2076 1166 2133 acommuni
1181 2075 1253 2146 cive,

100 2148 113 2187 ³
154 2176 218 2216 non
232 2158 307 2215 tanti
320 2158 352 2216 fit
362 2160 466 2231 quanti
479 2160 605 2218 honora
618 2161 745 2233 praeside
755 2162 801 2219 vel
811 2180 879 2232 rege
889 2163 1037 2234 praestitus
1044 2182 1052 2233 ;
1071 2163 1257 2234 proindeque

153 2245 239 2303 valor
251 2245 469 2317 satisfactionis,
478 2249 567 2306 etiam
581 2266 633 2320 per
645 2249 806 2319 caritatem,
817 2250 982 2308 desumitur
995 2267 1030 2308 ex
1038 2250 1181 2321 dignitate
1193 2268 1257 2322 per·

152 2351 240 2392 sonae
259 2332 483 2407 satisfacientis;
509 2336 592 2407 atqui
614 2336 644 2392 in
658 2354 729 2393 casu
748 2347 850 2395 nostro
864 2356 991 2410 persona
1009 2337 1194 2396 satisfaciens
1213 2348 1257 2396 est

153 2422 241 2480 finita
249 2442 258 2494 ;
277 2440 348 2493 ergo
361 2422 461 2481 finitus
474 2434 520 2482 est
532 2424 637 2491 honor,
653 2425 722 2482 adiu
735 2426 863 2483 caritatis
878 2428 945 2485 Deo
957 2429 1099 2486 redditus.

201 2567 273 2646 178.
319 2559 373 2651 (b)
386 2565 442 2628 Ex
452 2564 612 2629 distantia
628 2565 715 2628 inter
727 2567 837 2628 Deum
850 2576 883 2629 et
894 2566 1064 2629 hominem
1080 2589 1086 2630 :
1108 2569 1150 2630 ad
1161 2569 1258 2630 satis-

153 2669 340 2735 factionem
355 2669 597 2750 aequivalentem
621 2671 796 2750 requiritur
820 2671 905 2732 inter
928 2690 1104 2751 personam
1129 2670 1256 2732 satisfa-

153 2772 305 2840 cientem
321 2779 355 2833 et
370 2791 546 2854 personam
563 2770 726 2834 offensam
743 2772 897 2852 quaedam
914 2772 1095 2852 aqualitas,
1108 2792 1165 2833 seu
1182 2793 1256 2853 pro-

154 2879 280 2962 portio,
290 2886 348 2941 aut
363 2877 480 2938 saltem
497 2885 534 2938 ut
551 2875 746 2938 inferioritas
764 2896 914 2956 personae
930 2874 1165 2938 satisfacientis
1182 2896 1257 2956 pos-

154 2983 202 3045 sit
225 2980 434 3062 compensari
452 2999 510 3060 per
533 2977 747 3040 excellentiam
770 2978 879 3058 operis
902 2975 1130 3055 satisfadtorii;
1164 2977 1257 3059 atqui

156 3087 248 3148 inter
265 3084 375 3146 Deum
392 3092 425 3146 et
441 3082 610 3145 hominem
628 3080 718 3143 nulla
741 3090 791 3142 est
814 3081 997 3162 aequalitas,
1014 3091 1050 3143 ut
1074 3091 1174 3162 patet,
1191 3082 1258 3143 imo

157 3187 238 3250 talis
255 3193 306 3248 est
321 3185 539 3266 improportio
555 3194 591 3247 ut
614 3185 706 3247 nullo
728 3187 829 3247 modo
852 3187 1060 3267 compensari
1078 3187 1183 3267 possit
1200 3207 1257 3267 per

158 3288 396 3353 excellentiam
412 3307 550 3370 operum
567 3308 642 3369 quae
657 3288 758 3349 homo
771 3287 926 3368 perficere
943 3297 1071 3369 posset;
1094 3289 1256 3368 siquidem

158 3394 249 3456 inter
264 3391 372 3454 Deum
397 3400 431 3453 et
454 3391 623 3453 hominem
648 3401 698 3452 est
721 3391 881 3453 distantia
905 3389 1042 3452 infinita.
1095 3390 1194 3471 Quod
1212 3392 1257 3454 ita

157 3494 376 3560 confirmatur
390 3518 397 3558 :
420 3514 465 3556 ex
481 3495 600 3556 eodem
611 3495 720 3574 capite
732 3514 776 3555 ex
787 3513 853 3574 quo
867 3495 983 3556 crescit
996 3494 1142 3575 gravitas
1154 3492 1256 3555 offen-

159 3599 262 3661 sionis
276 3598 350 3673 Dei,
360 3598 518 3661 minuitur
530 3598 700 3679 proportio
716 3591 951 3659 satisfadtionis
963 3598 1123 3659 exhibitae
1140 3619 1159 3660 a
1175 3618 1258 3679 puro

158 3703 307 3777 homine,
321 3703 400 3785 quia
423 3701 476 3762 hic
498 3700 627 3762 infinite
650 3701 753 3762 distat
777 3720 796 3760 a
819 3700 984 3780 dignitate
1008 3722 1159 3782 personae
1182 3722 1257 3781 quae

158 3806 316 3888 injuriam
334 3825 432 3886 passa
447 3814 505 3867 est.
552 3802 638 3884 Quae
655 3803 872 3884 improportio
883 3823 940 3883 per
956 3806 1095 3883 gratiam
1113 3815 1256 3866 creatam

152 3909 307 3993 -suppleri
324 3910 440 3990 nequit
458 3932 464 3971 :
497 3908 574 3970 licet
590 3909 679 3969 enim
696 3908 739 3968 sit
763 3905 975 3987 participatio
991 3905 1112 3967 divinae
1129 3914 1255 3966 naturae

152 4032 262 4091 ‚sensu
288 4012 601 4093 alibiexplicandO,
629 4030 760 4090 semper
784 4018 933 4071 remanet
958 4008 1104 4088 dignitas
1130 4006 1223 4068 finita
1237 4019 1256 4071 1.

158 4114 255 4201 Ergo
264 4134 435 4197 nunquam
449 4113 550 4176 homo
561 4134 619 4195 pro
633 4123 771 4194 peccato
783 4110 971 4173 satisfacere
988 4109 1150 4191 potuisset
1160 4109 1256 4189 aqui-

188 4282 213 4295 ·“
276 4282 305 4289 '
337 4310 352 4319 ··
376 4294 478 4380 'ss-drsp·
496 4311 702 4374 1v‚s.v11,n.
721 4323 813 4374 29·30³
834 4307 952 4371 ΗΜ
966 4322 992 4358 “·
1007 4306 1067 4374 4⁸⁴·
