<?xml version="1.0" encoding="UTF-8"?>
<!DOCTYPE html PUBLIC "-//W3C//DTD XHTML 1.0 Transitional//EN"
    "http://www.w3.org/TR/xhtml1/DTD/xhtml1-transitional.dtd">
<html xmlns="http://www.w3.org/1999/xhtml" xml:lang="en" lang="en">
 <head>
  <title>
</title>
<meta http-equiv="Content-Type" content="text/html;charset=utf-8" />
  <meta name='ocr-system' content='tesseract 3.04.00' />
  <meta name='ocr-capabilities' content='ocr_page ocr_carea ocr_par ocr_line ocrx_word'/>
</head>
<body>
  <div class='ocr_page' id='page_1' title='image "./synopsistheolog00tanqgoog_0107.png"; bbox 0 0 2684 4634; ppageno 0'>
   <div class='ocr_carea' id='block_1_1' title="bbox 195 1208 1294 1496">
    <p class='ocr_par' dir='ltr' id='par_1_1' title="bbox 195 1208 1294 1496">
     <span class='ocr_line' id='line_1_1' title="bbox 239 1208 1294 1289; baseline 0.016 -20"><span class='ocrx_word' id='word_1_1' title='bbox 239 1209 418 1270; x_wconf 85' lang='lat' dir='ltr'>Dicemus:</span> <span class='ocrx_word' id='word_1_2' title='bbox 439 1221 470 1270; x_wconf 91' lang='lat'>1⁰</span> <span class='ocrx_word' id='word_1_3' title='bbox 485 1208 527 1270; x_wconf 93' lang='lat' dir='ltr'>de</span> <span class='ocrx_word' id='word_1_4' title='bbox 542 1208 762 1289; x_wconf 92' lang='lat' dir='ltr'>possibilitate</span> <span class='ocrx_word' id='word_1_5' title='bbox 780 1232 818 1273; x_wconf 97' lang='lat' dir='ltr'>ac</span> <span class='ocrx_word' id='word_1_6' title='bbox 841 1212 941 1276; x_wconf 94' lang='lat' dir='ltr'>modo</span> <span class='ocrx_word' id='word_1_7' title='bbox 962 1217 1212 1286; x_wconf 89' lang='lat' dir='ltr'>demonstrandi</span> <span class='ocrx_word' id='word_1_8' title='bbox 1231 1224 1294 1286; x_wconf 91' lang='lat' dir='ltr'>Dei</span> 
     </span>
     <span class='ocr_line' id='line_1_2' title="bbox 195 1312 1293 1402; baseline 0.015 -28"><span class='ocrx_word' id='word_1_9' title='bbox 195 1313 408 1374; x_wconf 86' lang='lat' dir='ltr'>existentiam</span> <span class='ocrx_word' id='word_1_10' title='bbox 425 1312 562 1374; x_wconf 91' lang='lat' dir='ltr'>rationis</span> <span class='ocrx_word' id='word_1_11' title='bbox 577 1333 660 1395; x_wconf 92' lang='lat' dir='ltr'>ope;</span> <span class='ocrx_word' id='word_1_12' title='bbox 683 1327 718 1374; x_wconf 91' lang='lat'>2⁰</span> <span class='ocrx_word' id='word_1_13' title='bbox 729 1316 771 1376; x_wconf 92' lang='lat' dir='ltr'>de</span> <span class='ocrx_word' id='word_1_14' title='bbox 786 1321 991 1397; x_wconf 84' lang='lat' dir='ltr'>argumentis</span> <span class='ocrx_word' id='word_1_15' title='bbox 1007 1323 1126 1402; x_wconf 93' lang='lat' dir='ltr'>quibus</span> <span class='ocrx_word' id='word_1_16' title='bbox 1144 1326 1208 1388; x_wconf 94' lang='lat' dir='ltr'>Dei</span> <span class='ocrx_word' id='word_1_17' title='bbox 1225 1329 1293 1389; x_wconf 88' lang='lat' dir='ltr'>exi·</span> 
     </span>
     <span class='ocr_line' id='line_1_3' title="bbox 195 1417 1063 1496; baseline 0.015 -20"><span class='ocrx_word' id='word_1_18' title='bbox 195 1417 316 1478; x_wconf 90' lang='lat' dir='ltr'>stentia</span> <span class='ocrx_word' id='word_1_19' title='bbox 331 1417 598 1493; x_wconf 89' lang='lat' dir='ltr'>demonstratur;</span> <span class='ocrx_word' id='word_1_20' title='bbox 619 1430 653 1496; x_wconf 84' lang='lat'>3⁰</span> <span class='ocrx_word' id='word_1_21' title='bbox 669 1418 711 1480; x_wconf 94' lang='lat' dir='ltr'>de</span> <span class='ocrx_word' id='word_1_22' title='bbox 727 1419 847 1482; x_wconf 93' lang='lat' dir='ltr'>divinis</span> <span class='ocrx_word' id='word_1_23' title='bbox 864 1424 1063 1490; x_wconf 85' lang='lat' dir='ltr'>nominibus.</span> 
     </span>
    </p>
   </div>
   <div class='ocr_carea' id='block_1_2' title="bbox 211 1569 1281 1741">
    <p class='ocr_par' dir='ltr' id='par_1_2' title="bbox 211 1569 1281 1741">
     <span class='ocr_line' id='line_1_4' title="bbox 312 1569 1183 1642; baseline 0.02 -16"><span class='ocrx_word' id='word_1_24' title='bbox 312 1570 340 1626; x_wconf 88' lang='grc' dir='ltr'>Ι.</span> <span class='ocrx_word' id='word_1_25' title='bbox 359 1569 413 1627; x_wconf 86' lang='lat' dir='ltr'>De</span> <span class='ocrx_word' id='word_1_26' title='bbox 429 1569 687 1641; x_wconf 81' lang='lat' dir='ltr'>possibilitate</span> <span class='ocrx_word' id='word_1_27' title='bbox 703 1587 747 1630; x_wconf 89' lang='lat' dir='ltr'>ao</span> <span class='ocrx_word' id='word_1_28' title='bbox 763 1576 876 1634; x_wconf 90' lang='lat' dir='ltr'>modo</span> <span class='ocrx_word' id='word_1_29' title='bbox 890 1577 1183 1642; x_wconf 85' lang='lat' dir='ltr'>demonstrandi</span> 
     </span>
     <span class='ocr_line' id='line_1_5' title="bbox 211 1668 1281 1741; baseline 0.014 -15"><span class='ocrx_word' id='word_1_30' title='bbox 211 1668 280 1726; x_wconf 87' lang='lat' dir='ltr'>Dei</span> <span class='ocrx_word' id='word_1_31' title='bbox 297 1669 544 1726; x_wconf 83' lang='lat' dir='ltr'>existentiam</span> <span class='ocrx_word' id='word_1_32' title='bbox 561 1671 731 1728; x_wconf 85' lang='lat' dir='ltr'>naturali</span> <span class='ocrx_word' id='word_1_33' title='bbox 748 1671 932 1734; x_wconf 85' lang='lat' dir='ltr'>humanae</span> <span class='ocrx_word' id='word_1_34' title='bbox 949 1678 1108 1738; x_wconf 85' lang='lat' dir='ltr'>rationis</span> <span class='ocrx_word' id='word_1_35' title='bbox 1125 1683 1281 1741; x_wconf 83' lang='lat' dir='ltr'>lumine¹</span> 
     </span>
    </p>
   </div>
   <div class='ocr_carea' id='block_1_3' title="bbox 347 1809 1149 1902">
    <p class='ocr_par' dir='ltr' id='par_1_3' title="bbox 347 1809 1149 1902">
     <span class='ocr_line' id='line_1_6' title="bbox 347 1809 1149 1902; baseline 0.021 -32"><span class='ocrx_word' id='word_1_36' title='bbox 347 1823 379 1871; x_wconf 89' lang='lat'>10</span> <span class='ocrx_word' id='word_1_37' title='bbox 394 1809 445 1872; x_wconf 82' lang='lat' dir='ltr'>De</span> <span class='ocrx_word' id='word_1_38' title='bbox 452 1810 667 1890; x_wconf 79' lang='lat' dir='ltr'>possibilitate</span> <span class='ocrx_word' id='word_1_39' title='bbox 682 1816 846 1878; x_wconf 80' lang='lat' dir='ltr'>naturalis</span> <span class='ocrx_word' id='word_1_40' title='bbox 861 1818 928 1882; x_wconf 84' lang='lat' dir='ltr'>Dei</span> <span class='ocrx_word' id='word_1_41' title='bbox 939 1822 1149 1902; x_wconf 52' lang='lat' dir='ltr'>cognitone}</span> 
     </span>
    </p>
   </div>
   <div class='ocr_carea' id='block_1_4' title="bbox 196 1941 1296 2129">
    <p class='ocr_par' dir='ltr' id='par_1_4' title="bbox 196 1941 1296 2129">
     <span class='ocr_line' id='line_1_7' title="bbox 234 1941 1294 2032; baseline 0.016 -28"><span class='ocrx_word' id='word_1_42' title='bbox 234 1957 266 2020; x_wconf 61' lang='lat'>4</span> <span class='ocrx_word' id='word_1_43' title='bbox 308 1941 467 2005; x_wconf 86' lang='lat' dir='ltr'>Nonnulli</span> <span class='ocrx_word' id='word_1_44' title='bbox 483 1942 672 2027; x_wconf 89' lang='lat' dir='ltr'>philosophi</span> <span class='ocrx_word' id='word_1_45' title='bbox 685 1967 723 2009; x_wconf 92' lang='lat' dir='ltr'>ac</span> <span class='ocrx_word' id='word_1_46' title='bbox 736 1948 881 2032; x_wconf 83' lang='lat' dir='ltr'>theologi</span> <span class='ocrx_word' id='word_1_47' title='bbox 895 1955 1136 2022; x_wconf 89' lang='lat' dir='ltr'>contenderunt</span> <span class='ocrx_word' id='word_1_48' title='bbox 1149 1959 1294 2022; x_wconf 88' lang='lat' dir='ltr'>existen·</span> 
     </span>
     <span class='ocr_line' id='line_1_8' title="bbox 196 2048 1296 2129; baseline 0.014 -19"><span class='ocrx_word' id='word_1_49' title='bbox 196 2048 277 2110; x_wconf 91' lang='lat' dir='ltr'>tiam</span> <span class='ocrx_word' id='word_1_50' title='bbox 294 2048 357 2109; x_wconf 94' lang='lat' dir='ltr'>Dei</span> <span class='ocrx_word' id='word_1_51' title='bbox 375 2068 440 2109; x_wconf 95' lang='lat' dir='ltr'>non</span> <span class='ocrx_word' id='word_1_52' title='bbox 458 2068 555 2129; x_wconf 88' lang='lat' dir='ltr'>posse</span> <span class='ocrx_word' id='word_1_53' title='bbox 576 2050 716 2112; x_wconf 87' lang='lat' dir='ltr'>naturali</span> <span class='ocrx_word' id='word_1_54' title='bbox 740 2054 876 2116; x_wconf 90' lang='lat' dir='ltr'>rationis</span> <span class='ocrx_word' id='word_1_55' title='bbox 899 2055 1023 2120; x_wconf 92' lang='lat' dir='ltr'>lumine</span> <span class='ocrx_word' id='word_1_56' title='bbox 1045 2071 1135 2123; x_wconf 90' lang='lat' dir='ltr'>certo</span> <span class='ocrx_word' id='word_1_57' title='bbox 1159 2062 1296 2124; x_wconf 93' lang='lat' dir='ltr'>demon-</span> 
     </span>
    </p>
   </div>
   <div class='ocr_carea' id='block_1_5' title="bbox 195 2151 1299 2965">
    <p class='ocr_par' dir='ltr' id='par_1_5' title="bbox 195 2151 1299 2965">
     <span class='ocr_line' id='line_1_9' title="bbox 196 2151 1297 2245; baseline 0.015 -33"><span class='ocrx_word' id='word_1_58' title='bbox 196 2152 311 2227; x_wconf 91' lang='lat' dir='ltr'>strari;</span> <span class='ocrx_word' id='word_1_59' title='bbox 337 2152 422 2213; x_wconf 85' lang='lat' dir='ltr'>inter</span> <span class='ocrx_word' id='word_1_60' title='bbox 444 2171 527 2231; x_wconf 93' lang='lat' dir='ltr'>quos</span> <span class='ocrx_word' id='word_1_61' title='bbox 552 2151 706 2216; x_wconf 80' lang='lat' dir='ltr'>Fideistoe</span> <span class='ocrx_word' id='word_1_62' title='bbox 726 2166 760 2218; x_wconf 95' lang='lat' dir='ltr'>et</span> <span class='ocrx_word' id='word_1_63' title='bbox 788 2156 819 2217; x_wconf 85' lang='grc' dir='ltr'><em>Τ</em></span> <span class='ocrx_word' id='word_1_64' title='bbox 817 2157 1072 2238; x_wconf 80' lang='lat' dir='ltr'>radz&#39;tionalistoe,</span> <span class='ocrx_word' id='word_1_65' title='bbox 1095 2164 1151 2244; x_wconf 95' lang='lat' dir='ltr'>qui</span> <span class='ocrx_word' id='word_1_66' title='bbox 1175 2173 1297 2245; x_wconf 85' lang='lat' dir='ltr'>putant</span> 
     </span>
     <span class='ocr_line' id='line_1_10' title="bbox 196 2254 1297 2345; baseline 0.011 -28"><span class='ocrx_word' id='word_1_67' title='bbox 196 2255 427 2318; x_wconf 87' lang='lat' dir='ltr'>certitudinem</span> <span class='ocrx_word' id='word_1_68' title='bbox 444 2254 486 2316; x_wconf 92' lang='lat' dir='ltr'>de</span> <span class='ocrx_word' id='word_1_69' title='bbox 501 2254 562 2316; x_wconf 74' lang='lat' dir='ltr'>hac</span> <span class='ocrx_word' id='word_1_70' title='bbox 578 2255 716 2317; x_wconf 90' lang='lat' dir='ltr'>veritate</span> <span class='ocrx_word' id='word_1_71' title='bbox 728 2255 840 2319; x_wconf 92' lang='lat' dir='ltr'>haberi</span> <span class='ocrx_word' id='word_1_72' title='bbox 855 2279 919 2321; x_wconf 94' lang='lat' dir='ltr'>non</span> <span class='ocrx_word' id='word_1_73' title='bbox 933 2281 1030 2341; x_wconf 91' lang='lat' dir='ltr'>posse</span> <span class='ocrx_word' id='word_1_74' title='bbox 1042 2263 1104 2326; x_wconf 91' lang='lat' dir='ltr'>nisi</span> <span class='ocrx_word' id='word_1_75' title='bbox 1117 2263 1297 2345; x_wconf 87' lang='lat' dir='ltr'>perfidem,</span> 
     </span>
     <span class='ocr_line' id='line_1_11' title="bbox 195 2360 1298 2450; baseline 0.008 -27"><span class='ocrx_word' id='word_1_76' title='bbox 195 2382 253 2423; x_wconf 92' lang='lat' dir='ltr'>seu</span> <span class='ocrx_word' id='word_1_77' title='bbox 270 2360 513 2435; x_wconf 85' lang='lat' dir='ltr'>revelationem,</span> <span class='ocrx_word' id='word_1_78' title='bbox 525 2367 582 2422; x_wconf 90' lang='lat' dir='ltr'>aut</span> <span class='ocrx_word' id='word_1_79' title='bbox 595 2380 653 2441; x_wconf 91' lang='lat' dir='ltr'>per</span> <span class='ocrx_word' id='word_1_80' title='bbox 664 2360 874 2423; x_wconf 87' lang='lat' dir='ltr'>traditionem</span> <span class='ocrx_word' id='word_1_81' title='bbox 888 2384 907 2424; x_wconf 93' lang='lat' dir='ltr'>a</span> <span class='ocrx_word' id='word_1_82' title='bbox 920 2363 1099 2446; x_wconf 84' lang='lat' dir='ltr'>majoribus</span> <span class='ocrx_word' id='word_1_83' title='bbox 1111 2376 1298 2450; x_wconf 85' lang='lat' dir='ltr'>acceptam3</span> 
     </span>
     <span class='ocr_line' id='line_1_12' title="bbox 196 2462 1298 2552; baseline 0.008 -26"><span class='ocrx_word' id='word_1_84' title='bbox 196 2464 315 2547; x_wconf 91' lang='lat' dir='ltr'>quibus</span> <span class='ocrx_word' id='word_1_85' title='bbox 330 2463 493 2526; x_wconf 86' lang='lat' dir='ltr'>accedunt</span> <span class='ocrx_word' id='word_1_86' title='bbox 509 2462 529 2523; x_wconf 95' lang='lat' dir='ltr'>ii</span> <span class='ocrx_word' id='word_1_87' title='bbox 546 2463 602 2542; x_wconf 92' lang='lat' dir='ltr'>qui</span> <span class='ocrx_word' id='word_1_88' title='bbox 618 2473 752 2526; x_wconf 89' lang='lat' dir='ltr'>censent</span> <span class='ocrx_word' id='word_1_89' title='bbox 768 2464 877 2527; x_wconf 91' lang='lat' dir='ltr'>ideam</span> <span class='ocrx_word' id='word_1_90' title='bbox 895 2466 958 2528; x_wconf 92' lang='lat' dir='ltr'>Dei</span> <span class='ocrx_word' id='word_1_91' title='bbox 975 2469 1099 2549; x_wconf 89' lang='lat' dir='ltr'>acquiri</span> <span class='ocrx_word' id='word_1_92' title='bbox 1116 2491 1181 2532; x_wconf 94' lang='lat' dir='ltr'>non</span> <span class='ocrx_word' id='word_1_93' title='bbox 1198 2492 1298 2552; x_wconf 93' lang='lat' dir='ltr'>posse</span> 
     </span>
     <span class='ocr_line' id='line_1_13' title="bbox 196 2567 1298 2656; baseline 0.009 -27"><span class='ocrx_word' id='word_1_94' title='bbox 196 2568 257 2629; x_wconf 91' lang='lat' dir='ltr'>nisi</span> <span class='ocrx_word' id='word_1_95' title='bbox 274 2575 361 2630; x_wconf 90' lang='lat' dir='ltr'>esset</span> <span class='ocrx_word' id='word_1_96' title='bbox 377 2567 499 2640; x_wconf 90' lang='lat' dir='ltr'>innata,</span> <span class='ocrx_word' id='word_1_97' title='bbox 515 2576 572 2627; x_wconf 90' lang='lat' dir='ltr'>aut</span> <span class='ocrx_word' id='word_1_98' title='bbox 588 2587 661 2629; x_wconf 93' lang='lat' dir='ltr'>eam</span> <span class='ocrx_word' id='word_1_99' title='bbox 679 2588 744 2629; x_wconf 93' lang='lat' dir='ltr'>non</span> <span class='ocrx_word' id='word_1_100' title='bbox 762 2569 934 2632; x_wconf 84' lang='lat' dir='ltr'>ratiocinio</span> <span class='ocrx_word' id='word_1_101' title='bbox 953 2572 1009 2635; x_wconf 95' lang='lat' dir='ltr'>sed</span> <span class='ocrx_word' id='word_1_102' title='bbox 1035 2593 1132 2636; x_wconf 93' lang='lat' dir='ltr'>sensu</span> <span class='ocrx_word' id='word_1_103' title='bbox 1149 2577 1298 2656; x_wconf 91' lang='lat' dir='ltr'>quodam</span> 
     </span>
     <span class='ocr_line' id='line_1_14' title="bbox 195 2671 1298 2759; baseline 0.003 -20"><span class='ocrx_word' id='word_1_104' title='bbox 195 2677 314 2739; x_wconf 89' lang='lat' dir='ltr'>intimo</span> <span class='ocrx_word' id='word_1_105' title='bbox 336 2696 374 2738; x_wconf 88' lang='lat' dir='ltr'>ac</span> <span class='ocrx_word' id='word_1_106' title='bbox 397 2675 550 2756; x_wconf 90' lang='lat' dir='ltr'>religioso</span> <span class='ocrx_word' id='word_1_107' title='bbox 573 2672 704 2754; x_wconf 88' lang='lat' dir='ltr'>percipi.</span> <span class='ocrx_word' id='word_1_108' title='bbox 752 2671 947 2735; x_wconf 88' lang='lat' dir='ltr'>Scholastici</span> <span class='ocrx_word' id='word_1_109' title='bbox 972 2683 1092 2753; x_wconf 89' lang='lat' dir='ltr'>autem,</span> <span class='ocrx_word' id='word_1_110' title='bbox 1116 2677 1298 2759; x_wconf 86' lang='lat' dir='ltr'>Scripturae</span> 
     </span>
     <span class='ocr_line' id='line_1_15' title="bbox 195 2775 1299 2854; baseline 0.002 -10"><span class='ocrx_word' id='word_1_111' title='bbox 195 2801 234 2844; x_wconf 91' lang='lat' dir='ltr'>ac</span> <span class='ocrx_word' id='word_1_112' title='bbox 250 2779 436 2842; x_wconf 88' lang='lat' dir='ltr'>Traditioni</span> <span class='ocrx_word' id='word_1_113' title='bbox 453 2777 570 2854; x_wconf 90' lang='lat' dir='ltr'>innixi,</span> <span class='ocrx_word' id='word_1_114' title='bbox 586 2776 704 2839; x_wconf 91' lang='lat' dir='ltr'>merito</span> <span class='ocrx_word' id='word_1_115' title='bbox 720 2775 904 2840; x_wconf 92' lang='lat' dir='ltr'>docuerunt</span> <span class='ocrx_word' id='word_1_116' title='bbox 921 2798 959 2840; x_wconf 89' lang='lat' dir='ltr'>ac</span> <span class='ocrx_word' id='word_1_117' title='bbox 975 2777 1097 2844; x_wconf 91' lang='lat' dir='ltr'>docent</span> <span class='ocrx_word' id='word_1_118' title='bbox 1113 2779 1199 2844; x_wconf 94' lang='lat' dir='ltr'>hanc</span> <span class='ocrx_word' id='word_1_119' title='bbox 1216 2783 1299 2845; x_wconf 91' lang='lat' dir='ltr'>veri-</span> 
     </span>
     <span class='ocr_line' id='line_1_16' title="bbox 195 2880 1166 2965; baseline -0.001 -17"><span class='ocrx_word' id='word_1_120' title='bbox 195 2895 299 2949; x_wconf 87' lang='lat' dir='ltr'>tatem</span> <span class='ocrx_word' id='word_1_121' title='bbox 315 2883 600 2947; x_wconf 83' lang='lat' dir='ltr'>fundamentalem</span> <span class='ocrx_word' id='word_1_122' title='bbox 617 2880 810 2943; x_wconf 91' lang='lat' dir='ltr'>naturaliter</span> <span class='ocrx_word' id='word_1_123' title='bbox 825 2882 1045 2945; x_wconf 89' lang='lat' dir='ltr'>demonstrari</span> <span class='ocrx_word' id='word_1_124' title='bbox 1061 2904 1166 2965; x_wconf 89' lang='lat' dir='ltr'>posse.</span> 
     </span>
    </p>
   </div>
   <div class='ocr_carea' id='block_1_6' title="bbox 194 3014 1298 3298">
    <p class='ocr_par' dir='ltr' id='par_1_6' title="bbox 194 3014 1298 3298">
     <span class='ocr_line' id='line_1_17' title="bbox 235 3014 1297 3098; baseline 0.008 -23"><span class='ocrx_word' id='word_1_125' title='bbox 235 3030 263 3097; x_wconf 65' lang='lat'>5,</span> <span class='ocrx_word' id='word_1_126' title='bbox 311 3020 407 3077; x_wconf 71' lang='lat' dir='ltr'>rhesis</span> <span class='ocrx_word' id='word_1_127' title='bbox 422 3043 433 3076; x_wconf 89' lang='lat'>.·</span> <span class='ocrx_word' id='word_1_128' title='bbox 455 3015 664 3080; x_wconf 86' lang='lat' dir='ltr'>Existentia</span> <span class='ocrx_word' id='word_1_129' title='bbox 680 3014 746 3078; x_wconf 90' lang='lat' dir='ltr'>Dei</span> <span class='ocrx_word' id='word_1_130' title='bbox 762 3032 824 3092; x_wconf 89' lang='lat' dir='ltr'>per</span> <span class='ocrx_word' id='word_1_131' title='bbox 846 3033 890 3079; x_wconf 87' lang='lat' dir='ltr'>ea</span> <span class='ocrx_word' id='word_1_132' title='bbox 910 3033 990 3094; x_wconf 88' lang='lat' dir='ltr'>quae</span> <span class='ocrx_word' id='word_1_133' title='bbox 1012 3017 1107 3082; x_wconf 84' lang='lat' dir='ltr'>facta</span> <span class='ocrx_word' id='word_1_134' title='bbox 1125 3024 1222 3098; x_wconf 90' lang='lat' dir='ltr'>sunt,</span> <span class='ocrx_word' id='word_1_135' title='bbox 1239 3038 1297 3084; x_wconf 88' lang='lat' dir='ltr'>na-</span> 
     </span>
     <span class='ocr_line' id='line_1_18' title="bbox 195 3113 1297 3196; baseline 0.004 -13"><span class='ocrx_word' id='word_1_136' title='bbox 195 3116 301 3183; x_wconf 87' lang='lat' dir='ltr'>turali</span> <span class='ocrx_word' id='word_1_137' title='bbox 327 3115 476 3180; x_wconf 86' lang='lat' dir='ltr'>rationis</span> <span class='ocrx_word' id='word_1_138' title='bbox 500 3115 666 3178; x_wconf 88' lang='lat' dir='ltr'>humanae</span> <span class='ocrx_word' id='word_1_139' title='bbox 692 3113 825 3177; x_wconf 91' lang='lat' dir='ltr'>lumine</span> <span class='ocrx_word' id='word_1_140' title='bbox 851 3119 950 3179; x_wconf 91' lang='lat' dir='ltr'>certo</span> <span class='ocrx_word' id='word_1_141' title='bbox 973 3116 1142 3195; x_wconf 85' lang='lat' dir='ltr'>cognosci</span> <span class='ocrx_word' id='word_1_142' title='bbox 1165 3123 1297 3196; x_wconf 88' lang='lat' dir='ltr'>potest.</span> 
     </span>
     <span class='ocr_line' id='line_1_19' title="bbox 194 3212 1298 3298; baseline -0.003 -18"><span class='ocrx_word' id='word_1_143' title='bbox 194 3218 247 3280; x_wconf 78' lang='lat' dir='ltr'>De</span> <span class='ocrx_word' id='word_1_144' title='bbox 260 3216 331 3298; x_wconf 80' lang='lat' dir='ltr'>fide</span> <span class='ocrx_word' id='word_1_145' title='bbox 352 3225 406 3292; x_wconf 80' lang='lat' dir='ltr'>est,</span> <span class='ocrx_word' id='word_1_146' title='bbox 420 3215 518 3296; x_wconf 88' lang='lat' dir='ltr'>juxta</span> <span class='ocrx_word' id='word_1_147' title='bbox 543 3213 622 3276; x_wconf 93' lang='lat' dir='ltr'>illud</span> <span class='ocrx_word' id='word_1_148' title='bbox 649 3213 800 3276; x_wconf 82' lang='lat' dir='ltr'>Vaticani</span> <span class='ocrx_word' id='word_1_149' title='bbox 810 3225 823 3256; x_wconf 89' lang='lat'>²</span> <span class='ocrx_word' id='word_1_150' title='bbox 837 3238 848 3278; x_wconf 93' lang='lat'><em>:</em></span> <span class='ocrx_word' id='word_1_151' title='bbox 868 3213 934 3276; x_wconf 87' lang='lat' dir='ltr'>“Si</span> <span class='ocrx_word' id='word_1_152' title='bbox 950 3212 1023 3292; x_wconf 91' lang='lat' dir='ltr'>quis</span> <span class='ocrx_word' id='word_1_153' title='bbox 1046 3212 1170 3276; x_wconf 90' lang='lat' dir='ltr'>dixerit</span> <span class='ocrx_word' id='word_1_154' title='bbox 1185 3213 1298 3277; x_wconf 92' lang='lat' dir='ltr'>Deum</span> 
     </span>
    </p>
   </div>
   <div class='ocr_carea' id='block_1_7' title="bbox 196 3316 1302 3917">
    <p class='ocr_par' dir='ltr' id='par_1_7' title="bbox 196 3316 1299 3610">
     <span class='ocr_line' id='line_1_20' title="bbox 196 3316 1299 3399; baseline -0.002 -16"><span class='ocrx_word' id='word_1_155' title='bbox 196 3340 298 3384; x_wconf 93' lang='lat' dir='ltr'>unum</span> <span class='ocrx_word' id='word_1_156' title='bbox 326 3329 359 3381; x_wconf 89' lang='lat' dir='ltr'>et</span> <span class='ocrx_word' id='word_1_157' title='bbox 382 3338 503 3393; x_wconf 89' lang='lat' dir='ltr'>verum,</span> <span class='ocrx_word' id='word_1_158' title='bbox 520 3316 711 3380; x_wconf 83' lang='lat' dir='ltr'>Creatorem</span> <span class='ocrx_word' id='word_1_159' title='bbox 736 3326 769 3378; x_wconf 91' lang='lat' dir='ltr'>et</span> <span class='ocrx_word' id='word_1_160' title='bbox 797 3317 980 3379; x_wconf 93' lang='lat' dir='ltr'>Dominum</span> <span class='ocrx_word' id='word_1_161' title='bbox 1005 3326 1164 3392; x_wconf 90' lang='lat' dir='ltr'>nostrum,</span> <span class='ocrx_word' id='word_1_162' title='bbox 1180 3339 1239 3399; x_wconf 91' lang='lat' dir='ltr'>per</span> <span class='ocrx_word' id='word_1_163' title='bbox 1259 3339 1299 3381; x_wconf 89' lang='lat' dir='ltr'>ea</span> 
     </span>
     <span class='ocr_line' id='line_1_21' title="bbox 196 3420 1298 3508; baseline -0.004 -20"><span class='ocrx_word' id='word_1_164' title='bbox 196 3446 271 3508; x_wconf 87' lang='lat' dir='ltr'>quae</span> <span class='ocrx_word' id='word_1_165' title='bbox 296 3422 383 3486; x_wconf 71' lang='lat' dir='ltr'>ladta</span> <span class='ocrx_word' id='word_1_166' title='bbox 406 3431 493 3497; x_wconf 86' lang='lat' dir='ltr'>sunt,</span> <span class='ocrx_word' id='word_1_167' title='bbox 517 3420 657 3484; x_wconf 92' lang='lat' dir='ltr'>naturali</span> <span class='ocrx_word' id='word_1_168' title='bbox 683 3420 819 3482; x_wconf 86' lang='lat' dir='ltr'>rationis</span> <span class='ocrx_word' id='word_1_169' title='bbox 846 3420 1001 3483; x_wconf 84' lang='lat' dir='ltr'>humanae</span> <span class='ocrx_word' id='word_1_170' title='bbox 1028 3430 1118 3484; x_wconf 92' lang='lat' dir='ltr'>certo</span> <span class='ocrx_word' id='word_1_171' title='bbox 1141 3424 1298 3503; x_wconf 86' lang='lat' dir='ltr'>cognosci</span> 
     </span>
     <span class='ocr_line' id='line_1_22' title="bbox 196 3525 511 3610; baseline -0.016 -17"><span class='ocrx_word' id='word_1_172' title='bbox 196 3549 262 3592; x_wconf 96' lang='lat' dir='ltr'>non</span> <span class='ocrx_word' id='word_1_173' title='bbox 280 3548 386 3610; x_wconf 90' lang='lat' dir='ltr'>posse,</span> <span class='ocrx_word' id='word_1_174' title='bbox 401 3527 442 3589; x_wconf 85' lang='lat' dir='ltr'>A.</span> <span class='ocrx_word' id='word_1_175' title='bbox 462 3525 511 3589; x_wconf 66' lang='lat' dir='ltr'>SJ&#39;</span> 
     </span>
    </p>

    <p class='ocr_par' dir='ltr' id='par_1_8' title="bbox 196 3626 1302 3917">
     <span class='ocr_line' id='line_1_23' title="bbox 242 3626 1299 3712; baseline -0.003 -18"><span class='ocrx_word' id='word_1_176' title='bbox 242 3628 421 3712; x_wconf 79' lang='lat' dir='ltr'>Scripturd.</span> <span class='ocrx_word' id='word_1_177' title='bbox 439 3629 487 3710; x_wconf 80' lang='lat' dir='ltr'>(a)</span> <span class='ocrx_word' id='word_1_178' title='bbox 506 3628 700 3709; x_wconf 85' lang='lat' dir='ltr'>Sapientia³</span> <span class='ocrx_word' id='word_1_179' title='bbox 717 3626 862 3690; x_wconf 88' lang='lat' dir='ltr'>declarat</span> <span class='ocrx_word' id='word_1_180' title='bbox 881 3648 985 3691; x_wconf 91' lang='lat' dir='ltr'>vanos</span> <span class='ocrx_word' id='word_1_181' title='bbox 1004 3648 1084 3706; x_wconf 92' lang='lat' dir='ltr'>esse,</span> <span class='ocrx_word' id='word_1_182' title='bbox 1100 3628 1118 3690; x_wconf 94' lang='lat' dir='ltr'>i.</span> <span class='ocrx_word' id='word_1_183' title='bbox 1134 3648 1161 3692; x_wconf 94' lang='lat' dir='ltr'>e.</span> <span class='ocrx_word' id='word_1_184' title='bbox 1178 3629 1299 3693; x_wconf 92' lang='lat' dir='ltr'>stultos</span> 
     </span>
     <span class='ocr_line' id='line_1_24' title="bbox 196 3729 1296 3816; baseline 0 -21"><span class='ocrx_word' id='word_1_185' title='bbox 196 3735 257 3816; x_wconf 90' lang='lat' dir='ltr'>(gr.</span> <span class='ocrx_word' id='word_1_186' title='bbox 273 3731 408 3815; x_wconf 71' lang='grc' dir='ltr'>μάταιοι)</span> <span class='ocrx_word' id='word_1_187' title='bbox 426 3730 499 3793; x_wconf 92' lang='lat' dir='ltr'>illos</span> <span class='ocrx_word' id='word_1_188' title='bbox 515 3729 667 3793; x_wconf 93' lang='lat' dir='ltr'>homines</span> <span class='ocrx_word' id='word_1_189' title='bbox 682 3731 738 3812; x_wconf 95' lang='lat' dir='ltr'>qui</span> <span class='ocrx_word' id='word_1_190' title='bbox 757 3731 866 3794; x_wconf 92' lang='lat' dir='ltr'>Deum</span> <span class='ocrx_word' id='word_1_191' title='bbox 884 3734 1038 3814; x_wconf 89' lang='lat' dir='ltr'>ignorant</span> <span class='ocrx_word' id='word_1_192' title='bbox 1059 3752 1120 3795; x_wconf 92' lang='lat' dir='ltr'>nec</span> <span class='ocrx_word' id='word_1_193' title='bbox 1141 3733 1213 3815; x_wconf 90' lang='lat' dir='ltr'>ejus</span> <span class='ocrx_word' id='word_1_194' title='bbox 1230 3734 1296 3797; x_wconf 90' lang='lat' dir='ltr'>exi-</span> 
     </span>
     <span class='ocr_line' id='line_1_25' title="bbox 196 3835 1302 3917; baseline -0.002 -17"><span class='ocrx_word' id='word_1_195' title='bbox 196 3837 352 3900; x_wconf 85' lang='lat' dir='ltr'>stentiam</span> <span class='ocrx_word' id='word_1_196' title='bbox 377 3855 420 3896; x_wconf 89' lang='lat' dir='ltr'>ex</span> <span class='ocrx_word' id='word_1_197' title='bbox 442 3835 544 3916; x_wconf 92' lang='lat' dir='ltr'>ipsius</span> <span class='ocrx_word' id='word_1_198' title='bbox 571 3835 723 3917; x_wconf 91' lang='lat' dir='ltr'>operibus</span> <span class='ocrx_word' id='word_1_199' title='bbox 747 3835 930 3917; x_wconf 89' lang='lat' dir='ltr'>intelligere</span> <span class='ocrx_word' id='word_1_200' title='bbox 949 3845 1156 3917; x_wconf 90' lang='lat' dir='ltr'>potuerunt:</span> <span class='ocrx_word' id='word_1_201' title='bbox 1179 3837 1302 3902; x_wconf 83' lang='lat' dir='ltr'>“Vani</span> 
     </span>
    </p>
   </div>
   <div class='ocr_carea' id='block_1_8' title="bbox 196 4034 1300 4366">
    <p class='ocr_par' dir='ltr' id='par_1_9' title="bbox 196 4034 1300 4278">
     <span class='ocr_line' id='line_1_26' title="bbox 232 4034 1300 4108; baseline 0.004 -20"><span class='ocrx_word' id='word_1_202' title='bbox 232 4060 240 4081; x_wconf 87' lang='lat'>1</span> <span class='ocrx_word' id='word_1_203' title='bbox 255 4038 285 4089; x_wconf 86' lang='lat' dir='ltr'>S.</span> <span class='ocrx_word' id='word_1_204' title='bbox 305 4035 433 4101; x_wconf 78' lang='lat' dir='ltr'>Thomas,</span> <span class='ocrx_word' id='word_1_205' title='bbox 450 4053 472 4101; x_wconf 90' lang='lat'>1,</span> <span class='ocrx_word' id='word_1_206' title='bbox 485 4052 510 4104; x_wconf 91' lang='lat' dir='ltr'>q.</span> <span class='ocrx_word' id='word_1_207' title='bbox 526 4052 550 4100; x_wconf 85' lang='lat'>2,</span> <span class='ocrx_word' id='word_1_208' title='bbox 564 4052 588 4087; x_wconf 88' lang='lat' dir='ltr'>a.</span> <span class='ocrx_word' id='word_1_209' title='bbox 601 4049 635 4099; x_wconf 81' lang='lat'>23</span> <span class='ocrx_word' id='word_1_210' title='bbox 655 4036 775 4102; x_wconf 79' lang='lat' dir='ltr'>Hurter,</span> <span class='ocrx_word' id='word_1_211' title='bbox 789 4053 815 4090; x_wconf 92' lang='lat' dir='ltr'>n.</span> <span class='ocrx_word' id='word_1_212' title='bbox 833 4049 844 4103; x_wconf 83' lang='grc'>5</span> <span class='ocrx_word' id='word_1_213' title='bbox 858 4055 865 4102; x_wconf 86' lang='grc'><strong>;</strong></span> <span class='ocrx_word' id='word_1_214' title='bbox 881 4037 976 4104; x_wconf 84' lang='lat' dir='ltr'>Pesclz,</span> <span class='ocrx_word' id='word_1_215' title='bbox 992 4053 1018 4091; x_wconf 89' lang='lat' dir='ltr'>n.</span> <span class='ocrx_word' id='word_1_216' title='bbox 1032 4051 1067 4106; x_wconf 81' lang='lat'>33</span> <span class='ocrx_word' id='word_1_217' title='bbox 1087 4034 1203 4104; x_wconf 61' lang='lat' dir='ltr'>Solam,</span> <span class='ocrx_word' id='word_1_218' title='bbox 1215 4056 1240 4108; x_wconf 89' lang='lat' dir='ltr'>p.</span> <span class='ocrx_word' id='word_1_219' title='bbox 1254 4039 1300 4107; x_wconf 84' lang='lat'>60;</span> 
     </span>
     <span class='ocr_line' id='line_1_27' title="bbox 203 4121 1298 4192; baseline 0 -15"><span class='ocrx_word' id='word_1_220' title='bbox 203 4126 314 4192; x_wconf 82' lang='lat' dir='ltr'>Vocant,</span> <span class='ocrx_word' id='word_1_221' title='bbox 336 4141 362 4177; x_wconf 93' lang='lat' dir='ltr'>n.</span> <span class='ocrx_word' id='word_1_222' title='bbox 384 4122 434 4189; x_wconf 89' lang='lat'>267</span> <span class='ocrx_word' id='word_1_223' title='bbox 455 4140 507 4192; x_wconf 90' lang='lat' dir='ltr'>sq.;</span> <span class='ocrx_word' id='word_1_224' title='bbox 530 4121 717 4187; x_wconf 79' lang='lat' dir='ltr'>Granderatlr,</span> <span class='ocrx_word' id='word_1_225' title='bbox 738 4121 855 4175; x_wconf 89' lang='lat' dir='ltr'>Constit.</span> <span class='ocrx_word' id='word_1_226' title='bbox 876 4121 1044 4189; x_wconf 86' lang='lat' dir='ltr'>dogmaticae</span> <span class='ocrx_word' id='word_1_227' title='bbox 1065 4123 1096 4177; x_wconf 89' lang='lat' dir='ltr'>C.</span> <span class='ocrx_word' id='word_1_228' title='bbox 1118 4121 1221 4191; x_wconf 88' lang='lat' dir='ltr'>Vatic.,</span> <span class='ocrx_word' id='word_1_229' title='bbox 1241 4126 1264 4177; x_wconf 90' lang='lat' dir='ltr'>F</span> <span class='ocrx_word' id='word_1_230' title='bbox 1267 4125 1298 4176; x_wconf 93' lang='lat' dir='ltr'>ri·</span> 
     </span>
     <span class='ocr_line' id='line_1_28' title="bbox 196 4210 477 4278; baseline -0.004 -14"><span class='ocrx_word' id='word_1_231' title='bbox 196 4210 288 4278; x_wconf 86' lang='lat' dir='ltr'>burgi,</span> <span class='ocrx_word' id='word_1_232' title='bbox 306 4211 380 4277; x_wconf 87' lang='lat'>1892,</span> <span class='ocrx_word' id='word_1_233' title='bbox 395 4228 419 4278; x_wconf 94' lang='lat' dir='ltr'>p.</span> <span class='ocrx_word' id='word_1_234' title='bbox 435 4223 477 4276; x_wconf 86' lang='lat'>32.</span> 
     </span>
    </p>

    <p class='ocr_par' dir='ltr' id='par_1_10' title="bbox 233 4297 955 4366">
     <span class='ocr_line' id='line_1_29' title="bbox 233 4297 955 4366; baseline 0 -16"><span class='ocrx_word' id='word_1_235' title='bbox 233 4302 242 4324; x_wconf 79' lang='lat'>²</span> <span class='ocrx_word' id='word_1_236' title='bbox 262 4299 359 4364; x_wconf 61' lang='lat' dir='ltr'>Vatia,</span> <span class='ocrx_word' id='word_1_237' title='bbox 376 4315 438 4350; x_wconf 83' lang='lat' dir='ltr'>can.</span> <span class='ocrx_word' id='word_1_238' title='bbox 460 4313 467 4348; x_wconf 92' lang='lat'>1</span> <span class='ocrx_word' id='word_1_239' title='bbox 485 4297 520 4350; x_wconf 91' lang='lat' dir='ltr'>de</span> <span class='ocrx_word' id='word_1_240' title='bbox 535 4298 662 4349; x_wconf 84' lang='lat' dir='ltr'>Revelut.</span> <span class='ocrx_word' id='word_1_241' title='bbox 680 4329 712 4334; x_wconf 97' lang='lat'>--</span> <span class='ocrx_word' id='word_1_242' title='bbox 725 4303 735 4333; x_wconf 81' lang='lat'>³</span> <span class='ocrx_word' id='word_1_243' title='bbox 748 4301 817 4366; x_wconf 69' lang='lat' dir='ltr'>Sap.</span> <span class='ocrx_word' id='word_1_244' title='bbox 835 4298 918 4363; x_wconf 88' lang='lat' dir='ltr'>XlII,</span> <span class='ocrx_word' id='word_1_245' title='bbox 936 4314 955 4350; x_wconf 85' lang='grc' dir='ltr'>ι.</span> 
     </span>
    </p>
   </div>
   <div class='ocr_carea' id='block_1_9' title="bbox 0 0 1348 4634">
    <p class='ocr_par' dir='ltr' id='par_1_11' title="bbox 0 0 1348 4634">
     <span class='ocr_line' id='line_1_30' title="bbox 0 0 1348 4634; baseline 0 0"><span class='ocrx_word' id='word_1_246' title='bbox 0 0 1348 4634; x_wconf 95' lang='lat' dir='ltr'> </span> 
     </span>
    </p>
   </div>
  </div>
 </body>
</html>
