2684 4634
565 179 704 230 CAPUT
722 178 783 227 111.

168 359 232 442 158.
278 360 336 444 (C)
361 363 532 424 Immunes
555 361 688 425 fuerunt
712 383 732 423 a
756 369 857 423 morte
878 359 1038 442 corporis,
1064 379 1105 422 eo
1125 379 1202 422 sensu
1236 381 1247 420 a

123 466 222 547 quod,
238 466 376 546 expleto
392 465 601 547 probationis
617 468 777 546 tempore,
789 463 855 527 vivi
871 463 915 525 ad
932 463 1038 525 vitam
1057 463 1202 524 immorta·
1238 485 1247 523 r

124 568 187 630 lem
214 568 365 634 translati
391 566 539 630 fuissent.
586 568 637 630 De
652 566 724 648 fide
744 576 792 629 est
812 587 857 629 ex
883 564 1044 629 Conciliis
1072 566 1152 628 inlra
1173 565 1203 626 ci·
1237 619 1240 623 .

124 672 262 734 tandin.
958 674 961 679 ’

126 771 179 860 (a)
189 775 356 837 Probatur
371 774 496 854 Scripl,
509 775 578 836 sive
589 773 714 848 dz'relie,
728 773 941 836 ubidicitur:
965 779 981 806 “
996 775 1091 837 Deus
1107 776 1206 837 creavit
1236 773 1247 828 ’ἰ

122 877 293 940 hominem
307 877 634 939 inexterminabilem
719 875 851 938 Invidia
867 885 981 939 autem
995 876 1122 940 diaboli
1137 897 1208 940 mors

123 982 271 1045 introivit
296 982 328 1043 in
356 982 469 1043 orbem
496 991 655 1043 terrarum
667 979 717 1056 ''1;
752 979 820 1060 sive
842 979 1003 1056 indiredie,
1020 978 1068 1043 ear
1091 981 1166 1044 locis
1185 982 1210 1044 in

123 1086 437 1167 quibusdeclaratur
450 1095 582 1147 morum
599 1104 670 1147 esse
679 1094 810 1164 poenam
819 1083 961 1164 peccati:
983 1088 1000 1116 “
1014 1085 1056 1146 In
1068 1085 1212 1167 quocum·

122 1209 187 1269 que
203 1190 291 1250 enim
308 1189 361 1250 die
378 1188 560 1250 comederis
576 1208 620 1249 ex
637 1206 686 1260 eo,
703 1196 809 1249 morte
825 1186 1008 1250 morieris..
1051 1189 1214 1251 Perunum

122 1291 290 1360 hominem
308 1300 481 1372 peccatum
499 1291 530 1351 in
548 1290 636 1352 hunc
654 1289 815 1350 mundum
830 1289 974 1364 intravit,
985 1299 1018 1352 et
1036 1311 1097 1372 per
1112 1312 1215 1374 pecca-
1245 1290 1247 1307 '

122 1402 193 1456 tum
211 1415 298 1456 mors
309 1394 364 1466 ”2,·
389 1402 530 1455 mortem
548 1413 625 1455 vero
637 1393 679 1455 de
696 1396 761 1472 qua
778 1393 896 1473 agitur,
909 1412 981 1455 esse
998 1403 1144 1458 mortem
1157 1416 1218 1457 cor-

121 1498 209 1577 poris
225 1497 446 1579 colligiturex
458 1504 629 1571 contextu,
640 1494 695 1557 ubi
707 1493 828 1556 dicitur
840 1515 847 1557 :
863 1498 879 1525 ‘¹
893 1493 960 1557 Sed
972 1497 1128 1576 regnavit
1139 1517 1217 1560 mors

122 1600 165 1661 ab
181 1599 294 1662 Adam
312 1620 416 1683 usque
433 1599 475 1660 ad
495 1599 643 1679 Moysen,
660 1598 761 1660 etiam
781 1598 813 1658 in
832 1616 888 1658 eos
906 1597 962 1678 qui
980 1617 1051 1660 non
1069 1620 1219 1680 peccave-

121 1713 198 1765 runt
223 1704 255 1764 in
284 1700 536 1765 similitudinem
565 1699 847 1782 praevaricationis
872 1699 1023 1778 Adae”3;
1061 1701 1116 1764 hic
1138 1704 1218 1765 enim

121 1809 230 1887 agitur
245 1810 287 1870 de
301 1819 406 1870 morte
421 1807 583 1888 corporali
596 1826 671 1886 quae
684 1804 871 1886 attingebat
887 1804 988 1867 etiam
1006 1805 1155 1870 infantes
1170 1807 1218 1888 qui

121 1906 250 1973 adtuale
266 1923 441 1992 peccatum
460 1931 525 1972 non
544 1910 789 1971 commiserant.
865 1974 867 1978 ,
1245 1986 1247 1995 Ι

165 2013 213 2094 (b)
237 2015 359 2076 Tradit.
380 2015 566 2095 pelagianis
588 2013 829 2076 affirmantibus
847 2012 1019 2075 Adamum
1046 2015 1215 2079 mortalem

121 2117 265 2179 futurum
294 2118 402 2194 luisse,
426 2119 555 2180 etiamsi
584 2138 650 2180 non
678 2121 857 2198 peccasset,
874 2116 1034 2198 Synodus
1064 2120 1215 2200 generalis

121 2220 403 2285 africanahabita
421 2222 623 2302 Carthagine
640 2242 666 2283 a.
684 2223 757 2299 418,
773 2220 920 2283 decrevit
939 2245 945 2284 :
980 2220 1213 2305 “Quicumque

121 2325 200 2386 dicit
218 2324 329 2387 Adam
348 2327 490 2406 primum
503 2325 674 2387 hominem
693 2325 867 2387 mortalem
885 2323 1019 2402 laetum,
1037 2327 1087 2390 ita
1103 2339 1139 2391 ut
1153 2330 1210 2390 sive

121 2438 280 2508 peccaret,
297 2429 365 2490 sive
382 2450 447 2490 non
466 2439 624 2510 peccaret,
642 2438 823 2491 moreretur
836 2429 868 2490 in
886 2448 1059 2509 corpore
1078 2431 1120 2494 A.
1138 2432 1168 2496 S.
1176 2431 1207 2491 ’'4.

121 2532 216 2593 Idem
233 2531 381 2595 definivit
403 2533 433 2594 T
431 2533 543 2596 rident.
561 2525 638 2596 sess,
655 2533 697 2608 V,
718 2549 777 2596 1·2.

120 2631 171 2719 (c.)
189 2637 442 2717 Protoparentes
456 2658 521 2698 non
536 2645 629 2698 erant
640 2634 763 2697 naturd
778 2656 797 2697 a
811 2645 917 2699 morte
934 2635 1102 2699 immunes
1110 2659 1118 2715 ;
1141 2657 1203 2699 nan

120 2760 238 2820 corpus
255 2761 377 2815 eorum,
394 2750 510 2820 utpote
533 2760 577 2801 ex
602 2740 750 2819 partibus
775 2740 1010 2821 compositum,
1027 2742 1204 2804 naturaliter

120 2844 321 2923 corruptioni
335 2844 519 2905 obnoxium
534 2853 618 2920 erat;
635 2844 693 2905 sed
699 2841 876 2924 privilegrb
886 2842 1094 2908 immortales
1105 2846 1136 2907 in
1148 2865 1203 2906 cor·

120 2968 198 3034 pore
215 2945 291 3010 faeti
308 2957 403 3023 sunt;
426 2957 459 3009 et
476 2948 711 3009 convenienter
723 2948 869 3029 quidem.
916 2947 947 3008 N
951 2968 1006 3010 am
1019 2948 1157 3012 decebat
1168 2958 1202 3020 ut,

120 3049 278 3129 quamdiu
296 3051 406 3110 anima
423 3050 614 3111 remanebat
627 3047 772 3131 perfedte
786 3052 860 3113 Deo
872 3049 1015 3126 subdita,
1027 3072 1144 3134 corpus
1158 3071 1201 3132 pa-

120 3151 197 3212 riter
209 3152 329 3213 animae
346 3150 489 3232 perfefte
505 3153 706 3229 subderetur,
717 3162 749 3215 et
762 3154 805 3216 ab
821 3156 860 3216 ea
872 3154 1123 3236 incorruptibile
1134 3173 1201 3236 pra-

120 3263 311 3317 servaretur.

164 3357 339 3437 Inquirunt
356 3358 478 3441 pariter
494 3358 640 3438 theologi
658 3359 777 3438 quibus
795 3353 913 3423 mediis
929 3379 1050 3441 corpus
1063 3370 1199 3443 protopa-

119 3470 249 3522 rentum
283 3461 469 3523 immortale
504 3463 624 3523 servari
660 3463 831 3542 potuisset.
883 3463 1041 3543 Jamvero
1065 3464 1200 3527 homoa

119 3575 224 3625 morte
241 3565 378 3625 violente?
394 3565 655 3644 praeservabatur
672 3565 792 3644 partim
817 3564 950 3645 quidem
974 3586 1034 3647 per
1049 3568 1199 3649 propriant

118 3668 277 3728 rationem
295 3678 328 3729 et
344 3669 564 3748 prudentiam,
578 3672 643 3747 qua
657 3669 774 3729 nociva
784 3668 921 3743 vitabat,
934 3669 1057 3749 partim
1068 3691 1126 3753 per
1134 3666 1199 3733 divi·

118 3790 194 3830 nam
209 3770 547 3851 providentiamque
561 3772 606 3831 sic
619 3771 725 3851 ipsum
739 3771 901 3846 tuebatur,
915 3780 952 3834 ut
965 3772 1045 3834 nihil
1059 3774 1089 3836 ei
1105 3790 1198 3836 occur-

117 3881 201 3933 reret
214 3893 257 3934 ex
274 3874 460 3954 improvis0,
474 3895 493 3936 a
509 3895 575 3954 quo
592 3875 775 3937 lederetur.
821 3875 1089 3940 Praeservabatur
1104 3885 1198 3939 autern

151 4103 531 4170 1Sap.=ll,23-24.—²Gen.
549 4105 586 4172 ΙΙ,
608 4118 649 4170 17,
668 4106 747 4157 Rom.
764 4106 797 4170 V,
814 4120 851 4158 12.
870 4106 1010 4160 -3R0m.
1025 4108 1061 4170 V,
1080 4122 1118 4174 14

150 4192 219 4258 4Αρ.
236 4192 355 4256 Godeau,
371 4191 491 4245 Libellus
505 4193 577 4259 fidei,
590 4210 614 4245 n.
630 4208 654 4260 3.
696 4195 752 4246 Hic
762 4210 853 4246 canon
867 4193 937 4247 salso
951 4195 1111 4264 adscriptus
1123 4195 1198 4249 iuerat

117 4277 201 4330 Cone.
219 4279 381 4332 Milevitano
398 4281 424 4332 ll
441 4278 525 4348 (416).
