2684 4634
121 175 187 227 588
556 172 696 224 CAPUT
713 173 767 222 tv.

118 351 183 414 dici
199 353 323 433 possit:
346 357 364 384 ‘⁴
374 351 461 415 Caro
472 351 605 425 Christi,
616 373 693 414 caro
705 362 757 415 est
769 353 886 414 Mariae
900 351 925 413 ’‘.
969 351 1101 412 Revera
1112 348 1212 414 infans

118 455 370 535 quodammodo
386 474 489 516 unum
506 464 556 515 est
567 475 643 516 cum
661 466 776 529 matre,
788 456 820 515 in
834 453 929 534 cujus
945 461 1042 515 utero
1059 460 1213 533 gestatur,

118 558 203 619 sicut
220 555 344 621 fructus
356 577 432 618 cum
449 558 573 618 arbore.
620 557 688 621 Sed
705 559 841 638 insuper
858 557 966 618 Maria
983 556 1071 617 Filio
1087 555 1215 635 conjun-

119 657 173 723 tta
189 660 251 722 fuit
267 661 301 721 in
315 670 377 722 toto
388 660 465 721 vita
473 659 608 721 decursu
622 681 681 741 per
693 659 891 722 familiarem
908 659 1196 721 conversationem
1210 682 1215 719 :

118 783 218 845 quem
243 764 275 824 in
299 772 394 825 utero
417 774 576 843 gesserat,
592 762 684 838 aluit,
701 764 792 839 fovit,
810 765 842 825 in
860 763 1024 844 praesepio
1040 761 1216 834 reclinavit,

119 866 260 942 vestivit,
272 865 397 946 jugiter
419 866 514 927 lateri
532 865 615 945 Ejus
639 866 792 939 adhaesit,
808 866 906 927 simul
932 885 1008 926 cum
1026 865 1081 926 Eo
1109 863 1217 938 oravit,

119 970 217 1031 simul
229 969 403 1049 jejunavit,
418 968 516 1030 simul
532 970 689 1043 comedit,
704 969 803 1030 simul
820 966 944 1031 sanctis
956 968 1116 1049 operibus
1128 987 1216 1029 vaca·

118 1071 174 1134 vit.
227 1072 267 1133 In
275 1071 427 1151 passione
442 1072 472 1132 ei
488 1071 638 1145 adhaesit,
654 1070 791 1134 eosdem
811 1071 942 1133 dolores
958 1091 1034 1132 cum
1059 1092 1101 1133 eo
1125 1090 1217 1152 passa

119 1182 184 1250 est;
229 1175 319 1255 quod
348 1173 452 1235 Filius
486 1174 518 1234 in
542 1194 650 1248 came,
674 1173 737 1235 hoc
762 1175 873 1236 Mater
896 1175 928 1235 in
952 1175 1053 1234 corde
1078 1172 1217 1254 pertulit

122 1277 211 1338 Hinc
228 1277 297 1357 Ipsi
313 1273 493 1355 conjundta
509 1285 659 1338 remanet
683 1278 714 1338 in
734 1277 847 1357 gloria
869 1297 929 1358 per
950 1277 1216 1339 beatitudinem:

120 1382 137 1412 “
148 1378 269 1440 Astitit
285 1379 401 1458 regina
424 1398 444 1439 a
471 1378 601 1439 dextris
617 1381 683 1441 tuis
700 1381 732 1441 in
750 1381 872 1442 vestitu
895 1380 1067 1455 deaurato
1083 1380 1217 1441 circum-

119 1482 200 1543 data
214 1482 376 1543 varietate
388 1493 398 1523 1
410 1481 434 1542 ''.

120 1584 168 1665 (e)
185 1584 239 1646 Fit
261 1583 477 1665 aliquomodo
505 1584 633 1664 Sponsa
655 1585 711 1666 Sp.
730 1586 866 1658 Sano‘Zi,·
900 1606 988 1658 nam,
1004 1595 1041 1647 ut
1064 1585 1219 1657 diximus,

120 1686 275 1749 formatio
290 1687 436 1767 corporis
453 1686 576 1749 Christi
600 1688 633 1748 in
662 1698 756 1750 utero
773 1690 807 1750 B.
824 1689 971 1769 Virginis
993 1687 1150 1750 tribuitur
1166 1687 1217 1769 Sp.

121 1785 247 1853 Sancto
265 1809 272 1850 :
299 1788 471 1870 “Spiritus
487 1788 520 1851 S.
537 1791 747 1868 superveniet
764 1792 796 1852 in
814 1802 856 1866 te,
872 1800 906 1852 et
921 1791 1038 1853 Virtus
1055 1790 1217 1852 Altissimi

120 1892 333 1955 obumbrabit
360 1892 494 1969 tibi2'';
526 1894 628 1972 atqui,
653 1895 806 1974 quamvis
830 1894 885 1955 illa
909 1893 1064 1954 formatio
1089 1913 1155 1954 non
1179 1893 1217 1954 sit

120 2015 197 2057 vera
213 1996 392 2075 generatio
409 2016 452 2056 ex
474 1991 572 2056 dictis
591 2000 632 2068 (n.
651 1996 734 2076 135),
747 1996 920 2057 constituit
934 2005 1047 2057 tamen
1061 1994 1217 2076 speciales

121 2095 292 2159 affinitatis
308 2096 484 2158 relationes
500 2096 585 2158 inter
602 2097 763 2177 Spiritum
781 2096 814 2160 S.
827 2106 861 2158 et
877 2097 912 2158 B.
927 2097 1113 2176 Virginem,
1124 2098 1170 2159 ita
1183 2105 1218 2158 ut

121 2203 154 2263 in
167 2220 265 2263 sensu
282 2200 399 2262 morali
415 2210 449 2261 et
466 2200 618 2280 mystico,
631 2198 738 2260 Maria
748 2210 884 2261 vocetur
895 2220 915 2261 a
929 2199 1082 2261 Patribus
1097 2200 1218 2280 Sponsa

123 2302 270 2383 sz'ritrls
291 2303 438 2364 sannis.
487 2303 578 2364 Hinc
600 2301 701 2363 etiam
728 2311 866 2367 vocatur
889 2301 1071 2382 aliquando
1093 2302 1218 2381 comple-

121 2415 263 2467 mentum
280 2406 382 2467 totius
399 2405 584 2479 Trinitatis
596 2423 663 2464 non
678 2404 812 2482 quidem
830 2424 870 2464 eo
887 2424 985 2465 sensu
1003 2405 1094 2483 quod
1113 2404 1218 2465 Trini-

122 2508 216 2569 tasin
234 2527 269 2568 se
286 2507 434 2587 indigeat
451 2506 563 2587 aliquo
580 2504 836 2585 complemento,
848 2527 952 2587 quum
969 2509 1011 2567 sit
1029 2507 1103 2569 fons
1120 2509 1218 2570 totius

121 2611 340 2695 perfeetionis,
356 2614 415 2674 sed
432 2594 510 2693 quia
527 2612 568 2672 de
593 2608 682 2673 laeto
698 2611 845 2672 Trinitas
862 2611 898 2673 B.
915 2611 1056 2691 Virgine
1081 2631 1142 2672 usa
1163 2621 1218 2685 est,

121 2727 292 2795 tamquam
310 2716 541 2788 instrument0,
554 2713 596 2774 ad
613 2713 851 2794 perficiendum
871 2715 1114 2776 lncarnationis
1131 2735 1218 2795 opus

164 2818 224 2898 (B)
253 2819 394 2898 Insuper
419 2817 455 2877 B.
473 2817 522 2890 V.,
539 2817 583 2877 ob
608 2816 808 2896 dignitatem
835 2818 954 2879 Matris
981 2817 1056 2892 Dei,
1080 2817 1218 2898 acquirit

119 2922 270 3002 specialia
274 2924 361 3003 jura
378 2921 413 2981 in
426 2919 613 3004 Christano,¹
648 2918 698 2999 (a)
712 2919 878 2982 Videlicet
888 2919 942 2999 jus
954 2918 1106 2982 stridtum
1124 2920 1221 2982 habet

121 3025 162 3085 ad
174 3045 320 3085 amorem
337 3033 370 3084 et
383 3023 601 3084 reverentiam
614 3021 693 3102 ejus
742 3022 878 3083 Etenim
891 3022 947 3084 lex
960 3023 1122 3085 naturalis
1139 3044 1219 3105 prae-

121 3127 200 3206 cipit
217 3136 254 3188 ut
270 3126 326 3186 filii
341 3135 494 3206 parentes
511 3134 626 3187 ament
642 3146 680 3186 ac
692 3136 918 3201 revereantur,
941 3127 1033 3205 atqui
1046 3127 1080 3187 B.
1096 3127 1137 3189 V.
1148 3147 1220 3189 vere
1236 3115 1249 3214 ,³¹

156 3309 218 3359 ¹Ps.
234 3306 338 3371 XLIV,
354 3321 393 3358 10.
455 3301 541 3357 ²Luc.
559 3306 580 3369 l,
595 3317 637 3372 35.

154 3383 352 3458 ³Quandoque
371 3388 456 3441 etiam
480 3387 573 3440 Maria
595 3398 711 3440 vocatur
730 3405 747 3439 a
768 3388 897 3440 Patribus
912 3389 1022 3456 Sponsa
1035 3391 1145 3454 Patn's,
1159 3388 1226 3457 quia

120 3478 250 3531 videlicet
262 3476 322 3544 ejus
336 3474 502 3529 fecunditati
517 3476 703 3540 consociatur,
715 3484 741 3526 et
756 3473 784 3525 in
796 3485 923 3542 tempore
936 3486 1053 3542 generat
1063 3477 1137 3528 Eum
1152 3477 1225 3545 quia

121 3567 204 3618 Patre
217 3564 253 3616 ab
267 3573 373 3615 aeterno
386 3570 546 3629 generatur.
589 3562 650 3613 Nec
664 3570 760 3613 tamen
773 3559 875 3613 exinde
889 3562 1058 3615 concludere
1077 3563 1143 3616 licet
1162 3579 1224 3616 eam

121 3648 196 3704 Patri
210 3646 404 3701 consociatam
416 3648 503 3700 fuisse
514 3646 541 3698 in
551 3648 658 3700 aeterna
666 3647 846 3714 generatione
856 3649 881 3698 V
883 3648 953 3712 erbi;
974 3649 997 3702 si
1006 3649 1178 3717 quandoque
1189 3648 1223 3718 pii

119 3734 248 3790 nudiores
259 3734 303 3786 his
317 3745 364 3787 aut
378 3733 516 3787 similibus
526 3734 619 3786 verbis
628 3733 670 3785 usi
681 3743 754 3799 sunt,
766 3735 884 3803 intelligi
893 3735 999 3790 debent
1011 3754 1046 3790 eo
1056 3754 1140 3790 sensu
1151 3735 1223 3806 quod

120 3820 263 3890 generatio
278 3820 373 3884 Verbi,
392 3829 490 3886 utpote
509 3829 624 3883 aeterna,
648 3836 794 3888 nunquam
813 3821 955 3888 praeterita
974 3821 1030 3874 dici
1050 3833 1155 3890 potest,
1175 3821 1223 3876 sed

121 3923 232 3975 semper
245 3922 371 3973 praesens
385 3925 391 3968 ;
420 3905 539 3973 proinde
553 3923 587 3958 eo
600 3915 727 3973 tempore
746 3923 802 3975 quo
817 3908 910 3962 Maria
924 3909 1066 3962 Christum
1087 3908 1224 3978 concipie-

122 3997 177 4062 bat,
202 3996 284 4046 Pater
304 3992 407 4045 Filium
426 4009 561 4060 generare
580 4010 637 4044 non
658 3994 798 4059 cessabat,
818 3995 939 4064 ideoque
959 3998 991 4050 B.
1017 3996 1106 4065 Virgo
1125 3998 1224 4052 eodem

121 4081 234 4138 instanti
249 4080 466 4133 consociabatur
480 4080 556 4132 Patri
571 4079 674 4131 Filium
687 4082 844 4147 generanti,
885 4084 978 4151 Quem
991 4085 1078 4137 etiam
1091 4083 1224 4154 loquendi

120 4169 237 4223 modum
256 4178 372 4238 usurpat
385 4169 504 4220 Bossuet
516 4169 648 4236 (Sermon
668 4184 738 4232 pour
756 4170 784 4222 la
800 4169 934 4235 Nativite,
949 4169 992 4223 ed.
1009 4171 1130 4240 Lebarq,
1148 4172 1223 4238 1890,

113 4259 136 4327 J,
150 4275 177 4329 p,
200 4258 270 4327 182).
