2684 4634
190 156 251 205 184
572 153 902 206 PROLEGOMENA.

232 334 294 415 (D)
311 334 463 396 Tandem
480 334 600 422 nostris
612 334 729 398 diebus
745 334 1090 416 Gdnther,‘germanus
1101 333 1290 415 theologus,

188 439 328 500 asseruit
344 438 377 499 in
394 437 468 498 Deo
484 457 556 499 esse
572 446 637 499 tres
653 437 865 501 substantias.
874 437 1013 519 illasque
1027 437 1150 501 habere
1171 458 1288 520 quam-

188 541 266 604 dam
284 542 445 603 unitatem
463 539 634 604 formalem
652 542 684 603 in
702 562 742 603 eo
757 543 855 604 sitam
872 543 961 622 quod
978 551 1044 605 tres
1056 541 1289 605 illasubstan-

188 646 252 720 tiae,
268 665 325 706 seu
342 663 501 725 personae,
517 645 558 706 ad
576 645 715 706 invicem
729 646 960 708 coadunentur
971 665 1029 726 per
1039 645 1288 707 conscientiam.

190 748 459 810 Fundamentum
480 745 582 826 'hujus
607 748 724 809 erroris
750 748 782 808 in
808 746 892 810 falsa
917 736 1067 830 personae
1093 747 1290 811 definitione

185 855 291 935 jacet:
315 855 414 936 juxta
430 855 539 934 ipsum
556 855 728 934 siquidem,
743 875 884 936 persona
899 864 950 920 est
961 854 1288 928 notnrosniconscin,

187 967 221 1020 et
236 977 338 1038 quum
354 958 420 1020 sint
437 966 502 1018 tres
519 958 551 1018 in
569 957 643 1018 Deo
659 976 819 1039 personae,
835 958 985 1038 sequitur
1000 959 1065 1019 tres
1081 977 1154 1020 esse
1166 957 1200 1018 iu
1216 957 1290 1018 Deo

188 1071 321 1124 naturas
337 1062 386 1122 sui
403 1061 554 1123 conscias
562 1073 581 1122 1.

394 1208 427 1274 30
442 1194 474 1256 E
476 1214 581 1256 rnores
594 1204 705 1257 contra
712 1196 924 1276 processiones
938 1195 1078 1258 dzbz'nae.

229 1346 275 1412 25.
323 1335 381 1415 (A)
407 1335 553 1411 Plzotins,
578 1336 905 1417 pseudo-patriarcha
933 1336 1190 1417 Constantinop.
1220 1336 1286 1417 (IX

188 1439 285 1518 sac),
301 1439 332 1499 in
350 1439 463 1500 odium
482 1438 641 1501 Ecclesiae
664 1441 872 1518 Romanae,'a
893 1460 959 1521 qua
980 1439 1152 1522 depositus
1174 1438 1288 1516 suerat,

188 1541 312 1621 dogma
327 1542 545 1621 processionis
563 1541 706 1622 Spiritus
718 1543 756 1623 ⁴S.
774 1543 992 1624 impugnavit,
1008 1543 1163 1606 docendo
1180 1544 1287 1625 ipsum

189 1644 366 1724 procedere
383 1644 516 1724 quidem
534 1665 553 1705 a
570 1645 666 1706 Patre
683 1665 748 1706 non
765 1655 877 1723 autem
895 1666 914 1707 a
931 1645 1023 1722 Filio,
1035 1645 1243 1727 Latinosque
1254 1655 1288 1708 ut

188 1745 360 1808 haereticos
369 1734 599 1807 denuntiando
612 1766 652 1808 eo
661 1748 750 1828 quod
764 1747 926 1828 Symbolo
936 1748 1132 1830 particulam
1145 1748 1289 1830 Filzoqno

188 1848 403 1910 addidissent.
451 1848 551 1909 Error
567 1848 621 1909 ille
637 1850 816 1912 damnatus
826 1850 919 1912 estIn
930 1850 1027 1912 variis
1038 1849 1287 1932 Conciliisprae-

189 1953 301 2012 sertim
320 1950 504 2014 Florentino
519 1951 641 2032 (1439),
653 1952 705 2012 cui
722 1951 829 2024 Graeci
845 1953 993 2027 aderant,
1004 1951 1060 2015 sed
1074 1952 1288 2016 nihilominus

190 2055 298 2116 adhuc
314 2055 356 2116 ab
373 2053 523 2115 Ecclesia
541 2054 657 2116 Graeca
674 2055 840 2116 retinetur.

232 2187 279 2251 26.
326 2187 385 2268 (B)
401 2188 601 2249 Hardninns
616 2196 649 2249 et
662 2187 870 2265 Bernyorns2,
882 2173 1003 2268 (XVII
1016 2197 1050 2252 et
1063 2189 1189 2252 XVIII
1204 2191 1288 2271 saec)

190 2301 380 2353 erraverunt
404 2291 490 2352 circa
514 2291 763 2371 generationem
787 2290 908 2354 Verbi:
934 2291 1140 2370 Harduinus‚
1164 2293 1290 2356 scilicet

191 2393 389 2456 admittebat
404 2393 538 2473 quidem
564 2393 773 2455 divinitatem
800 2392 913 2469 VerbI,
930 2393 987 2456 sed
1013 2396 1159 2476 negabat
1182 2396 1288 2478 ipsum

191 2497 368 2576 procedere
379 2517 398 2556 a
409 2495 482 2556 Deo
493 2515 551 2575 per
560 2515 671 2556 veram
684 2495 942 2576 generationem,
952 2495 1163 2578 docebatque
1176 2499 1289 2579 Ipsum

191 2597 315 2662 fadtum
332 2598 431 2660 fuisse
449 2598 569 2660 Filium
592 2599 657 2660 Dei
682 2598 895 2661 solummodo
914 2600 1109 2663 inrinstanti
1136 2602 1290 2664 lncarna-

191 2703 290 2765 tionis
302 2701 441 2782 quando
454 2697 580 2763 'scilicet
594 2702 685 2765 Deus
698 2712 852 2765 naturam
865 2702 1046 2766 humanam
1060 2704 1183 2768 Christi
1196 2705 1290 2769 effor-

192 2806 295 2867 mavit
318 2806 350 2865 in
376 2812 470 2865 utero
495 2804 642 2883 Virginis
668 2815 701 2867 et
726 2825 800 2867 eam
816 2804 928 2867 Verbo
945 2806 1058 2870 univit.
1105 2807 1291 2891 Beruyerus

192 2910 267 2971 licet
292 2918 449 2970 aeternam
475 2907 577 2970 Verbi
601 2910 850 2989 generationem
867 2909 1022 2985 retinens,
1038 2911 1162 2991 pariter
1177 2913 1290 2975 docuit

82 3014 83 3017 ’
191 3010 353 3073 notionem
370 3031 436 3090 qua
453 3009 544 3071 Deus
561 3011 667 3073 univit
684 3020 836 3073 naturam
862 3011 1044 3074 humanam
1066 3012 1192 3076 Christi
1215 3036 1289 3077 curn

195 3113 305 3175 Verbo
321 3133 391 3174 esse
406 3133 518 3174 veram
535 3113 795 3193 generationem.

502 3275 539 3338 40
553 3261 702 3322 Recenm
717 3261 976 3323 Antitrz'nitariz'‚
1078 3344 1080 3348 7

233 3410 280 3477 27.
298 3395 587 3459 Sabellianismum
601 3394 671 3476 jam
688 3396 835 3476 poenitus
848 3393 1052 3459 exstindlum
1066 3395 1290 3458 refocillarunt

192 3501 412 3581 Protostontos
427 3497 578 3560 nonnulli
595 3506 629 3559 et
645 3498 883 3562 Rationalistae.

192 3605 242 3684 (a)
259 3604 350 3665 Inter
366 3602 545 3663 Novatores
557 3602 688 3663 unicam
703 3603 773 3664 dari
786 3603 817 3664 ln
833 3604 907 3665 Deo
920 3623 1095 3685 personam
1106 3604 1290 3666 docuerunt

191 3706 338 3767 Miclvnol
359 3705 521 3781 Servatus,
544 3705 678 3766 natione
704 3706 886 3786 Hispanus,
908 3707 964 3789 qui
985 3707 1140 3783 Genevae,
1156 3709 1290 3790 auspice

194 3807 340 3882 Calvin0,
364 3808 457 3869 vivus
482 3807 675 3869 combustus
700 3817 749 3869 est
775 3808 900 3891 (1533);
926 3809 1097 3872 Socinioni
1118 3809 1230 3885 etiam,
1246 3811 1290 3874 ita

228 4016 235 4037 1
249 3997 385 4051 Giintheri
398 4014 520 4050 errorem
533 3999 594 4052 fuse
607 3998 721 4067 exponit
731 4008 759 4052 et
769 3999 916 4068 impugnat
926 4000 1089 4067 Franzelin,
1098 4001 1134 4054 de
1144 4000 1210 4056 Deo
1218 4000 1290 4055 trino

193 4089 229 4140 th.
247 4088 289 4151 18;
308 4087 439 4140 eumdem
453 4088 611 4154 reprobavit
624 4090 697 4141 Pius
709 4089 764 4154 IX,
781 4089 855 4156 1857,
869 4105 912 4156 ap.
930 4089 1067 4158 Denztng.
1086 4101 1209 4157 150915.

226 4175 391 4228 ²Harduini
412 4185 439 4228 et
461 4174 606 4242 Berruyeri
628 4192 736 4229 errores
756 4175 817 4229 fuse
838 4185 1014 4242 exponuntur
1032 4185 1061 4228 et
1078 4175 1259 4230 confutantur
1274 4195 1291 4228 a

193 4263 331 4330 Legnond,
345 4263 381 4314 de
396 4262 593 4315 lncarnatione
607 4262 727 4331 (Mtgna
741 4262 838 4315 Theol.
853 4263 933 4316 Curs
949 4263 1000 4329 lX,
1016 4275 1082 4332 1027
1095 4262 1162 4332 sq.).
