2684 4634
194 168 251 217 DE
271 169 530 219 EXISTENTIA
548 171 688 220 TRIUM
710 171 1015 222 PERSONARUM.
1084 174 1148 223 207

301 290 541 298 -———-..—----..
745 291 754 296 -
763 292 791 297 ...ι
804 292 812 296 -
819 291 1058 298 ----,-.--.,
1072 291 1096 296 ...
1110 291 1124 295 -

46 359 204 414 mentum
222 352 310 414 enim
324 352 420 415 valde
430 353 609 434 probabile,
619 353 646 414 si
658 374 723 415 non
737 352 970 435 apodifiticum,
982 354 1151 417 exhibent.

50 452 87 513 ln
100 453 189 516 libro
201 455 479 530 Proverbterrem1,
490 457 561 518 haec
572 456 613 518 de
626 457 798 538 Sapientia
808 458 963 538 leguntur
977 481 982 520 :
1006 464 1022 489 “
1036 458 1151 519 Domi-

48 577 110 619 nus
120 559 272 638 possedit
292 581 342 621 me
364 561 396 622 in
420 560 515 623 initio
537 561 663 623 viarum
687 581 830 636 suarum,
853 570 1032 641 antequam
1056 560 1151 641 quid-

47 681 153 742 quam
171 661 294 725 faceret
310 684 330 725 a
341 663 521 745 principio:
545 665 586 726 ab
596 674 711 726 cetemo
723 664 875 726 ordinata
888 685 986 727 sum..
1002 666 1151 727 nondum

48 772 146 826 erant
164 765 276 846 abyssi
289 775 323 827 et
338 786 401 847 ego
414 766 483 848 jam
499 777 641 847 concepta
656 788 771 829 eram...
789 769 923 847 quando
940 768 1152 849 appendedat

49 864 274 930 fundamenta
290 877 394 944 terrae,
410 890 484 930 curn
502 890 542 931 eo
558 891 646 932 emm
663 872 776 932 cum‘ia
790 872 1018 951 componens...''
1067 873 1151 932 Item

50 970 81 1030 in
100 968 189 1032 libro
206 971 445 1049 Ecclestiestici2,
464 972 636 1054 Sapientia
652 974 694 1035 de
710 994 744 1034 se
762 975 833 1055 ipsa
849 976 952 1037 dicit:
987 975 1092 1056 “Ego
1108 995 1152 1034 ex

51 1093 105 1134 ore
122 1073 279 1162 altissimi
303 1075 439 1155 prodivi,
456 1076 677 1157 prienogem'm
700 1084 777 1137 ante
800 1096 934 1138 omnem
959 1087 1152 1152 creaturam,

51 1197 114 1258 ego
120 1179 195 1257 feci
211 1180 245 1241 in
260 1179 344 1242 ecelis
360 1189 397 1242 ut
410 1181 553 1243 oriretur
565 1181 672 1242 lumen
690 1178 903 1243 indeficiens”
920 1187 979 1241 etc.
1028 1180 1084 1241 Ex
1101 1179 1152 1239 his

51 1281 206 1345 textibus
222 1286 289 1346 duo
306 1283 501 1346 concludere
518 1283 614 1346 licet:

94 1384 159 1466 (A)
175 1386 357 1468 Sapientia,
372 1388 414 1450 de
430 1391 496 1468 qua
511 1387 564 1448 hic
580 1387 697 1468 agitur,
714 1397 765 1449 est
781 1407 858 1448 vera
874 1397 1013 1466 persona
1037 1408 1057 1448 a
1081 1387 1154 1448 Deo

52 1488 219 1564 distinete,
236 1511 313 1552 nam
330 1491 449 1553 dicitur
459 1490 573 1571 genita
587 1512 608 1551 a
624 1491 714 1562 Dm,-
737 1511 804 1551 vox
822 1490 911 1551 enim
921 1490 1063 1570 possedit
1085 1489 1154 1568 (he-

53 1592 165 1655 braice
187 1594 329 1676 kannei)
352 1615 440 1676 saepe
464 1595 583 1676 saepius
607 1592 780 1655 adhibetur
803 1595 835 1654 in
861 1594 893 1656 S.
918 1594 1088 1675 Scripturat
1111 1592 1153 1654 ad

54 1695 298 1776 designandam
314 1698 575 1780 generationem3
591 1697 637 1758 sic
653 1718 681 1758 v.
698 1717 726 1777 g.
767 1696 847 1771 Eva,
863 1697 998 1776 quando
1014 1697 1153 1760 Cainum

55 1801 193 1880 peperit,
218 1801 327 1864 dixit:
362 1802 522 1883 “possedi
545 1800 713 1862 hominem
738 1821 795 1882 per
820 1800 929 1861 Deum
940 1801 982 1862 ”3.
1029 1798 1155 1862 Confir-

57 1912 165 1965 matur
181 1924 226 1965 ex
242 1915 414 1981 contextu,
430 1905 485 1968 ubi
502 1904 689 1967 declaratur
711 1904 908 1985 sapientiam
933 1902 1033 1965 fuisse
1056 1923 1155 1964 cence-

50 2015 155 2084 ptam,
171 2028 193 2068 a
210 2006 277 2070 Deo
292 2028 364 2070 esse
372 2007 627 2089 primogenitam
643 2031 655 2069 .·
677 2027 776 2088 porro
793 2007 877 2069 inter
892 2015 1106 2086 generantem
1123 2015 1156 2066 et

57 2109 210 2188 genitum
237 2110 337 2173 debet
360 2131 432 2173 esse
455 2106 624 2173 distinetio
648 2109 751 2171 realis.
799 2111 962 2185 Praeterea
985 2128 1083 2170 nemo
1106 2119 1157 2171 est

58 2214 111 2292 qui
129 2233 198 2274 non
217 2214 328 2277 videat
345 2214 552 2296 Sapientiam
569 2213 622 2274 hic
639 2223 945 2288 commemoratam,
962 2212 1042 2274 nihil
1066 2212 1154 2274 aliud

58 2337 127 2378 esse
145 2318 209 2378 nisi
227 2313 321 2402 λόγον,
338 2338 393 2380 seu
418 2317 564 2393 Verbum,
580 2321 621 2379 de
644 2338 711 2398 quo
734 2319 880 2398 Joannes
904 2325 973 2378 tam
998 2316 1154 2397 praeclare

58 2421 192 2483 disserit
214 2421 328 2502 (infra,
351 2443 381 2484 n.
404 2421 519 2503 68-69)
542 2430 640 2503 prout
663 2424 805 2502 persona
829 2442 848 2481 a
874 2421 969 2481 Patre
991 2417 1156 2482 distinete.

60 2525 209 2587 Aliunde
225 2525 372 2607 plerique
388 2527 515 2603 Patres,
532 2526 657 2588 scilicet
673 2525 849 2607 plusquam
866 2524 982 2605 viginti
999 2523 1041 2585 ab
1059 2523 1156 2586 Athe-

60 2651 183 2711 nagora
200 2630 242 2692 ad
259 2630 494 2711 Augustinum,
512 2630 650 2712 praefata
666 2629 766 2691 verba
783 2627 958 2691 audierunt
981 2629 1023 2690 de
1046 2627 1159 2689 divina

59 2737 203 2814 persona
233 2753 253 2796 a
283 2735 380 2796 Patre
410 2731 576 2808 distinfta,
600 2733 676 2795 licet
699 2732 795 2813 pauci
820 2734 861 2794 de
886 2750 976 2792 mero
999 2730 1159 2792 attributo

58 2839 174 2901 divino
191 2858 231 2900 ea
247 2837 497 2901 intellexerintt

104 2941 169 3029 (B)
188 2942 317 3005 Eadem
331 2942 503 3024 Sapientia
513 2951 562 3004 est
573 2941 709 3023 [equalis
718 2941 801 3014 Dm,-
825 2959 902 3000 nam
917 2939 978 3021 ipsi
996 2938 1160 3016 tribuitur3

62 3048 109 3128 (a)
152 3046 212 3110 Vis
233 3047 397 3109 create'va:
419 3046 533 3110 “Cum
556 3065 596 3106 eo
619 3065 709 3107 eram
733 3045 845 3106 cundia
867 3053 1074 3124 compmmns...
1098 3063 1160 3122 ego

50 3150 121 3229 feci
133 3160 173 3212 ut
186 3149 328 3213 oriretur
340 3150 490 3212 lumen...⁵
534 3147 585 3230 (b)
601 3147 789 3210 AEterm'las
800 3171 811 3210 :
836 3152 853 3178 ‘⁸
864 3146 893 3207 Α
899 3146 917 3207 b
932 3155 1049 3208 (eterno
1071 3146 1158 3207 ordi-

60 3265 140 3317 nata
170 3273 270 3316 sum...
302 3253 525 3334 primogenita
555 3262 629 3313 ante
658 3272 782 3312 emnem
812 3248 1063 3311 creaturam...’'⁶
1100 3258 1158 3309 etc.

59 3359 105 3441 (c)
125 3357 324 3439 Supremam
340 3347 518 3420 deminium
535 3357 635 3418 etiam
652 3374 750 3435 super
763 3374 875 3434 reges:
900 3355 989 3414 “Per
1003 3372 1055 3413 me
1068 3371 1160 3431 reges

59 3469 212 3544 regnant,
229 3470 263 3524 et
279 3461 389 3542 legum
406 3460 594 3522 conditores
615 3456 705 3540 justa
728 3453 960 3518 decernu‘nt'’⁷.
977 3488 1020 3498 —
1037 3453 1161 3533 Objici-

59 3575 113 3629 tur
129 3563 268 3648 quidem
285 3564 317 3626 in
334 3572 431 3627 textu
448 3583 556 3645 graeco
582 3559 833 3623 Proverbiorum
858 3558 941 3638 legi:
966 3557 1162 3618 “Dominus

58 3669 186 3732 creavit
207 3688 270 3744 me,
292 3666 386 3729 ἔκτισε
394 3689 402 3745 ;
424 3685 523 3748 porro
546 3663 671 3744 aliquid
696 3671 842 3725 creatum
867 3682 932 3722 non
957 3669 1068 3743 potest
1091 3680 1162 3721 esse

94 3867 397 3933 ¹Prev.VllI‚22-31.
438 3885 439 3888 ¹

93 3955 206 4009 'Ecclzl
218 3954 327 4018 XXIV,
341 3966 414 4022 5-323
433 3952 467 4006 cf.
477 3953 543 4021 Sap.
555 3953 607 4019 Vl,
616 3967 650 4018 24
659 3969 713 4021 sq.;
734 3951 856 4016 Baruelt,
870 3950 924 4016 ΙΙΙ,
936 3950 1008 4018 9-38.

94 4038 185 4097 ³Gen.
199 4042 249 4104 lV,
263 4058 284 4095 1.
868 4097 872 4102 ,
985 4049 987 4053 ’

93 4127 156 4187 ⁴cf.
168 4130 291 4196 Patriei,
300 4128 336 4183 de
348 4129 493 4199 interpret.
506 4127 604 4196 Script.
614 4128 630 4181 1.
642 4129 682 4192 ΙΙ,
693 4144 719 4196 q.
730 4142 753 4194 2,
767 4144 793 4180 n.
810 4140 846 4178 ιο.

94 4216 204 4273 'From
215 4218 301 4284 VIII,
311 4231 356 4285 303
374 4215 462 4269 Eccli.
475 4216 584 4280 XXIV,
592 4217 616 4267 6.

95 4301 300 4371 6ΡωνΝΙΙΙ,
314 4318 359 4373 233
378 4304 465 4363 Ecclzf.
479 4304 586 4369 XXIV,
598 4315 618 4370 5.
631 4333 663 4340 —-
673 4305 682 4336 ⁷
692 4304 778 4356 Prov.
790 4302 873 4364 VIII,
886 4315 925 4369 15.
