2684 4634
56 114 113 165 DE
131 114 452 166 RELATIONIBUS
470 111 725 163 mvntartUM
745 112 1052 162 PERSONARUM.
1089 113 1155 162 257

98 294 168 364 168.
217 296 422 363 Corollaria:
445 297 505 380 (A)
529 297 568 359 ln
584 296 763 359 collatione
779 296 1070 359 Sacramentorum
1088 313 1153 356 non

53 410 104 465 est
121 401 239 464 missio
253 402 391 465 visibilis
408 402 550 485 Spiritus
567 401 599 465 S.
615 402 694 483 quia
708 400 840 482 signum
857 399 1011 461 sensibile
1027 393 1154 459 adhibi-

54 513 127 567 tum
144 525 214 567 non
229 516 281 569 est
296 526 419 570 novum
442 526 504 569 nec
519 505 829 580 extraordinarium,
843 504 900 567 sed
917 502 1024 565 solum
1042 501 1154 564 missio

55 607 241 686 invisibilis,
254 619 419 691 quatenus
433 631 492 693 per
507 631 546 673 ea
561 611 669 691 gratia
682 608 860 672 habitualis
875 607 1047 669 confertur.

97 713 161 794 (Β)
178 713 250 778 Sub
272 706 409 796 antiqua
435 714 508 796 lege
531 736 597 778 non
622 714 798 777 adfuerunt
821 713 995 775 missiones
1010 710 1155 772 visibiles

56 814 203 897 Spiritus
221 817 262 892 S,
278 817 355 898 quia
369 819 587 881 conveniebat
611 828 647 881 ut
664 818 766 880 Filius
782 817 872 899 prius
888 813 1155 877 manifestaretur

55 937 158 998 quam
177 918 327 1000 Spiritus.
374 921 522 984 Fuemnt
545 923 679 1003 quidem
701 921 924 1003 apparitiones
950 919 1080 994 divinae,
1095 917 1153 979 sed

56 1041 122 1083 non
133 1021 261 1086 diredte
270 1024 312 1087 ad
325 1022 620 1090 sandtificationem
633 1025 885 1109 significandam
902 1033 959 1086 aut
971 1023 1154 1105 producen-

56 1124 133 1186 dam
152 1127 212 1188 sed
234 1128 275 1189 ad
295 1128 419 1209 aliquid
436 1129 525 1193 aliud
549 1129 840 1203 manifestandum,
862 1148 982 1208 nempe
1005 1127 1046 1188 ad
1068 1125 1153 1186 desi-

57 1231 230 1310 gnandam
247 1230 446 1296 Trinitatem
463 1244 520 1297 aut
535 1235 660 1315 aliquid
677 1233 867 1314 hujusmodi
883 1234 936 1314 (S.
958 1232 1014 1294 er.
1030 1232 1049 1294 l.
1065 1233 1110 1312 c).

454 1366 618 1423 Corollaria
625 1366 744 1438 pietatis
751 1379 768 1423 ¹.

92 1474 150 1536 1⁶9·
190 1471 240 1540 (A)
261 1472 390 1531 “Nemo
409 1484 469 1532 tam
489 1475 564 1547 pius,
580 1486 639 1533 tam
663 1485 746 1547 pater
765 1492 854 1534 nemo
873 1492 961 1546 quam
979 1475 1060 1531 Deus
1074 1474 1098 1544 '’,
1114 1474 1155 1530 ait

60 1557 280 1627 Tertulltanus,·
298 1561 483 1634 proindeque
502 1581 571 1620 eum
590 1574 622 1622 ut
639 1565 756 1622 Patrem
775 1581 936 1634 agnoscere
949 1562 1103 1632 debemus,
1119 1579 1155 1619 eo

57 1645 153 1717 magis
172 1647 243 1718 quia
262 1649 425 1708 voluntarie
443 1652 546 1723 genuit
565 1670 619 1709 nos
645 1651 735 1709 verbo
761 1651 898 1709 veritatis.
938 1650 1016 1708 Cum
1036 1649 1155 1708 Christo

56 1745 127 1800 ergo
141 1728 296 1789 dicamus:
318 1732 511 1792 “honorifico
522 1734 638 1792 Patrem
647 1735 689 1807 ’Ἢ
708 1736 790 1806 quod
804 1736 1025 1807 praestabimus:
1045 1738 1085 1808 (a)
1094 1755 1154 1793 con·

49 1816 176 1887 fessrime
188 1819 285 1876 laudis
303 1821 509 1894 etgralt'arum
528 1821 637 1879 aliione
650 1844 660 1878 .·
682 1823 885 1901 “Confitebor
903 1824 965 1893 tibi,
984 1825 1077 1895 Pater,
1096 1825 1155 1882 Do·

56 1904 140 1962 mine
154 1905 222 1963 coeli
235 1917 265 1965 et
277 1909 399 1967 terrae'’³
489 1913 506 1939 “
519 1911 612 1982 Pater,
628 1911 735 1982 gratias
747 1929 805 1983 ago
823 1912 876 1969 tibi
888 1913 1031 1985 quoniam
1048 1912 1155 1971 audisti

57 2010 105 2051 me
113 1993 166 2062 ”⁴3
185 1994 226 2064 (b)
239 2013 334 2055 amore
345 1998 539 2070 erdileaione,
551 2017 619 2071 quae
632 2017 692 2057 non
706 2000 802 2058 verbis
816 2011 930 2059 tantum
949 2002 1002 2061 sed
1016 2011 1045 2060 et
1057 2002 1155 2059 volun-

57 2079 129 2137 tatis
140 2081 337 2153 confirmitate
349 2087 548 2146 manifestetur
561 2109 567 2145 :
593 2091 654 2146 “ut
667 2100 827 2160 cognoscat
840 2089 970 2151 mundus
983 2090 1052 2161 quia
1064 2090 1156 2162 diligo

59 2167 188 2239 Patrem,
205 2178 234 2226 et
247 2171 322 2229 sicut
339 2173 515 2232 mandatum
534 2175 618 2233 dedit
637 2176 708 2232 mihi
723 2178 816 2248 Pater,
834 2178 875 2235 sie
894 2179 1009 2236 tacio”⁶
1016 2199 1023 2250 3
1050 2179 1088 2250 (c)
1101 2177 1158 2234 arlo

55 2253 160 2324 gloria
171 2255 256 2401 Egi·
282 2257 488 2320 “nesciebatis
501 2263 570 2335 quia
584 2263 613 2320 in
626 2263 672 2321 his
685 2282 752 2337 quae
766 2266 860 2323 Patris
873 2265 931 2324 mei
951 2277 1019 2324 sunt
1038 2274 1156 2338 oportet

59 2358 107 2399 me
117 2358 186 2399 esse

96 2463 152 2520 170·
192 2455 241 2524 (Β)
255 2454 310 2513 Ille
328 2455 408 2515 idem
428 2459 477 2530 qui
498 2459 527 2517 in
542 2461 706 2519 aeternitate
720 2462 811 2520 Filius
826 2462 881 2521 Dei
902 2471 946 2519 est
960 2480 1021 2519 non
1035 2463 1158 2519 confun.

60 2540 142 2599 ditur
153 2557 209 2600 nos
221 2560 327 2602 vocare
339 2544 440 2603 fratres
447 2566 456 2618 ;
473 2564 542 2606 cum
552 2559 629 2607 esset
642 2549 722 2606 solus
733 2549 789 2607 Dei
804 2549 903 2619 haeres,
920 2559 949 2606 et
963 2549 1040 2606 filius
1054 2551 1157 2607 unicus

60 2646 113 2700 per
125 2638 270 2701 naturam,
287 2650 341 2690 nos
354 2632 431 2691 filios
445 2634 537 2693 voluit
555 2652 618 2693 esse
631 2653 684 2707 per
695 2636 827 2706 gratiam,
844 2635 895 2707 qui
910 2636 1014 2692 natura
1033 2636 1084 2692 filii
1098 2654 1157 2693 era-

61 2732 129 2772 mus
141 2714 263 2775 diaboli.
302 2718 417 2791 injuste
424 2731 524 2779 tamen
535 2739 644 2779 nomen
656 2722 775 2780 fratrum
786 2723 895 2783 Christi
909 2741 1094 2795 usurpamus,
1103 2722 1158 2778 nisi

60 2802 121 2860 vita
135 2813 236 2861 nostra
247 2804 355 2864 divinae
364 2809 562 2880 generationis
575 2811 718 2883 exprimat
730 2810 923 2878 charaeteres,
935 2810 1154 2881 Christumque,

61 2891 294 2963 primogenitum
305 2892 335 2951 in
347 2895 447 2954 multis
460 2896 604 2967 fratribus,
621 2915 675 2969 pro
688 2916 775 2969 posse
788 2900 934 2958 imitemur
948 2921 954 2957 :
981 2902 997 2929 “
1007 2899 1065 2956 hoc
1077 2899 1158 2956 enim

60 2978 170 3037 sentite
183 2978 213 3036 in
226 2978 311 3039 vobis
323 2981 407 3054 quod
418 2993 448 3042 et
461 2983 491 3041 in
504 2983 624 3043 Christo
637 2985 708 3056 Jesu
718 2986 748 3044 ”⁷

97 3099 155 3157 ¹7¹·
195 3087 245 3159 (cl
265 3089 313 3149 De
331 3093 502 3152 muneribus
522 3112 589 3166 quae
609 3093 734 3166 Spiritus
754 3095 782 3152 in
810 3096 944 3154 Ecclesia
966 3095 1111 3168 adimplet
1130 3106 1159 3154 et

59 3176 168 3235 officiis
180 3193 248 3249 quae
265 3179 320 3252 ipsi
333 3180 446 3242 solvere
455 3183 609 3254 debemus,
626 3184 765 3255 praeclare
778 3185 879 3242 scribit
893 3186 922 3242 S.
938 3185 1139 3256 Augustinusss
1149 3206 1159 3240 .·

60 3263 172 3324 “Sicut
184 3263 303 3339 spiritus
316 3278 415 3329 nostra
428 3271 530 3329 omnia
543 3270 676 3328 membra
690 3281 813 3343 vegetat,
825 3289 877 3344 per
890 3272 993 3329 oculos
1007 3273 1096 3343 videt,
1108 3290 1160 3343 per

59 3369 147 3412 aures
159 3353 253 3425 audit,
269 3371 322 3426 per
338 3373 423 3416 nares
435 3357 544 3430 olfacit,
560 3376 613 3430 per
625 3358 756 3429 linguam
769 3358 908 3431 loquitur,
925 3369 991 3428 etc,
1003 3358 1093 3417 vitam
1108 3359 1160 3415 dat

59 3438 213 3507 omnibus,
228 3440 324 3500 officia
332 3442 455 3516 singulis
468 3465 474 3502 :
494 3445 536 3504 sic
549 3456 593 3504 est
606 3445 730 3518 Spiritus
744 3447 773 3503 in
787 3449 849 3504 tota
864 3447 1003 3504 Ecclesia.
1044 3447 1081 3502 In
1096 3446 1159 3503 aliis

59 3524 173 3584 sanetis
194 3525 264 3586 facit
281 3528 429 3603 miracula,
447 3531 475 3589 in
496 3532 560 3590 aliis
578 3533 708 3604 loquitur
727 3534 894 3604 veritatem,
922 3533 951 3589 in
970 3532 1034 3590 aliis
1047 3532 1113 3603 hoc,
1129 3533 1159 3589 in

59 3615 126 3674 aliis
137 3614 222 3686 illud,
234 3615 341 3691 singuli
352 3618 471 3692 propria
483 3630 648 3692 operantur,
665 3620 718 3678 sed
731 3621 838 3692 pariter
846 3620 957 3677 vivunt.
990 3619 1049 3677 Sed
1063 3619 1160 3677 videte

95 3796 158 3854 ¹Cf.
175 3799 337 3867 (artemon,
349 3804 392 3869 op.
407 3802 453 3855 cit.
477 3801 494 3854 Ι.
512 3802 568 3868 ΙΙΙ,
581 3800 634 3856 dis.
653 3802 701 3868 IV,
716 3817 740 3855 c.
761 3815 782 3867 1,
801 3816 875 3869 spec.
899 3812 922 3866 3,
940 3798 1067 3862 reflexio;
1095 3815 1119 3852 c.
1136 3812 1160 3865 2,

61 3900 179 4043 spSJod:
195 3973 280 4040 Vlll,
290 3988 331 4042 49.
346 4004 379 4013 -
392 3976 498 4028 3ΜαΙΙ.
516 3975 568 4041 ΧΙ,
582 3943 624 4042 2¹5.
640 4005 675 4013 -
686 3973 766 4043 ⁴Joa.
783 3973 835 4041 Xl,
848 3987 890 4038 41.

95 4061 175 4132 ³J0a.
190 4061 270 4127 XIV,
284 4074 325 4128 31.
339 4090 374 4100 —
385 4058 468 4116 “Lan
485 4063 524 4128 ll,
537 4075 580 4129 49.
597 4091 631 4099 -
642 4058 768 4128 ⁷Plzilip.
785 4060 824 4127 ll,
842 4070 865 4127 5.

95 4152 150 4203 ⁸5.
165 4148 290 4216 August.
305 4147 391 4203 Serm.
414 4148 464 4202 186
477 4147 512 4201 de
531 4157 614 4216 temp.
654 4147 699 4200 De
718 4144 868 4200 devotione
887 4159 954 4211 erga
974 4140 1108 4210 Spiritum
1127 4141 1157 4195 S.

61 4235 199 4308 praeclare
211 4232 309 4289 scribit
321 4234 352 4288 C.
361 4234 514 4304 Manabat,
527 4233 650 4288 lntemal
662 4231 780 4285 Mission
793 4230 824 4285 of
834 4229 881 4285 the
897 4230 934 4282 H.
948 4229 1046 4295 Ghost,
1062 4227 1158 4281 XVII.

181 4350 309 4397 Sruorrrs
319 4348 351 4396 n.
363 4372 386 4384 —
403 4362 433 4408 17
