2684 4634
120 192 187 242 302
340 238 342 242 ,
579 192 717 243 CAPUT
736 194 776 243 11.

42 379 44 383 ’
119 370 269 428 actionem
283 381 311 428 et
324 370 397 428 alios
410 372 564 443 ducentes,
578 381 606 430 et
621 371 678 429 hoc
693 372 820 443 pertinet
832 371 871 429 ad
881 371 1085 442 Principum&
1096 370 1141 428 alii
1151 387 1203 428 vero

115 469 188 516 sunt
204 459 255 530 qui
274 459 447 530 simpliciter
463 470 671 531 exsequuntur,
692 471 720 517 et
739 460 796 516 hoc
818 459 945 531 pertinet
964 458 1004 516 ad
1025 456 1202 530 Angelos-alii

120 562 189 602 vero
212 545 312 602 medio
326 546 418 603 modo
432 564 463 603 se
477 546 595 616 habent,
617 547 700 618 quod
713 549 750 604 ad
767 547 959 617 Archangelos
972 547 1109 617 pertinet.
1146 546 1202 602 Haec

120 633 273 704 ingeniosa
286 633 417 704 quidem,
431 635 483 692 sed
498 652 558 690 non
573 643 660 691 certa.

320 805 406 881 Art.
428 804 478 880 II.
503 805 565 880 De
585 803 753 901 Angelis
772 802 1028 880 custodibus.1
1050 815 1053 820 ’

162 981 210 1059 78.
257 981 380 1063 Angeli
398 965 475 1044 boni
491 982 564 1044 Deo
576 985 735 1045 assistunt
752 982 783 1041 in
801 979 1044 1062 gubernatione
1062 981 1169 1043 mundi
1181 987 1205 1040 et

119 1084 289 1147 hominum
304 1068 455 1147 custodia
470 1110 475 1147 :
500 1086 647 1148 dicemus
660 1087 760 1166 igitur
771 1084 814 1144 de
828 1083 1035 1164 Angelorum
1049 1085 1205 1147 custodum

119 1186 295 1262 existentici,
318 1189 360 1249 de
385 1206 498 1251 eorum
520 1210 598 1271 erga
622 1210 683 1252 nos
710 1187 874 1268 obsequiis,
895 1207 1026 1250 necnon
1051 1190 1094 1250 de
1117 1188 1207 1271 officiis

119 1310 194 1369 quae
210 1311 288 1371 erga
304 1311 360 1353 eos
376 1293 557 1373 adimplere
574 1303 733 1354 tenemur.

287 1465 319 1547 l.
344 1463 560 1520 Existentia
584 1463 816 1533 Angelorum
840 1462 1060 1524 custodum.

413 1675 416 1680 .
434 1604 465 1651 10
484 1591 601 1668 Quoad
612 1592 757 1672 singulos
771 1591 920 1654 hanzines.

162 1739 206 1809 79<
262 1727 291 1788 T
289 1727 373 1788 laesis
389 1751 400 1789 .·
424 1730 547 1794 Sancti
568 1730 697 1808 Angeli
720 1730 941 1808 deputantur
962 1731 997 1794 in
1020 1731 1211 1796 custodiam
1248 1772 1251 1787 .

119 1834 304 1898 hominum
326 1834 503 1897 viatorum
519 1829 552 1910 (i.
569 1850 594 1890 e.
612 1830 644 1889 in
665 1838 751 1890 terra
772 1828 976 1909 viventium).
1027 1827 1212 1898 Certamen,
1247 1854 1251 1891 l

120 1932 187 1993 imo
200 1933 300 2013 juxta
316 1932 447 2007 multos,
463 1932 585 2015 defide,
601 1943 735 2014 propter
756 1933 999 2013 institutionem
1017 1931 1094 1995 festi
1111 1933 1211 2012 Ange·
1248 1938 1251 1959 ²

119 2035 225 2097 lorum
243 2036 426 2105 custodum.
1242 1966 1251 2105 l

161 2146 220 2237 8ο,Ι
256 2168 795 2249 Proh.scrzpt.(a)1nl>salmn2
818 2177 931 2247 aperte
954 2167 1096 2230 dicitur:
1123 2173 1139 2198 “
1150 2167 1211 2229 An·
1249 2174 1251 2205 ²

119 2272 200 2352 gelis
216 2273 283 2333 suis
299 2273 470 2339 mandavit
493 2273 534 2332 de
558 2281 599 2346 te,
616 2281 651 2332 ut
668 2272 858 2332 custodiant
879 2279 911 2332 te
931 2270 963 2331 in
985 2271 1142 2334 omnibus
1161 2270 1211 2331 viis

118 2376 184 2437 tuis
197 2375 212 2400 ”
226 2397 232 2451 ;
256 2376 347 2455 atqui
364 2374 419 2435 illa
434 2363 534 2437 verba
550 2376 738 2439 referuntur·
751 2377 792 2437 ad
809 2395 920 2436 omnes
929 2374 1039 2455 justos
1052 2375 1109 2455 qui
1122 2372 1210 2436 confi-

118 2480 202 2540 dunt
225 2480 257 2539 in
283 2479 402 2552 Deum,
419 2489 454 2540 ut
470 2490 563 2560 patet
587 2500 629 2540 ex
658 2480 753 2540 initio
778 2480 909 2554 Psalmi,
925 2487 958 2539 et
973 2480 1144 2541 communi
1162 2479 1209 2538 Pa-

118 2592 204 2644 trum
222 2583 501 2662 interpretatione.
542 2583 632 2662 Ergo
653 2582 698 2644 illi
721 2603 837 2643 omnes
857 2582 982 2643 habent
999 2580 1150 2662 Angelos
1165 2601 1209 2642 cu-

118 2687 238 2747 stodes

118 2790 168 2870 (b)
186 2790 335 2853 Christus
352 2791 421 2870 ipse
438 2792 470 2850 in
489 2789 696 2870 Evangeli03
710 2798 823 2849 monet
840 2807 958 2868 pueros
975 2786 1113 2848 minime
1128 2805 1209 2848 scan-

117 2893 310 2956 dalizandos
327 2915 407 2968 esse,
424 2895 501 2973 quia
516 2899 531 2924 “
544 2893 666 2972 Angeli
683 2912 796 2954 eorum
814 2891 846 2971 (i.
858 2911 883 2951 e.
897 2890 952 2971 qui
969 2889 1110 2970 vigilant
1125 2905 1210 2969 super

118 2996 221 3076 ipsos)
237 3017 367 3075 semper
383 2997 496 3057 vident
514 2995 630 3056 faciem
649 2995 754 3056 Patris
768 2995 790 3055 ’'.
838 2992 923 3072 Quae
940 2992 1040 3053 verba
1058 2993 1094 3055 S.
1106 2992 1209 3054 Hieru-

118 3121 233 3178 nymus
253 3119 426 3179 exponens
450 3099 497 3176 (in
515 3099 544 3159 h.
561 3098 637 3178 loc.)
662 3099 728 3159 ait:
753 3098 907 3175 “Magna
927 3094 1074 3175 dignitas
1096 3096 1210 3157 amma-

118 3224 198 3277 rum,
216 3213 252 3264 ut
268 3223 475 3283 unaquaeque
491 3202 613 3263 habeat
629 3203 759 3264 abortu
784 3199 966 3264 nativitatis
984 3199 1015 3259 in
1034 3199 1209 3261 custodiam

117 3308 166 3368 sui
186 3306 352 3387 Angelum
369 3306 559 3386 delegatum
570 3307 594 3368 ''.

117 3410 165 3490 (c)
185 3411 268 3471 Item
288 3408 470 3489 Apostolus
484 3422 496 3461 4
512 3419 625 3488 aperte
648 3407 793 3469 declarat
819 3407 967 3488 Angelos
988 3427 1060 3468 esse
1082 3406 1211 3469 admini-

117 3523 273 3574 stratores
300 3512 433 3592 spiritus
457 3534 476 3572 a
505 3513 578 3573 Deo
603 3513 730 3586 missos,
746 3514 787 3573 ad
816 3513 1020 3593 vigilandum
1044 3531 1143 3590 super
1164 3528 1211 3570 eos

55 3677 57 3680 Α
116 3617 276 3689 homines
292 3616 347 3696 qui
374 3616 584 3678 destinantur
603 3618 643 3676 ad
667 3616 810 3678 coelum:
834 3617 984 3678 “Nonne
1007 3635 1124 3677 omnes
1145 3621 1212 3675 sunt

117 3720 388 3782 administratorii
406 3720 549 3798 spiritus
561 3719 591 3779 in
607 3718 825 3779 ministerium
841 3718 940 3792 missi,
952 3725 1088 3798 propter
1099 3713 1214 3795 eosqui

116 3825 333 3887 hereditatem
352 3825 483 3905 capient
500 3822 615 3884 salutis
627 3823 665 3883 ’'?
688 3821 772 3903 Quae
785 3822 885 3883 verba
897 3820 1119 3883 communiter
1128 3818 1215 3881 intel·

152 4069 158 4089 1
174 4042 215 4094 Cf.
233 4043 261 4093 S.
280 4042 306 4093 T
304 4042 376 4094 lieni.
396 4041 416 4105 Ι,
431 4058 457 4109 q.
477 4056 537 4108 1133
558 4040 675 4106 Saurea,
692 4039 727 4091 de
747 4037 870 4105 Angelis,
887 4035 903 4087 l.
918 4036 968 4101 VI,
989 4051 1013 4088 c.
1032 4047 1124 4104 17·19;
1143 4037 1217 4088 Pela-

116 4132 189 4192 ru'us,
199 4129 234 4180 de
248 4127 372 4194 Angelis,
382 4129 399 4180 l.
414 4129 451 4192 ll,
463 4145 484 4180 c.
495 4141 569 4191 7-10;
585 4126 735 4192 Mursella,
747 4142 772 4177 n.
782 4140 834 4189 444
848 4141 900 4193 sq.;
916 4123 1064 4187 Palmam,
1080 4124 1118 4177 th.
1131 4126 1218 4180 61-62;

117 4217 211 4281 Pesclt,
226 4233 251 4267 n.
269 4229 320 4280 403
335 4233 391 4283 sq.;
409 4217 435 4266 T
432 4219 485 4283 epe,
500 4232 525 4267 n.
540 4216 591 4281 938
606 4231 647 4281 sq.

153 4301 221 4355 Ἣ.
240 4304 299 4369 XC,
321 4318 405 4354 11·12.
422 4334 448 4339 —
468 4299 574 4354 ³Matt.
593 4301 704 4366 XVIII,
725 4296 935 4353 10.--⁴Hebr.
955 4300 1033 4366 l,14.
