2684 4634
197 176 257 225 108
645 174 784 224 CAPUT
802 174 844 223 11.

195 354 294 432 dens;
317 354 410 435 atqui
426 354 458 416 in
477 355 552 416 Deo
568 365 701 418 nonest
724 349 1039 435 compositio'adtlls
1062 361 1096 413 et
1119 351 1294 432 potentiae;

195 479 290 540 erg03
305 496 348 505 —
364 478 462 538 neque
477 457 638 532 indirecte,
654 458 739 520 sicut
755 457 916 539 principia
931 477 1007 538 quae
1022 456 1065 518 ad
1081 454 1219 536 aliquod
1242 473 1293 534 ge-

196 580 258 623 nus
275 561 493 637 reducuntur;
517 580 594 622 nam
616 560 828 642 principium,
850 559 941 640 quod
964 559 1006 620 ad
1031 557 1167 638 aliquod
1192 574 1293 638 genus

195 663 370 738 reducitur,
393 682 459 725 non
484 683 519 725 se
542 663 694 729 extendit
718 660 803 724 ultra
827 661 916 736 illud,
940 660 1020 723 dum
1046 660 1138 722 Deus
1162 679 1183 721 a
1205 657 1294 720 nullo

194 786 314 846 genere
338 765 508 840 limitatur,
531 765 589 826 sed
614 785 686 827 sese
709 763 863 826 extendit
886 764 928 825 ad
960 781 1060 824 omne
1091 782 1158 824 ens.
1207 761 1293 823 Hinc

196 870 288 931 Deus
305 877 356 950 est
367 867 505 948 quidem
522 888 585 943 ens,
597 868 655 929 sed
673 868 774 929 modo
787 886 919 947 prorsus
932 865 1061 927 diverso
1073 885 1113 927 ac
1125 873 1293 940 creaturae;

195 973 358 1054 siquidem
375 981 425 1035 est
440 992 500 1034 ens
517 970 692 1046 infinitum,
708 993 728 1033 a
743 991 778 1032 se
793 970 986 1044 subsistens,
1002 968 1291 1050 imparticipatum,

195 1074 426 1151 necessarium,
442 1075 522 1136 dum
546 1083 706 1137 creaturae
728 1083 807 1136 sunt
830 1074 920 1136 entia
944 1072 1046 1147 finita,
1061 1072 1293 1160 dependentia,

194 1177 431 1260 contingentia.
478 1178 603 1240 Iterum
622 1178 715 1238 Deus
738 1184 788 1238 est
810 1175 1001 1250 substantia,
1017 1176 1075 1238 sed
1099 1175 1202 1236 modo
1225 1194 1292 1256 per-

195 1278 321 1344 sedliori
338 1301 437 1363 quam
455 1289 613 1342 creaturae
622 1302 629 1357 ;
652 1278 804 1342 subsistit
820 1278 908 1341 enim
926 1301 945 1341 a
961 1299 1005 1355 se,
1021 1299 1079 1360 per
1094 1298 1138 1352 se,
1155 1287 1189 1340 et
1204 1278 1237 1338 in
1253 1297 1293 1349 se,

194 1385 275 1446 dum
292 1382 488 1446 substantiae
504 1391 624 1445 creatae
641 1402 707 1444 non
732 1403 752 1443 a
775 1402 819 1458 se,
835 1383 894 1444 sed
918 1403 937 1444 a
962 1381 1036 1443 Deo
1060 1381 1230 1461 accipiunt
1252 1400 1292 1441 ex

195 1507 261 1568 quo
278 1486 455 1549 subsistere
471 1485 631 1549 valeant1.
680 1486 769 1547 Hinc
786 1486 909 1566 pariter
932 1484 1053 1547 divinae
1077 1480 1293 1566 perfectiones

195 1590 326 1652 nonnisi
343 1589 515 1671 analogice
531 1588 689 1652 creaturis
707 1587 942 1650 communicari
959 1596 1108 1669 possunt.

228 1737 268 1790 28
307 1751 335 1804 3⁰
347 1733 423 1792 Solu.
438 1733 524 1806 diffic.
565 1733 717 1805 Scriptura
729 1733 886 1793 manifeste
898 1736 1043 1809 supponit
1058 1736 1158 1794 Deum
1170 1752 1237 1793 esse
1250 1753 1295 1792 ex·

194 1832 321 1892 tensum,
347 1821 515 1893 figuratum,
538 1819 679 1880 membris
700 1829 729 1878 et
750 1820 886 1879 sensibus
908 1822 1085 1895 praeditum:
1117 1821 1296 1881 “Excelsior

194 1907 271 1966 coelo
290 1917 343 1979 est,
358 1917 388 1965 et
407 1907 480 1979 quid
500 1905 607 1964 iacies?
626 1905 805 1963 Profundior
823 1907 948 1975 inferne,
969 1919 999 1967 et
1018 1909 1098 1968 unde
1115 1911 1297 1982 cognosces?

195 1994 326 2066 Longior
338 1995 412 2053 terra
425 2011 564 2052 mensura
577 1993 641 2063 eius
654 2002 683 2049 et
696 1991 782 2049 latior
794 1993 866 2049 mari
872 1995 889 2052 ².
930 1995 1085 2053 Faciamus
1095 1996 1251 2054 hominem
1259 1993 1297 2053 ad

195 2081 354 2153 imaginem
369 2092 398 2139 et
411 2079 637 2137 similitudinem
650 2087 781 2136 nostram
788 2078 805 2135 ³.
844 2080 933 2138 Oculi
947 2081 1071 2140 Domini
1083 2100 1174 2156 super
1189 2083 1295 2154 iustos,

194 2180 223 2229 et
236 2169 357 2228 dextera
370 2166 495 2226 Domini
508 2167 577 2225 fecit
589 2166 727 2224 virtutem
737 2165 753 2191 ’'
761 2167 778 2223 ⁴.

230 2273 270 2325 29.
311 2253 489 2327 Respondet
503 2255 534 2312 S.
554 2253 709 2310 reomau:
734 2253 848 2311 “Sacra
861 2254 1012 2327 Scriptura
1025 2255 1114 2314 tradit
1132 2253 1221 2315 nobis
1241 2257 1298 2330 spi·

194 2342 309 2401 ritualia
321 2350 351 2400 et
364 2341 464 2399 divina
476 2340 532 2399 sub
546 2338 789 2398 similitudinibus
802 2341 1009 2412 corporalium.
1052 2342 1152 2410 Unde,
1166 2361 1238 2401 curn
1251 2342 1298 2401 tri·

195 2448 264 2488 nam
277 2427 496 2488 dimensionem
512 2429 579 2485 Deo
596 2424 739 2497 attribuit,
755 2426 811 2484 sub
830 2426 1025 2487 similitudine
1043 2429 1217 2501 quantitatis
1237 2449 1298 2488 cor·

195 2534 293 2589 poreae
305 2512 672 2594 quantitatemhvirtualem
685 2511 779 2583 ipsius
792 2513 940 2584 designat;
959 2524 1064 2586 utpote
1078 2528 1131 2588 per
1144 2517 1298 2588 profundi-

194 2613 295 2672 tatem,
307 2602 444 2659 vittutem
459 2600 498 2658 ad
511 2599 757 2671 cognoscendum
770 2599 888 2657 occulta
892 2619 900 2671 ;
918 2618 971 2672 per
989 2600 1188 2668 altitudinem,
1203 2602 1299 2662 excel-

194 2689 315 2748 lentiam
337 2687 450 2745 virtutis
472 2704 561 2758 super
582 2685 695 2752 omnim
723 2702 776 2757 per
797 2685 1025 2757 longitudinem,
1046 2687 1236 2747 durationem
1254 2689 1297 2748 sui

193 2796 269 2844 esse;
288 2794 341 2849 per
354 2773 552 2844 latitudinem,
568 2772 708 2831 affectum
721 2771 891 2832 dilectionis
904 2773 943 2832 ad
956 2775 1066 2833 omnia.
1105 2776 1170 2847 Vel,
1183 2787 1216 2835 ut
1226 2777 1299 2837 dicit

193 2863 355 2935 Dionysius
368 2864 428 2934 (De
440 2861 498 2920 div.
513 2879 593 2919 nom.
607 2878 672 2932 cap.
688 2861 717 2931 9)
729 2881 735 2917 :
757 2862 842 2918 “Per
854 2861 1089 2932 profunditatem
1109 2863 1176 2929 Dei,
1192 2863 1298 2922 intelli-

193 2946 728 3024 giturincomprehensibilitasipsius
747 2948 895 3020 essentiae3
913 2966 967 3020 per
984 2948 1217 3020 longitudinem,
1233 2968 1299 3022 pro·

193 3056 294 3098 cessus
308 3037 420 3095 virtutis
432 3037 496 3106 ejus
510 3035 611 3093 omnia
623 3036 805 3107 penetrantis
810 3054 817 3105 ;
836 3053 890 3106 per
902 3034 1089 3093 latitudinem
1103 3053 1181 3102 ver0,
1198 3055 1299 3109 super·

194 3125 327 3185 extensio
346 3125 410 3194 ejus
428 3122 467 3181 ad
487 3123 603 3192 omnia,
622 3121 800 3193 inquantum
819 3123 932 3181 scilicet
951 3122 1007 3180 sub
1026 3124 1091 3195 eius
1109 3125 1298 3195 protectione

194 3213 295 3272 omnia
307 3211 499 3269 continentur
508 3210 532 3267 ”.

229 3297 278 3356 Ad
291 3297 441 3354 secundum
451 3296 624 3364 dicendum,
635 3297 717 3369 quod
726 3296 818 3354 homo
828 3295 936 3355 dicitur
945 3313 1009 3354 esse
1017 3297 1056 3354 ad
1066 3296 1229 3369 imaginem
1242 3299 1297 3357 Dei

195 3405 255 3444 non
268 3384 434 3443 secundum
447 3402 566 3456 corpus,
581 3384 634 3442 sed
648 3382 815 3442 secundum
828 3383 859 3445 id
870 3401 931 3455 quo
941 3383 1033 3440 homo
1043 3383 1160 3442 excellit
1169 3384 1229 3442 alia
1238 3387 1298 3442 ani-

228 3570 235 3600 ¹
252 3569 335 3637 Quod
350 3566 484 3622 intellexit
497 3569 538 3622 H.
550 3568 679 3638 Spencer,
690 3569 738 3637 qui
748 3569 845 3623 scribit
856 3568 944 3636 (First
953 3569 1116 3640 PrincipleS‚
1130 3568 1203 3626 New
1213 3573 1298 3639 Yorlr,

196 3656 270 3721 1888,
280 3672 311 3723 p.
328 3653 373 3720 81)
388 3652 527 3708 infinitum
541 3671 599 3707 non
612 3653 738 3723 possein
752 3655 847 3724 aliquo
860 3672 964 3722 genere
977 3655 1045 3725 poni
1058 3673 1123 3710 cum
1142 3656 1234 3726 finito,
1247 3676 1298 3712 nec

192 3744 353 3797 absolutum
365 3759 430 3795 cum
444 3742 569 3797 relativo.
611 3742 722 3796 Exinde
735 3741 834 3797 audior
846 3743 962 3812 quidem
975 3744 1119 3798 concludit
1133 3745 1194 3798 Ens
1208 3744 1298 3799 infini-

193 3840 253 3884 tum
265 3839 294 3883 et
306 3829 467 3882 absolutum
481 3827 597 3882 minime
611 3828 801 3896 cognoscibile
812 3846 886 3895 esse;
906 3830 956 3884 sed
966 3831 1028 3884 haec
1037 3831 1180 3886 conclusio
1191 3831 1221 3886 in
1229 3851 1298 3904 prae·

192 3916 287 3969 missis
297 3932 354 3969 non
365 3914 522 3969 continetur
527 3935 534 3980 ;
554 3933 622 3968 nam
631 3932 802 3984 cognoscere
811 3917 875 3969 Ens
881 3917 1040 3970 absolutum
1048 3934 1112 3972 esse
1121 3934 1207 3988 super
1215 3937 1298 3973 omne

192 4020 291 4072 genus,
307 4002 446 4071 nullisque
460 4001 595 4055 limitibus
609 4001 809 4066 circumscribi,
825 4013 869 4056 est
882 4003 1006 4072 cognitio
1017 4004 1158 4073 quaedam,
1167 4004 1235 4061 licet
1248 4006 1297 4060 im-

193 4088 327 4159 perfecta,
342 4087 487 4158 Supremae
501 4090 611 4142 Causae.

228 4175 306 4244 '²Job.
322 4178 374 4241 Xl,
388 4177 412 4228 8.
426 4207 460 4214 -
473 4181 482 4212 ³
497 4177 564 4228 Gen.
583 4177 603 4243 l,
622 4177 664 4228 26.
677 4205 712 4212 -
723 4178 734 4210 ⁴
747 4176 792 4229 Ps.
804 4177 946 4242 XXXlll,
958 4177 1000 4240 163
1016 4178 1108 4244 cV11,
1120 4178 1160 4231 16.
1183 4178 1226 4232 Cf.
1238 4180 1295 4232 Isa.

195 4261 251 4328 111,
268 4272 310 4324 133
329 4260 381 4326 Vl,
399 4274 408 4310 1
424 4269 452 4312 et
464 4259 530 4312 alibi
545 4258 660 4326 passim.
671 4268 723 4302 —5
732 4260 763 4312 S.
779 4259 904 4328 Theolog.
919 4262 940 4327 l,
952 4276 979 4328 q.
992 4273 1016 4327 3,
1029 4276 1056 4325 a,
1069 4276 1101 4328 1.,
1110 4260 1147 4314 ad
1161 4275 1182 4329 t,
1194 4279 1219 4329 2,
1232 4272 1257 4328 3,
1267 4276 1293 4327 4.
