2684 4634
191 157 247 207 DE
266 156 526 214 EXlSTENTIA
544 154 686 205 TRIUM
705 153 1018 204 PERSONARUM.
1086 150 1152 202 209

44 341 221 417 Patrem'';
261 339 316 402 alii
343 340 460 403 eadem
488 338 681 420 intelligunt
707 339 750 400 de
776 335 882 399 initio'
902 333 1062 418 temporis
1094 357 1151 399 seu

44 443 237 519 creationis,
269 436 383 506 ita'ut
414 462 531 504 sensus
561 442 626 503 sit:
664 438 799 522 quando
838 440 987 503 nondum
1027 439 1152 521 aliquid
1228 460 1231 465 ’

46 545 177 609 factum
195 555 274 621 erat,
288 546 356 628 jam
374 556 444 610 erat
460 546 627 622 Verbum;
650 543 767 606 direrle
783 544 884 625 igitur
900 542 1055 604 asseritur
1071 543 1154 605 Ver-

47 650 132 712 bum
157 650 328 713 exstitisse
351 640 438 714 ante'
452 649 629 712 creationis
652 658 793 727 tempuS,
810 656 844 708 et
867 646 1018 708 indirelie
1041 641 1059 707 a
1083 649 1154 707 tota

49 753 250 828 aeternitate,
266 773 369 835 quum
393 753 565 833 Scriptura
587 751 650 813 hoc
674 750 775 811 modo
798 748 954 830 loquendi
978 757 1090 811 utatur
1112 748 1152 809 ad

49 858 277 921 {eternitatem
293 858 536 939 designandam
544 869 564 918 1.
612 855 644 916 H
649 856 701 916 inc
718 850 805 916 redte
821 853 868 915 ait
890 853 920 914 T
917 851 1154 932 heoplrylalies:

50 961 187 1043 “Quod
204 982 224 1025 a
240 963 400 1044 principio
416 970 475 1039 est,
491 961 562 1043 ejus
579 959 705 1021 nullum
729 958 865 1019 omnino
888 965 1019 1037 tempus
1042 956 1156 1018 inven-

51 1075 126 1133 tum
143 1074 198 1128 est
213 1066 348 1147 quando
365 1088 432 1129 non
448 1075 519 1128 erat
530 1066 554 1129 ''.
572 1101 610 1111 —
640 1064 779 1143 Insuper
795 1061 903 1122 eidem
917 1061 1090 1123 ascribitur
1106 1060 1157 1121 vis

51 1169 224 1233 creatrix:
246 1175 262 1200 “
274 1170 387 1232 omnia
396 1180 460 1251 per
473 1166 579 1249 ipsum
596 1166 684 1231 saeta
701 1176 787 1242 sunt,
803 1177 836 1229 et
852 1167 922 1228 sine
943 1168 1015 1248 ipso
1027 1160 1155 1228 'sactum

53 1283 105 1335 est
123 1272 207 1335 nihil
224 1273 312 1354 quod
330 1271 453 1336 sactum
471 1283 522 1335 est
532 1273 557 1347 ’',
580 1272 673 1353 quasi
696 1271 841 1351 Joannes
866 1269 1006 1332 voluerit
1028 1270 1157 1331 haereti·

54 1397 172 1439 corum
190 1377 406 1459 exceptiones
422 1377 585 1457 excipere,
602 1374 765 1438 aedicere
788 1372 868 1435 nihil
892 1375 1038 1448 omnino,
1055 1373 1157 1435 nulla-

55 1500 123 1561 que
140 1485 286 1562 excepta
309 1501 352 1557 re,
369 1478 492 1543 facium
516 1479 617 1542 fuisse
640 1475 728 1560 quod
753 1477 823 1539 sine
847 1479 918 1558 ipso
942 1475 1066 1540 sactum
1090 1477 1158 1539 sue-

56 1584 128 1647 rit2.
145 1623 190 1630 —
207 1585 248 1646 Ei
265 1585 387 1665 pariter
401 1584 558 1647 tribuitur
573 1582 662 1664 origo
685 1582 761 1643 vitre
783 1589 851 1642 tam
876 1576 1034 1643 naturalis
1057 1600 1157 1660 quam

58 1686 345 1767 supernaturalisi
383 1685 443 1748 “in
467 1687 534 1768 ipso
557 1686 626 1748 vita
649 1684 766 1757 erat'';
803 1704 878 1765 quae
902 1683 1035 1764 quidem
1060 1685 1159 1745 verba

58 1789 160 1850 alibi³
177 1789 220 1851 ab
236 1789 309 1871 ipso
326 1789 460 1853 Christo
476 1789 523 1852 sic
540 1787 768 1852 declarantur:
793 1788 915 1851 “Sicut
939 1789 1037 1850 Pater
1059 1787 1160 1857 habet

58 1894 164 1955 vitam
183 1893 215 1954 in
232 1894 420 1974 semetipso,
436 1894 483 1955 sic
498 1893 591 1956 dedit
603 1903 637 1957 et
650 1895 734 1957 Filio
746 1893 867 1955 habere
879 1895 981 1956 vitam
995 1885 1027 1954 in
1041 1903 1159 1955 semet-

60 1996 172 2079 ipso'';
210 2017 268 2059 seu
292 1996 365 2059 aliis
387 1996 504 2069 verbis,
529 1997 678 2061 Verbum
702 2006 753 2060 est
777 1998 848 2078 ipsa
871 1989 940 2060 uita
970 1998 1161 2073 subsistens

60 2110 94 2162 et
110 2096 228 2162 auctor
250 2100 327 2162 vitae
351 2120 445 2181 aeque
468 2120 506 2162 ac
532 2101 637 2163 Pater.
671 2097 782 2181 'Quod
808 2093 873 2162 non
898 2100 1004 2162 solum
1028 2100 1070 2162 de
1092 2101 1161 2164 vita

61 2202 205 2265 naturali
222 2203 431 2284 praedicatur,
445 2206 504 2266 sed
522 2205 622 2266 etiam
639 2203 681 2265 de
696 2206 947 2284 supernalurali,
965 2226 1042 2267 nam
1066 2206 1162 2268 addi-

61 2317 135 2370 tur:
159 2309 176 2338 “
187 2316 218 2369 et
231 2306 301 2370 vita
322 2316 394 2369 erat
415 2308 471 2369 lux
493 2308 659 2371 hominum
670 2310 706 2383 '',·
730 2310 894 2390 siquidem
918 2311 1067 2374 Verbum
1091 2320 1162 2372 erat
1271 2367 1272 2370 ,

61 2411 148 2472 “lux
172 2431 258 2487 vera,
281 2413 355 2492 quae
379 2411 544 2475 illuminat
566 2433 699 2474 omnem
724 2413 892 2475 hominem
916 2405 1103 2478 venientem
1128 2415 1160 2476 in

62 2512 152 2576 hunc
176 2515 337 2577 mundum
348 2516 364 2542 ”
380 2515 438 2597 (9),
454 2535 493 2577 ea
516 2516 665 2578 revelans
688 2537 762 2598 quae
787 2518 870 2579 ratio
894 2517 1039 2580 humana
1063 2519 1163 2580 attin-

62 2638 141 2699 gere
172 2619 296 2699 nequit,
327 2620 509 2700 praesertim
541 2629 667 2682 secreta
698 2620 771 2696 Dei,
802 2621 879 2701 quia
910 2625 1036 2682 “nemo
1071 2623 1163 2684 novit

64 2721 190 2784 Filium
214 2722 276 2784 nisi
301 2723 418 2785 Pater:
456 2742 564 2803 neque
588 2724 719 2784 Patrem
743 2723 816 2804 quis
841 2725 941 2799 novit,
965 2724 1026 2786 nisi
1052 2724 1163 2801 Filius,

63 2833 97 2887 et
113 2823 167 2886 cui
184 2822 324 2887 voluerit
341 2824 445 2886 Filius
462 2824 607 2887 revelare
618 2825 660 2888 ”4.
676 2863 719 2873 -
736 2825 812 2905 Ipse
829 2837 880 2890 est
895 2828 1017 2908 pariter
1041 2837 1162 2890 nostrae

55 2925 304 3007 justificationis
332 2927 446 2988 aulior
473 2928 588 3007 quum'
608 2924 675 3009 per'
696 2924 772 2989 eum
804 2929 983 2993 efficiamur
1014 2930 1071 2992 filii
1099 2931 1163 2993 Dei

63 3029 238 3111 adoptivi:
273 3028 478 3112 “Quotquot
508 3040 619 3093 autem
651 3040 841 3114 receperunt
872 3051 957 3105 eum,
991 3031 1083 3093 dedit
1117 3033 1164 3093 eis

63 3140 267 3212 potestatem
285 3131 370 3194 filios
394 3132 457 3195 Dei
482 3132 604 3198 fieri”5.
652 3136 753 3197 Porro
775 3135 847 3196 haec
870 3129 982 3196 omnia
1005 3134 1065 3196 soli
1091 3135 1165 3196 Deo

63 3235 284 3316 conveniunt;
306 3256 385 3318 ergo
402 3236 551 3300 Verbum
567 3247 618 3300 est
634 3259 709 3300 vere
728 3239 819 3302 Deus
831 3259 971 3320 vereque
986 3240 1074 3301 Patri
1087 3260 1164 3301 con·

63 3338 293 3403 substantiale.

106 3519 161 3588 70.
209 3503 269 3587 (B)
286 3502 383 3568 Alius
399 3504 490 3568 locus
513 3527 588 3569 vere
612 3504 768 3568 classicus
792 3505 845 3567 ille
869 3514 919 3567 est
942 3504 997 3566 ubi
1015 3504 1166 3568 Christus

99 3781 108 3807 ι
123 3755 166 3810 Cf.
176 3755 241 3824 soa.
257 3755 353 3821 XVII,
368 3767 395 3819 7;
414 3753 518 3823 Ephes.
537 3755 558 3819 1,
572 3769 600 3818 4;
622 3753 679 3806 Col.
697 3754 720 3818 1,
737 3766 778 3816 173
797 3752 884 3804 Eccli.
900 3752 1007 3817 XXlV,
1024 3765 1063 3814 14.

98 3851 110 3882 ²
123 3845 242 3897 Frustra
255 3841 385 3910 objicitur
396 3840 625 3911 praepositionem
636 3845 689 3909 per
701 3837 765 3907 (διὰ)
784 3855 899 3892 causam
916 3839 1166 3917 instrumentalem,

64 3948 123 3986 non
136 3927 306 3984 efficientem
319 3920 485 3996 designare3
504 3944 580 3995 saepe
593 3928 669 3980 enim
683 3927 744 3979 haec
758 3925 895 3994 particula
915 3941 1030 3977 causam
1048 3925 1166 3978 efficien-

64 4030 123 4074 tem
136 4017 322 4088 principalem
335 4015 483 4085 significat‚
496 4033 520 4067 v.
534 4032 560 4082 g.
599 4014 731 4066 “Fidelis
747 4015 835 4076 Deus,
845 4017 988 4080 perquem
1000 4013 1089 4064 vocati
1101 4013 1167 4065 estis

64 4107 93 4159 in
113 4104 280 4160 societatem
299 4103 322 4157 1⁴*
325 4101 364 4156 ilii
382 4101 442 4172 ejus
450 4102 472 4157 ’'.
512 4102 532 4155 I
549 4101 610 4155 Cur.
633 4103 654 4168 l,
674 4115 702 4167 9;
722 4100 754 4152 cf.
774 4101 811 4152 II
829 4100 889 4152 Cor.
908 4101 929 4165 1,
947 4117 970 4163 ις
992 4098 1085 4151 Galat.
1105 4100 1125 4165 1,
1144 4113 1168 4163 1;

65 4196 145 4250 Rorn.
164 4193 218 4260 Xl,
231 4189 274 4260 36.
289 4200 343 4245 etc.

100 4281 187 4349 ³Joa.
204 4271 467 4342 v‚26.-⁴Matt.
484 4276 536 4340 XI,
550 4272 662 4341 27η-ὕ
669 4275 736 4342 Jon.
756 4275 777 4340 1,
797 4288 835 4326 12.

186 4398 313 4443 sunonis
324 4395 356 4441 11.
368 4419 394 4429 -
408 4408 436 4452 14
