2684 4634
396 172 453 226 DF.
473 174 547 224 DEI
565 173 837 225 EXISTENTIA.
1120 175 1161 224 93

63 377 135 433 esse,
148 376 242 420 nunc
258 355 379 423 eodem
395 376 468 419 esse
483 355 636 430 carend0,
652 375 717 418 non
735 364 785 417 est
808 354 870 416 sibi
895 362 967 417 tota
988 374 1087 416 causa
1106 353 1162 415 ha-

61 461 153 525 bendi
169 462 237 524 hoc
253 461 469 527 intrinsecum
494 479 576 534 esse,
591 458 649 520 sed
672 458 757 520 hanc
780 445 1094 520 determinationem
1118 457 1159 517 ad

58 587 125 628 esse
139 565 187 628 ab
203 564 272 627 alio
287 565 425 646 accepit,
441 584 544 645 quum
561 563 632 624 haec
649 562 720 642 ipsa
734 560 970 622 determinatio
986 560 1028 622 sit
1045 560 1161 621 transi-

57 679 106 732 tus
121 670 166 732 de
183 668 339 750 potentii
355 667 386 728 in
404 664 522 747 adium.
570 666 660 746 Ergo
676 663 835 746 quidquid
861 671 1012 726 movetur
1036 662 1078 725 ab
1096 662 1161 724 alio

56 780 219 836 movetur.

95 877 147 959 (c)
163 875 246 938 Non
261 884 309 937 est
313 873 468 956 possibile
474 874 644 955 procedere
659 874 693 935 in
714 872 881 953 infinitum
905 870 939 932 in
964 870 1161 934 moventibus

54 989 83 1041 et
96 979 206 1054 motis,
222 998 281 1040 seu
298 979 371 1040 aliis
386 976 494 1040 verbis
512 997 646 1039 necesse
661 986 712 1038 est
727 976 905 1037 admittere
921 984 1084 1036 motorem
1101 975 1160 1036 im-

56 1082 229 1158 mobilem,
245 1080 302 1162 qui
318 1081 351 1142 in
368 1101 403 1143 se
414 1079 542 1143 'habeat
557 1100 675 1142 omnes
691 1076 910 1160 perfedtiones
926 1080 967 1141 ad
989 1098 1072 1160 quas
1091 1098 1160 1139 mo·

55 1198 118 1261 vet,
133 1206 200 1248 nec
215 1185 346 1267 indiget
360 1185 404 1249 ab
419 1184 485 1246 alio
502 1185 634 1246 moveri.
682 1181 769 1244 Nam
787 1183 812 1243 si
830 1182 965 1244 mobilia
987 1191 1161 1245 moventur

55 1308 74 1349 a
89 1298 226 1351 motore
243 1286 367 1363 mobili,
383 1286 453 1369 ipse
469 1286 531 1350 suit
547 1286 589 1349 ab
605 1286 670 1348 alio
692 1294 811 1361 motus,
824 1295 860 1347 et
882 1286 928 1348 sic
951 1285 1107 1366 deinceps
1127 1285 1159 1345 in

56 1393 237 1455 infinitum.
279 1391 390 1473 Atqui
409 1411 568 1454 numerus
590 1391 663 1453 aliu
690 1389 836 1452 infinitus
863 1398 1159 1471 repugnatquum

55 1496 200 1576 quilibet
209 1515 375 1568 numerus,
384 1495 598 1575 quantumvis
609 1513 758 1574 magnus
768 1493 872 1573 possit
882 1513 1013 1574 semper
1022 1492 1161 1572 augeri13

56 1608 97 1676 et,
106 1599 244 1662 etiarnsi
257 1598 390 1661 daretur
400 1596 529 1661 infinita
538 1599 637 1660 series
649 1597 775 1659 entium
788 1617 862 1676 quae
874 1606 1007 1658 movent
1019 1607 1052 1660 et
1061 1594 1158 1657 simul

56 1711 246 1778 moventur,
262 1721 395 1763 necesse
410 1709 498 1763 esset
519 1701 673 1776 invenire,
689 1708 786 1761 extra
807 1699 891 1761 hanc
912 1701 1038 1774 seriem,
1054 1708 1160 1761 moto·

56 1786 125 1867 rem
148 1803 369 1880 immobilem,
384 1805 441 1885 qui
466 1823 566 1869 causa
588 1811 675 1866 esset
699 1804 848 1864 omnium
874 1812 1040 1879 motuum;
1065 1822 1159 1864 secus

55 1908 146 1969 enim
162 1916 253 1969 esset
268 1906 402 1988 aliquod
417 1926 476 1969 ens
499 1907 588 1988 quod
613 1907 674 1969 sub
698 1907 816 1969 eodem
839 1903 989 1987 respedtu
1015 1905 1161 1969 totaliter

57 2020 210 2073 moveret
225 2011 370 2093 seipsum
387 2020 421 2073 et
436 2010 479 2073 ab
495 2010 562 2072 alio
577 2019 780 2087 moveretur3
806 2010 896 2090 quod
920 2018 971 2072 est
995 2009 1159 2073 contradi·

56 2110 211 2177 dorium.
256 2114 356 2197 Quod
372 2115 420 2176 sic
435 2115 535 2178 etiarn
552 2113 756 2177 ostenditur:
784 2122 893 2175 motor
910 2112 1041 2174 mobilis
1066 2134 1104 2174 ex
1128 2134 1161 2175 se

58 2216 262 2280 insufficiens
278 2226 328 2280 est
344 2219 386 2281 ad
402 2217 547 2299 seipsum
565 2216 775 2294 movendum,
791 2227 824 2280 et
840 2217 975 2298 quidem
996 2218 1027 2280 vi
1049 2237 1159 2279 essen-

57 2321 113 2382 tiae
129 2340 211 2396 suae,
226 2340 328 2401 quum
345 2321 387 2383 sit
403 2320 435 2383 in
452 2321 602 2403 potentia
618 2320 661 2383 ad
678 2329 813 2382 motum.
861 2321 963 2382 Porro
974 2320 1045 2382 haec
1058 2320 1159 2383 insuf-

58 2420 205 2486 ficientia
220 2443 287 2486 non
304 2423 431 2487 tollitur
446 2425 472 2486 si
489 2424 532 2487 ab
548 2444 616 2487 uno
632 2434 761 2491 motore
777 2424 891 2486 mobili
907 2425 949 2486 ad
963 2424 1064 2487 alium
1082 2446 1158 2487 con-

58 2525 153 2609 iugis,
170 2527 235 2589 nisi
250 2526 386 2591 tandem
402 2527 558 2591 devenias
574 2526 617 2590 ad
633 2537 805 2604 motorem,
821 2528 878 2608 qui
895 2527 938 2591 ab
953 2527 1018 2589 alio
1035 2531 1158 2591 moveri

59 2648 124 2691 non
141 2630 300 2710 indigeat.

103 2727 159 2816 (d)
187 2731 277 2813 Ergo
301 2731 522 2796 admittendus
545 2741 594 2793 est
610 2731 743 2812 prr‘mus
768 2742 873 2794 motor
896 2731 1080 2809 immobilis,
1104 2735 1159 2814 qui

60 2833 214 2898 videlicet
229 2833 273 2896 sit
287 2854 424 2910 movens,
434 2835 512 2916 quia
524 2846 653 2899 motum
665 2838 782 2900 ceteris
795 2845 940 2919 praestat,
949 2846 983 2900 et
995 2838 1037 2900 sit
1048 2837 1159 2900 immo-

60 2934 141 3013 bilis,
156 2936 176 2998 i
193 2955 221 2998 e.
237 2954 302 2998 non
327 2937 480 3019 indigens
504 2937 548 2999 ab
571 2941 637 3003 alio
662 2942 795 3006 moveri.
842 2940 908 3003 Hic
924 2950 1035 3004 autern
1053 2951 1161 3004 motor

61 3040 179 3102 merito
193 3049 331 3103 vocatur
346 3040 439 3104 Deus
446 3065 455 3122 ;
477 3050 529 3103 est
543 3043 707 3125 siquidem
724 3064 782 3107 ens
797 3065 818 3106 a
831 3043 950 3106 mundo
962 3043 1160 3119 destineium,

60 3165 160 3225 quum
177 3154 288 3208 cetera
302 3145 393 3208 entia
413 3146 583 3209 mundana
602 3157 743 3223 moveat,
757 3185 801 3195 -
817 3147 1041 3222 immateriale,
1056 3168 1158 3228 quum

60 3249 199 3312 materia
223 3248 266 3311 sit
289 3248 376 3313 iners
395 3257 435 3312 et
459 3249 601 3325 mobilis,
615 3285 658 3294 -
666 3251 854 3332 perfeetum,
870 3270 973 3331 quum
998 3250 1040 3313 sit
1065 3249 1159 3313 adius

58 3373 167 3434 purus,
182 3372 250 3415 non
266 3352 419 3436 indigens
434 3354 478 3417 ab
501 3353 566 3418 alio
590 3354 714 3417 moveri
737 3375 794 3417 seu
818 3351 1052 3436 persedionem
1077 3355 1158 3417 acci-

57 3477 145 3540 pere.

90 3756 100 3782 ¹
115 3755 248 3810 Diximus
260 3762 407 3808 numerum
420 3757 484 3809 aliie
496 3755 621 3810 infinitus
626 3775 633 3821 ;
652 3755 827 3810 admittimus
841 3755 981 3827 siquidem
995 3774 1077 3826 posse
1097 3775 1160 3812 esse

55 3859 205 3898 numerum
223 3841 353 3912 potentii
379 3842 527 3909 infinitum,
553 3861 602 3897 seu
629 3843 813 3913 indefinitum,
842 3846 934 3914 qualis
960 3857 1002 3901 est
1027 3863 1159 3900 numerus

54 3928 173 3985 aftuum
185 3946 257 4000 quos
271 3929 352 3984 Beati
366 3929 395 3982 in
408 3930 481 3985 ooelo
492 3929 616 3996 elicient;
636 3931 686 3984 sed
700 3948 832 3985 numerus
851 3935 915 3986 aliu
933 3932 1059 3986 infinitus
1079 3950 1159 4001 repu-

54 4026 134 4085 gnat.
175 4015 205 4070 Si
218 4015 294 4071 enim
307 4015 422 4070 daretur
433 4033 459 4070 v.
475 4033 503 4086 g.
519 4033 653 4071 numerus
665 4018 790 4073 infinitus
804 4020 958 4088 hominurn,
975 4030 1051 4073 esset
1064 4037 1161 4073 nume·

55 4123 103 4159 rus
118 4104 205 4174 duplo
217 4105 308 4174 major
320 4104 473 4171 oculorum,
486 4122 573 4174 quum
587 4104 704 4173 singulis
718 4105 878 4159 hominibus
893 4107 949 4159 duo
963 4106 1018 4160 sint
1036 4107 1118 4172 oculi,
1132 4117 1159 4160 et

54 4192 95 4246 ita
115 4191 284 4245 haberemus
304 4207 452 4245 numerum
474 4191 610 4260 majorem
632 4209 749 4246 numero
770 4191 891 4258 infinito;
923 4192 1000 4262 atqui
1024 4204 1160 4262 repugnat

54 4295 143 4334 unum
157 4277 297 4351 infinitum
307 4294 371 4335 esse
382 4279 471 4335 altero
483 4278 585 4348 majus.
