2684 4634
348 178 405 228 DE
424 176 681 232 ATTRIBU'I'IS
698 175 874 226 DIVINIS.
1103 175 1158 224 121

92 368 144 436 51.
192 367 221 416 2⁰
238 365 355 422 Thestii:
371 359 472 423 Deus
485 363 543 423 est
557 359 795 436 omnipotens,
812 375 878 422 seu
901 358 1018 422 lacere
1039 359 1160 436 potest

54 463 232 543 quidquid
247 475 318 528 non
333 470 391 530 est
404 463 633 543 impossibile,
648 459 666 521 i.
683 480 709 523 e.
726 460 816 541 quod
834 478 893 519 nec
910 454 1109 537 objeffivam
1127 457 1159 518 in

55 583 90 623 se
106 564 366 644 repugnantiam
379 563 489 639 habet,
502 583 561 625 nec
574 560 791 642 subjectivam
805 561 1071 623 contrarietatem
1085 580 1159 626 cum

56 668 181 728 divinis
196 668 376 731 attributis.
422 668 553 750 Defide
568 678 614 730 est
629 676 700 729 tum
715 687 760 728 ex
777 665 874 729 variis
892 665 1071 745 SymboliS,
1089 674 1159 727 tum

56 792 101 833 ex
128 771 286 834 Vaticano
302 773 391 852 quod
409 753 623 834 confitetur
634 791 736 833 unum
761 789 832 830 esse
856 769 966 830 Deum
991 789 1104 831 verum
1128 778 1162 832 et

58 876 183 953 vivum,
201 876 393 940 Creatorem
409 875 482 938 coeli
498 884 532 937 et
547 883 652 949 terrae,
668 873 920 953 omnipotentem.

101 974 166 1055 (A)
183 974 299 1056 Script.
345 976 395 1057 (a)
412 975 452 1037 In
475 975 516 1037 V.
540 973 629 1036 Test.
654 973 829 1055 plusquam
853 976 1066 1057 septuaginta
1090 977 1162 1039 loca

59 1087 279 1140 numerantur
295 1079 328 1140 in
345 1078 464 1159 quibus
482 1078 574 1140 Deus
597 1087 733 1140 vocatur
758 1078 917 1155 Shaddaz,
934 1081 951 1143 i.
968 1101 993 1142 e.
1010 1082 1162 1163 omnipo-

60 1190 146 1256 tens
162 1203 192 1243 v.
208 1201 238 1262 g.
256 1182 358 1264 “Ego
375 1182 468 1243 Deus
484 1182 697 1262 omnipotens
705 1182 759 1262 ''1;
783 1182 833 1264 (b)
849 1183 1034 1246 declaratur
1051 1186 1160 1248 Deum

61 1285 178 1347 omnia
194 1306 299 1366 posse,
316 1287 363 1348 ita
378 1295 415 1348 ut
439 1285 519 1347 nihil
543 1284 676 1348 difficile
699 1294 757 1347 aut
780 1286 984 1368 impossibile
1001 1290 1050 1352 -sit
1073 1291 1161 1372 apud

61 1405 148 1460 eum,
166 1396 201 1449 et
217 1408 316 1450 nemo
331 1389 436 1470 possit
453 1388 523 1469 ejus
536 1388 698 1451 voluntati
712 1389 880 1454 resistere:
904 1392 1058 1456 “Omnia
1073 1415 1159 1476 quae-

61 1511 208 1572 cumque
231 1492 341 1568 voluit,
358 1493 524 1555 Dominus
546 1493 624 1555 fecit
648 1493 679 1553 in
704 1493 798 1568 coelo,
814 1500 847 1553 et
870 1494 902 1554 in
920 1499 1014 1570 terra,
1031 1497 1063 1557 in
1081 1498 1162 1558 mari

61 1603 95 1656 et
112 1595 147 1655 in
161 1595 319 1657 omnibus
336 1596 505 1677 abyssis...2
550 1596 722 1677 Numquid
737 1597 811 1659 Deo
823 1597 1003 1678 quidquam
1017 1609 1066 1662 est
1079 1599 1162 1662 diffi-

61 1696 188 1759 eirena
234 1697 310 1759 Non
328 1699 388 1760 erit
405 1698 609 1781 impossibile
625 1699 713 1780 apud
731 1699 841 1762 Deum
858 1692 957 1763 omne
973 1702 1163 1783 verbum...4;

63 1801 223 1878 Domine,
240 1822 299 1864 rex
323 1803 524 1885 omnipotens,
547 1803 580 1864 in
604 1803 730 1865 ditione
753 1804 840 1866 enim
866 1808 922 1866 tua
946 1804 1064 1868 cuncta
1086 1816 1164 1870 sunt

63 1905 188 1986 posita,
206 1914 240 1968 et
256 1926 322 1968 non
339 1915 389 1969 est
405 1907 460 1988 qui
478 1906 583 1987 possit
599 1914 665 1968 tuae
682 1907 832 1969 resistere
848 1908 1011 1970 voluntati
1019 1909 1034 1934 '⁵
1042 1921 1062 1972 5.

105 2061 154 2128 52„
202 2049 262 2133 (B)
278 2052 424 2115 Ralzbne.
458 2053 584 2115 ,Virtus
601 2050 708 2115 activa
723 2053 861 2134 alicujus
877 2055 962 2117 entis
979 2058 1162 2138 proportio-

63 2166 162 2220 natur
180 2157 340 2239 principio
356 2159 445 2221 unde
460 2155 530 2237 ejus
547 2154 693 2220 actiones
710 2158 892 2234 dimanant,
908 2160 939 2222 vi
956 2159 1054 2241 hujus
1069 2163 1162 2223 axio·

64 2261 186 2323 matis:
210 2262 349 2341 operatio
370 2261 519 2342 sequitur
537 2281 620 2335 esse,·
644 2261 736 2342 atqui
761 2261 955 2343 principium
977 2284 1047 2345 >quo
1071 2266 1163 2327 Deus

64 2364 134 2444 agit
151 2373 204 2426 est
221 2364 293 2445 ipsa
309 2363 380 2445 ejus
395 2365 546 2440 essentia,
563 2383 665 2445 quum
683 2364 716 2425 in
733 2384 772 2427 eo
789 2364 928 2427 facultas
944 2368 1103 2447 operandi
1120 2367 1163 2430 ab

64 2467 212 2528 essentia
228 2467 357 2530 realiter
372 2488 438 2530 non
455 2468 678 2549 distinguatur
685 2488 692 2544 ;
713 2466 862 2547 jamvero
879 2471 1019 2533 essentia
1036 2471 1099 2533 Dei
1113 2481 1163 2534 est

64 2569 213 2652 infinita;
237 2591 316 2652 ergo
332 2571 461 2635 infinita
477 2581 526 2634 est
542 2569 613 2651 ejus
630 2571 807 2653 potentia⁶.

106 2675 295 2738 Contendit
303 2676 338 2759 J.
356 2677 391 2740 S.
408 2675 493 2739 Mill
499 2689 513 2730 7
528 2676 637 2738 Deum
654 2676 919 2757 omnipotentem
938 2696 1003 2737 non
1025 2697 1106 2751 esse,
1124 2677 1163 2738 eo

64 2780 143 2860 quia
159 2779 278 2841 mediis
293 2781 395 2843 utitur
418 2780 460 2843 ad
485 2779 584 2841 finem
608 2800 704 2843 suum
728 2780 982 2860 attingendum:
1006 2800 1082 2841 nam
1107 2782 1162 2867 qui

64 2883 180 2945 omnia
196 2891 316 2963 potest,
332 2880 468 2946 effectus
485 2885 665 2965 producere
680 2883 768 2946 valet
785 2883 908 2963 absque
921 2883 1047 2947 mediis.
1088 2885 1163 2948 Hoc

64 3008 136 3050 esse
161 2987 333 3069 sophisma
356 3007 455 3050 nemo
478 2996 528 3049 est
552 2988 609 3067 qui
632 3008 698 3048 non
722 2988 833 3049 videat
841 3009 848 3064 ;
872 2987 948 3050 licet
965 2988 1052 3050 enim
1071 2990 1163 3052 Deus

64 3089 288 3171 phaenomena
305 3091 485 3173 producere
500 3090 610 3153 valeat
625 3092 695 3153 sine
711 3092 818 3153 causis
831 3091 992 3167 secundis
1008 3102 1042 3155 et
1058 3114 1164 3174 quan-

63 3196 177 3276 doque
194 3194 227 3256 id
244 3193 353 3270 faciat,
368 3216 396 3256 v.
413 3214 442 3274 g.
460 3184 619 3257 miracula
635 3196 808 3276 patrand0,
825 3204 936 3276 potest
951 3216 1031 3258 sane
1048 3200 1164 3260 mediis

63 3300 112 3361 uti
140 3298 184 3361 ad
213 3297 313 3360 finem
340 3318 435 3360 suum
464 3299 695 3379 attingendum
721 3299 815 3378 aptis
838 3308 875 3361 ut
898 3300 943 3360 sic
967 3301 1163 3381 sapientiam

62 3421 161 3464 suam
188 3401 385 3479 manifestet,
410 3401 490 3482 quin
517 3399 580 3462 hoc
608 3400 785 3463 limitatam
813 3402 999 3482 potentiam
1031 3414 1163 3484 arguat3

62 3504 263 3590 sicutenim
287 3506 418 3586 sapiens
442 3505 607 3588 magister,
624 3506 690 3586 qui,
706 3526 764 3587 per
786 3506 964 3587 discipulos
988 3527 1071 3586 quos
1095 3508 1164 3590 ipse

62 3609 220 3685 instituit,
236 3608 396 3691 populum
413 3610 512 3673 docet
528 3609 656 3690 aliquas
672 3609 827 3680 veritates
844 3629 925 3689 quas
949 3608 1072 3672 directe
1095 3612 1165 3692 ipse

63 3712 186 3774 docere
211 3712 343 3789 valeret,
371 3713 579 3795 impotentiae
606 3713 743 3775 minime
770 3713 933 3797 arguitur;
967 3713 1014 3774 ita
1044 3714 1165 3793 pariter

64 3817 251 3898 Supremus
267 3816 413 3900 Artifex,
429 3817 536 3880 causis
553 3817 706 3879 secundis
724 3816 850 3878 utendo
866 3837 948 3897 quas
965 3817 1036 3897 ipse
1052 3817 1164 3878 condi-

63 3922 124 3995 dit,
142 3939 209 3981 non
225 3928 337 4004 potest
349 3920 413 3983 dici
426 3921 535 4001 minus
548 3928 667 4001 potens
680 3939 780 4002 quam
791 3919 818 3981 si
829 3920 1022 3984 immediate
1034 3929 1145 4000 ageret
1159 3944 1164 3982 :
1275 3979 1277 3983 .

101 4136 109 4159 ι
125 4111 193 4164 Gen.
209 4111 306 4178 XVII,
320 4127 342 4164 1.
354 4139 388 4150 -
400 4114 411 4138 ²
422 4113 470 4166 Ps.
482 4112 644 4175 CXXXIV,
657 4112 682 4166 6.
694 4143 729 4150 -
741 4117 752 4149 ³
766 4113 831 4166 Gen.
849 4113 961 4176 XVIII,
975 4125 1014 4176 14.
1030 4141 1061 4148 —
1074 4114 1084 4143 ⁴
1095 4112 1163 4165 Luc.

66 4201 88 4265 I,
102 4211 147 4266 37.
161 4227 196 4237 -
207 4197 311 4257 ⁵Esth.
326 4199 412 4266 XIII,
424 4213 449 4266 9.
464 4229 498 4238 —
510 4196 521 4228 ⁶
534 4200 564 4253 S.
584 4199 611 4251 T
608 4199 635 4252 h.
653 4199 670 4253 l.
686 4199 731 4252 cit.
752 4216 777 4252 a.
799 4217 822 4255 2.
839 4229 873 4236 —
885 4196 895 4227 ⁷
908 4199 1015 4267 Essays
1035 4215 1071 4251 on
1092 4199 1166 4252 Reli·

62 4287 143 4354 gion,
156 4303 184 4355 ρ.
203 4284 324 4352 176-177.
