2684 4634
386 168 442 217 DE
459 165 645 222 01²1F1c10
662 166 761 217 MUN
769 167 821 216 DI.
1098 168 1156 217 271

52 373 204 434 paganas
220 361 336 433 gentes
352 357 483 434 sparsos
500 350 658 414 excludit.
706 351 758 413 Ita
774 352 899 432 dogma
922 351 1097 413 ¹creationis
1122 352 1153 412 in

53 464 128 518 tuto
157 455 361 531 collocando
387 455 608 517 ae'ternitatem
637 455 783 530 materiae
811 457 1014 517 condemnat
1022 476 1029 531 ;
1053 475 1155 535 quum

55 560 151 622 Deus
166 559 257 622 solus
272 579 324 625 vres
336 578 454 622 omnes
464 559 632 633 creaverit,
645 560 714 640 ipse
726 559 815 621 solus
828 561 977 621 omnium
992 561 1157 621 Dominus

55 671 114 738 est,
142 672 177 724 et
201 662 247 723 sic
271 661 417 743 rejicitur
440 672 511 724 tum
535 660 787 742 polytheismus‚
813 671 883 724 tum
912 662 1157 744 pantheismus;

55 767 195 829 tandem
220 786 322 847 quum
339 766 461 833 omnia
485 787 505 826 a
529 766 603 827 Deo
629 774 739 827 creata
762 765 827 827 sint
844 765 992 827 bonitate
1009 767 1157 846 praedita‚

57 869 328 932 manichaeismus
344 891 362 931 e
379 871 489 932 medio
506 869 639 931 tollitur.
693 867 777 948 Quae
794 866 927 947 quidem
945 869 1058 930 omnia
1073 869 1157 930 adeo

57 975 141 1036 mira
162 984 241 1036 sunt
264 983 309 1051 ut,
326 975 458 1036 nonnisi
481 974 555 1036 Deo
579 973 769 1055 inspirante,
793 990 812 1030 a
840 970 959 1051 Moyse
982 970 1078 1032 scribi
1103 992 1158 1052 po·

57 1078 210 1142 tuerint1.
312 1118 315 1122 -

95 1220 148 1277 2'0.
197 1214 293 1273 Thesis
308 1222 360 1275 2⁰:
384 1213 443 1277 E'x
459 1211 577 1290 capite
594 1213 608 1274 1
626 1210 779 1275 Genesis
800 1211 884 1275 nihil
908 1212 996 1276 certi
1020 1212 1157 1277 definiri

58 1315 182 1388 potest
197 1310 290 1375 circa
304 1310 496 1376 creationis
510 1309 668 1375 ordinem
684 1314 721 1373 et
737 1309 814 1373 dies
828 1310 1051 1389 genesiacos,
1068 1311 1157 1375 ideo-

57 1425 128 1485 que
143 1407 243 1472 varia
256 1412 455 1487 systemata
469 1407 562 1471 inter
576 1405 781 1471 Catholicos
793 1406 1011 1486 excogitata,
1023 1408 1069 1471 ad
1080 1425 1158 1471 con·

57 1505 250 1570 ciliandam
266 1505 460 1569 mosaicam
475 1504 715 1569 narrationem
730 1521 813 1567 cum
825 1505 1048 1570 naturalibus
1060 1506 1158 1571 disci-

57 1603 176 1681 plinis,
206 1603 413 1682 salvande,
440 1603 548 1667 libere
577 1602 751 1682 disputari
774 1608 937 1683 possunt,
963 1605 1157 1669 dummodo

56 1701 195 1766 veritas
210 1701 403 1782 Scriptura
418 1702 632 1765 inconcussa
645 1704 822 1766 teneatur.

99 1855 150 1904 21.
198 1843 416 1907 Declaratur:
442 1845 488 1906 ad
501 1842 621 1905 thesim
638 1844 883 1922 exponendam,
895 1853 1006 1905 nostra
1019 1839 1157 1908 iacimus

56 1945 130 2007 haec
162 1942 313 2011 Dolioris
341 1943 515 2028 Angelicii
545 1944 666 2008 verba:
707 1946 937 2026 “Respondeo
978 1948 1155 2011 dicendum

57 2048 161 2129 quod,
176 2050 262 2113 sicut
278 2051 487 2133 Augustinus
503 2048 631 2125 docet3,
648 2049 679 2110 in
699 2046 893 2128 ¹hujusmodi
917 2052 1156 2131 quaestionibus

57 2154 127 2214 duo
143 2149 222 2215 sunt
237 2151 451 2218 observanda.
498 2154 644 2215 Primum
661 2152 805 2233 quidem,
821 2163 857 2216 ut
873 2155 992 2217 veritas
1010 2156 1156 2238 Scriptu-

58 2277 102 2317 rae
120 2256 316 2320 inconcusse
328 2254 493 2321 teneatur.
540 2257 741 2331 Secundum,
757 2277 831 2317 cum
851 2252 1021 2339 Scriptura
1044 2256 1157 2322 diuina

58 2358 288 2440 multipliciter
302 2362 426 2443 exponi
444 2363 558 2443 possit,
569 2358 656 2440 quod
676 2359 755 2421 nulli
766 2361 968 2440 expositioni
980 2362 1097 2444 aliquis
1112 2367 1157 2428 ita

57 2462 198 2542 praecise
213 2463 382 2541 inhaereat,
397 2476 433 2528 ut
449 2467 475 2526 si
493 2463 582 2526 ¹certi
599 2464 725 2525 ratione
741 2465 926 2526 constiterit
938 2464 1000 2527 hoc
1013 2463 1084 2529 esse
1098 2469 1156 2531 ial-

56 2585 134 2626 sum
150 2567 240 2646 quod
257 2564 375 2648 aliquis
390 2589 523 2631 sensum
550 2564 729 2648 Scriptura
753 2587 824 2638 esse
843 2568 1007 2645 credebat,
1024 2572 1056 2632 id
1074 2573 1156 2634 nihi-

57 2666 205 2729 lominus
229 2689 373 2732 asserere
389 2681 580 2753 praesumat3
603 2691 645 2732 ne
662 2670 831 2751 Scriptura
847 2693 890 2733 ex
906 2672 966 2733 hoc
984 2674 1026 2735 ab
1042 2676 1155 2738 infide-

56 2769 148 2830 libus
164 2770 361 2849 derideatur,
377 2783 411 2836 et
426 2794 467 2836 ne
483 2775 531 2836 eis
545 2775 599 2836 via
615 2774 769 2835 credendi
786 2775 1039 2855 praecludatur'’.
1086 2779 1156 2841 Aii-

55 2871 89 2934 bi
107 2883 221 2935 autem
237 2876 473 2940 animadvertit
489 2878 568 2939 nihil
586 2877 665 2939 certi
681 2877 767 2938 circa
787 2879 923 2939 modum
948 2889 980 2940 et
1004 2881 1153 2945 ordinem

55 2978 236 3051 creationis
251 2999 295 3040 ex
311 2981 481 3063 Scripturai
495 2983 563 3044 erui
580 2994 685 3063 posse,
701 2981 778 3060 quia
794 2975 916 3062 quaein
933 2978 972 3044 ed
987 2983 1048 3046 hae
1064 2988 1105 3048 de
1122 3009 1155 3051 re

55 3082 222 3158 dicuntur,
232 3084 451 3148 diversimode
467 3107 486 3148 a
503 3085 655 3148 Patribus
671 3094 903 3164 exponuntur:
927 3090 942 3117 “
957 3086 1051 3150 Circa
1062 3110 1155 3152 mun-

55 3187 88 3247 di
105 3187 306 3269 principium
323 3189 446 3270 aliquid
463 3200 512 3252 est
537 3190 626 3271 quod
652 3189 694 3251 ad
718 3189 933 3251 substantiam
949 3185 1036 3271 fidei
1057 3197 1155 3274 perti-

56 3299 123 3365 net,
147 3309 190 3351 sc.
215 3286 376 3355 mundum
400 3293 562 3375 incepisse
585 3304 742 3370 creatum,
769 3303 801 3356 et
825 3295 887 3356 hoc
911 3317 1026 3359 omnes
1050 3300 1154 3363 sancti

90 3501 98 3524 ¹
113 3491 200 3560 Quod
214 3491 332 3546 libenter
344 3492 474 3547 concedit
489 3493 620 3545 Dr'llman
634 3493 774 3560 (Genesis,
792 3511 818 3560 p.
835 3492 872 3558 9),
885 3494 942 3562 qui,
955 3493 1019 3548 licet
1034 3497 1154 3550 rationa-

54 3579 155 3634 listicis
167 3579 262 3634 faveat
275 3579 353 3651 ideis,
368 3579 404 3634 de
417 3580 541 3634 mosaicd
551 3580 737 3648 ,cosmogonia
751 3581 863 3634 scribit:
885 3582 900 3606 “
909 3582 934 3632 Α
955 3592 1078 3650 tempore
1099 3603 1154 3652 quo

54 3667 208 3736 scriptores
221 3667 379 3722 describere
393 3667 485 3721 conati
499 3678 573 3732 sunt,
588 3669 680 3721 verbis
694 3668 817 3721 humano
831 3669 981 3722 intellectui
996 3688 1153 3725 accommo-

54 3756 138 3822 datis,
152 3755 304 3810 creationis
318 3772 396 3824 opus,
410 3756 485 3825 quod
499 3773 609 3824 semper
627 3757 708 3809 nobis
726 3756 777 3811 erit
796 3757 967 3824 mysterium,
981 3759 1153 3826 impossibile

54 3845 144 3898 evasit
157 3834 258 3912 majori
271 3833 480 3912 magnificentia
492 3853 540 3898 aut
553 3844 689 3912 dignitate
700 3845 766 3897 illud
777 3839 916 3899 exhibere.
959 3838 1061 3900 Merito
1072 3849 1154 3915 igitur

54 3949 89 3986 ex
108 3933 166 3987 hac
185 3931 347 3986 narratione
366 3940 563 4000 argumentum
582 3932 686 3994 eruitur
707 3933 782 4001 quod
803 3933 838 3986 sit
858 3934 991 3997 revelata;
1012 3935 1064 3987 nisi
1078 3936 1152 3988 enim

55 4020 136 4072 Deus
159 4016 285 4086 seipsum
306 4017 474 4082 manifestet,
498 4019 558 4086 ejus
578 4035 648 4086 opus
671 4017 746 4071 reite
768 4018 902 4071 delineari
929 4020 1032 4087 nequit.
1074 4022 1151 4090 Opus

54 4105 189 4176 equidem
202 4114 245 4160 est
259 4104 378 4174 Spiritus
391 4104 568 4160 revelantis.”
604 4108 657 4174 Ap.
672 4107 774 4173 anrm,
787 4125 830 4176 op.
846 4107 891 4160 cit.
908 4125 934 4176 p.
951 4121 992 4172 31.

69 4189 193 4260 ,²Sum.
210 4192 293 4246 theol.
309 4193 331 4261 I,
348 4209 373 4261 q.
387 4193 430 4257 68,
445 4211 471 4248 a.
490 4208 511 4246 r.

89 4290 100 4321 ³
113 4283 186 4336 Gen.
200 4281 238 4335 ad
250 4281 301 4347 lit,
317 4281 339 4346 1,
352 4298 375 4334 c.
395 4283 436 4345 18;
456 4282 594 4348 Confess„
608 4282 625 4334 l.
642 4283 728 4345 XIII,
743 4301 766 4335 c.
784 4299 872 4350 23-24.
