2684 4634
201 176 274 226 204
665 175 803 226 CAPUT
822 175 847 224 1.

201 357 325 420 tionem
357 357 547 420 sensibilem
574 357 625 419 vel
655 357 878 420 insensibilem
888 379 895 434 ;
933 357 1024 438 atqui
1052 365 1209 421 neutrum
1239 355 1296 417 dici
1336 328 1338 343 Ι

202 468 333 541 potest:
909 540 912 545 Ι

201 564 251 645 (a)
275 583 341 625 non
366 563 463 644 prius,
480 584 557 626 nam
582 563 608 624 si
632 564 774 626 mutatio
796 563 957 626 sensibilis
979 560 1067 626 faeta
1084 562 1211 639 fuisset,
1226 562 1299 626 assi·

201 666 294 746 gnari
311 665 471 728 deberent
487 675 617 747 tempus,
633 667 718 728 locus
733 675 766 729 et
782 667 895 730 auller
905 667 1011 730 illius:
1035 667 1098 729 hoc
1111 675 1226 729 autem
1237 664 1299 728 fieri

202 769 325 849 nequit,
342 770 419 850 quia
435 768 477 831 de
492 767 581 832 fatto
598 770 688 832 nulla
705 771 916 833 inveniuntur
931 771 1071 852 vestigia
1087 770 1187 851 hujus
1198 778 1299 832 muta-

202 873 301 934 tionis
324 873 357 934 in
381 870 532 935 doctrina
557 873 724 949 Ecclesiae,
748 873 805 936 sed
830 894 849 936 e
873 883 989 937 contra
1012 874 1151 936 historia
1174 881 1300 935 constat

202 976 396 1056 mysterium
414 975 587 1038 Trinitatis
604 976 705 1038 fuisse
728 977 863 1058 quidem
887 979 929 1040 ab
953 978 1047 1040 initio
1071 978 1298 1058 impugnatum

202 1100 221 1139 a
251 1079 365 1159 paucis
396 1079 569 1154 haereticiS,
600 1080 658 1142 sed
690 1081 803 1142 statim
827 1100 847 1141 a
871 1080 1022 1143 Patribus
1045 1087 1299 1162 propugnatum.

202 1180 375 1260 Objiciunt
397 1181 532 1262 quidem
557 1182 790 1246 Rationalistae
814 1181 893 1244 illud
918 1183 1043 1264 dogma
1074 1178 1298 1244 introductum

202 1283 301 1347 fuisse
324 1305 344 1346 a
369 1283 526 1347 Clemente
548 1284 783 1363 Alexandrino,
798 1286 849 1349 vel
876 1286 911 1350 S.
920 1286 1064 1369 sustine,
1080 1285 1137 1366 qui
1159 1305 1298 1366 graecam

202 1387 445 1469 philosophiam
462 1388 590 1469 optime
602 1398 774 1469 noverant;
797 1389 854 1451 sed
868 1388 930 1451 hoc
941 1397 1054 1470 aperte
1066 1385 1164 1451 saetis
1174 1396 1298 1450 contra

202 1489 290 1565 dicit,
306 1509 409 1570 quum
427 1490 679 1571 allegaverimus
696 1491 887 1554 testimonia
904 1493 1038 1555 Patrum
1064 1491 1095 1555 S.
1112 1491 1248 1572 Justino
1270 1499 1298 1552 et

202 1593 375 1656 Clemente
391 1593 614 1673 antiquiorum
621 1615 629 1670 ;
653 1593 787 1656 aliunde
804 1595 836 1659 S.
853 1596 1002 1676 Justinus
1018 1594 1142 1657 diserte
1158 1592 1299 1656 affirmat

201 1694 387 1759 doctrinam
404 1694 495 1758 illam
513 1716 579 1758 non
597 1716 616 1757 a
632 1698 748 1778 graecis
765 1697 971 1780 philosophis
988 1697 1045 1760 sed
1063 1717 1083 1758 a
1097 1696 1201 1759 sacris
1219 1696 1298 1760 Scri·

201 1799 351 1881 ptoribus
366 1799 601 1880 depromptam
619 1799 739 1862 fuisse:
763 1801 883 1863 “Nihil
908 1800 987 1862 mihi
1011 1820 1098 1862 curae
1122 1807 1173 1861 est
1198 1798 1299 1872 Plato,

201 1889 281 1964 nihil
300 1902 545 1984 Pythagoras..:
569 1903 727 1965 exstitere
743 1903 794 1964 his
806 1904 1006 1985 antiquiores
1018 1902 1179 1978 homines,
1189 1902 1299 1964 divino

202 2005 328 2086 Spiritu
352 2003 488 2068 afflante
513 2005 695 2085 loquentes,
719 2027 802 2087 quos
825 2006 1004 2088 prophetas
1027 2006 1159 2082 dicunt;
1182 2003 1218 2067 hi
1242 2004 1298 2067 soli

201 2108 279 2189 quid
292 2107 323 2169 in
334 2128 412 2170 vero
422 2108 465 2171 sit
475 2108 636 2185 viderunt,
648 2118 681 2171 et
691 2109 880 2172 hominibus
891 2107 1150 2172 renuntiarunt”.
1182 2107 1298 2171 Aliun-

201 2213 242 2273 de
258 2212 428 2292 quomodo
443 2212 493 2273 vir
508 2232 594 2274 unus
617 2220 675 2275 aut
698 2212 789 2289 alter,
807 2212 907 2274 etiam
931 2212 1081 2274 maxima
1102 2208 1299 2274 auetoritate

201 2314 338 2397 pollenS,
349 2333 472 2376 novum
485 2315 618 2396 dogma,
631 2314 785 2377 humanae
797 2315 918 2378 rationi
931 2315 1136 2397 impervium,
1149 2314 1181 2376 in
1196 2323 1298 2377 totam

202 2418 387 2480 Ecclesiam
405 2417 657 2493 introduxisset,
671 2418 740 2498 jam
758 2439 816 2499 per
832 2428 940 2482 totum
957 2419 1072 2481 orbem
1090 2417 1157 2481 late
1181 2438 1298 2500 propa-

200 2525 333 2602 gatam?
358 2520 449 2600 Ergo
466 2540 531 2580 non
550 2529 660 2600 potest
676 2520 807 2585 admitti
826 2523 966 2585 mutatio
982 2521 1155 2584 sensibilis.

242 2626 290 2691 62.
336 2623 386 2704 (b)
419 2623 489 2684 Nec
520 2623 652 2685 admitti
683 2633 794 2704 potest
824 2623 1020 2687 insensibilis
1049 2624 1197 2701 namatio,
1224 2626 1300 2706 quia

200 2730 324 2810 dogma
341 2738 409 2789 tam
428 2727 568 2788 maximi
594 2727 762 2804 momenti,
779 2736 848 2790 tam
874 2728 989 2790 intime
1012 2747 1201 2790 connexum
1226 2747 1298 2790 cum

200 2833 296 2915 praxi
313 2831 492 2894 christiana
508 2839 541 2892 ct
558 2830 647 2892 cultu
664 2831 787 2905 divino
803 2842 872 2894 tam
890 2828 1015 2894 directe
1031 2832 1226 2913 oppositum
1243 2831 1298 2894 hu-

200 2957 308 2998 manae
325 2935 461 2997 rationis
477 2934 685 3015 praejudiciis,
700 2954 765 2996 non
783 2935 900 3015 potuit,
913 2934 1015 2996 modo
1028 2934 1221 3009 insensibili,
1233 2936 1300 2996 sine

199 3038 266 3102 ulla
276 3037 520 3110 reclamatione,
531 3037 602 3097 sine
612 3036 978 3117 disputationibuS,sine
991 3036 1147 3100 Conciliis
1159 3038 1191 3098 in
1203 3039 1300 3100 variis

201 3139 358 3202 Ecclesiae
375 3139 524 3219 partibus
541 3140 761 3220 congregatis
772 3140 805 3200 in
818 3139 1018 3202 catholicum
1032 3139 1147 3201 orbem
1161 3160 1299 3222 serpere.

200 3241 299 3324 Quod
316 3241 449 3322 quidem
468 3240 574 3303 multo
591 3242 776 3304 evidentius
789 3243 971 3323 apparebit,
982 3243 1008 3304 si
1022 3243 1217 3306 attendatur
1229 3253 1299 3306 tum

200 3345 341 3419 Fideles,
358 3352 428 3405 tum
450 3345 603 3406 Pastores
626 3344 824 3425 dogmatum
849 3345 1122 3426 vigilantissimos
1145 3347 1301 3410 custodes

198 3449 307 3523 fuisse,
323 3456 360 3510 ut
383 3455 513 3510 constat
536 3467 579 3509 ex
604 3447 767 3529 frequenti
791 3447 1021 3510 haereticorum
1038 3447 1302 3524 denuntiatione,

198 3572 241 3614 ex
260 3551 406 3613 motibus
429 3559 463 3612 et
486 3550 769 3631 disputationibus
793 3551 949 3612 excitatis
972 3550 1086 3613 statim
1109 3570 1149 3612 ac
1173 3551 1302 3615 Ariana

198 3654 331 3716 haeresis
347 3662 420 3715 orta
436 3662 495 3728 est,
511 3674 554 3714 ex
572 3653 610 3714 iis
626 3673 701 3733 quae
720 3653 916 3715 Soaomenus
937 3652 1036 3716 refert
1059 3654 1101 3715 de
1124 3654 1302 3738 Triphyllo

199 3757 376 3838 Episcopo,
392 3756 458 3836 qui,
475 3775 578 3835 quum
596 3775 699 3817 unum
716 3755 853 3818 verbum
871 3757 903 3817 in
921 3764 1018 3819 textu
1036 3757 1213 3838 Evangelii
1231 3779 1301 3822 mu·

197 3861 308 3932 tasset,
324 3858 438 3919 statim
456 3878 475 3917 a
492 3857 524 3920 S.
543 3857 732 3947 Spiridione
747 3859 880 3921 viriliter
896 3859 1126 3940 interpellatus
1144 3869 1178 3923 et
1195 3882 1302 3925 corre·

197 3959 269 4023 dtus
287 3960 357 4035 fuit,
373 3960 512 4041 aliisque
529 3958 623 4022 factis
641 3959 831 4040 hujusmodi
848 3982 923 4042 quae
939 3962 1049 4043 legere
1064 3972 1116 4025 est
1131 3966 1223 4045 apud
1238 3965 1301 4028 Ec·

197 4063 390 4126 clcsiasticae
407 4062 553 4125 historiae
570 4063 755 4144 scriptores
802 4065 968 4129 Remanet
992 4067 1092 4147 igitur
1115 4077 1153 4130 ut
1175 4067 1303 4150 dogma

199 4167 257 4231 SS.
275 4166 448 4230 Trinitatis
465 4167 507 4229 ab
524 4167 603 4249 ipsis
622 4167 794 4248 Apostolis
810 4180 844 4232 ct
860 4190 880 4231 a
896 4169 1029 4233 Christo
1042 4170 1191 4252 Domino
1205 4171 1303 4236 suerit

197 4268 363 4333 edoctum.
