2684 4634
201 160 261 212 128
652 160 792 211 CAPUT
808 159 849 208 11.

199 351 386 404 remunerat
403 340 574 422 malosque
591 340 695 421 punit.
741 340 813 402 Nec
829 349 939 402 tamen
955 339 1136 401 dicendum
1159 347 1218 401 est
1230 336 1296 400 vin·

198 443 322 507 dietam
351 445 383 507 in
408 445 484 507 Deo
507 443 632 526 aliquid
657 444 884 506 inordinatum
908 461 996 519 esse;
1031 439 1112 502 nihil
1137 439 1228 502 aliud
1252 449 1298 503 est

198 548 286 610 enirn
311 549 373 609 nisi
398 547 484 609 illius
505 547 644 627 justitiae
668 547 903 622 manifestatio
927 565 1002 626 quae
1029 545 1062 605 in
1093 542 1297 625 sapientibus

135 699 138 705 .
198 651 449 714 communitatis
465 649 647 714 rettoribus
665 650 790 732 fulgere
814 649 936 713 debet:
960 647 1023 709 nisi
1046 647 1142 709 enim'
1161 646 1298 728 punian-

198 765 252 818 tur
268 756 321 830 rei,
339 755 428 836 leges
445 755 582 836 impune
605 755 772 816 violantur
796 772 944 834 moxque
968 760 1040 816 tota
1063 741 1207 815 societas
1230 771 1298 832 per-

198 858 356 920 turbatur.

198 959 248 1042 (b)
267 961 302 1024 Si
319 971 431 1024 autern
448 963 616 1042 quaeratur
631 959 802 1041 quomodo
821 959 952 1040 justitia
975 978 1051 1020 cum
1075 957 1300 1022 misericordia

198 1063 398 1139 concilietur,
415 1064 634 1145 respondetur
646 1082 721 1123 curn
736 1061 901 1143 Angelico
914 1058 1060 1124 Dotiore
1076 1061 1194 1141 “quod
1209 1062 1299 1124 Deus

199 1166 453 1229 misericorditer
484 1167 562 1247 agit,
594 1187 656 1228 non
687 1165 822 1246 quidem
854 1173 966 1227 contra
1000 1163 1177 1245 justitiam
1205 1184 1298 1227 suam

199 1267 359 1344 iaciendo
384 1270 443 1332 sed
472 1269 596 1351 aliquid
622 1279 722 1349 supra
744 1268 910 1349 justitiam
938 1269 1129 1349 operando:
1161 1268 1249 1331 sicut
1273 1270 1299 1330 si

198 1370 304 1447 alicui,
321 1373 372 1434 cui
389 1373 552 1435 debentur
568 1381 702 1435 centurn
720 1371 856 1454 denarii,
873 1370 992 1453 aliquis
1007 1373 1169 1435 ducentos
1184 1372 1243 1434 det
1258 1371 1300 1434 de

198 1496 280 1540 suo:
315 1476 389 1539 talis
421 1496 488 1538 non
520 1486 636 1539 contra
657 1477 822 1557 justitiam
849 1477 936 1552 facit,
962 1477 1020 1539 sed
1046 1474 1226 1538 liberaliter
1248 1474 1299 1538 vel

198 1579 454 1643 misericorditer
469 1589 632 1662 operatur.
680 1581 726 1644 Et
742 1581 894 1644 similiter
909 1583 936 1643 si
953 1581 1072 1663 aliquis
1088 1579 1249 1642 offensam
1266 1580 1299 1642 in

197 1704 233 1746 se
256 1685 469 1747 commissam
493 1686 649 1748 remittat.
696 1685 761 1768 Qui
786 1685 874 1748 enim
897 1685 1022 1766 aliquid
1046 1684 1195 1759 remittit,
1218 1704 1300 1765 quo·

197 1788 379 1852 dammodo
396 1790 501 1852 donat
518 1788 650 1852 illud'’1.

231 1938 271 1989 66.
312 1942 338 2004 3⁰
355 1935 458 1992 Coroll.
499 1933 744 2005 Divinaejustitiae
754 1933 909 1992 meditatio
917 1934 994 1992 duos
1003 1931 1164 2005 praesertim
1174 1931 1299 1990 effeetus

197 2032 266 2077 nata
278 2031 322 2079 est
335 2022 500 2092 producere
513 2041 519 2077 :
540 2022 580 2092 (a)
594 2020 722 2076 timorem
736 2020 804 2088 Dei,
815 2020 853 2079 de
866 2039 927 2093 quo
940 2020 1109 2078 dictumest
1122 2039 1128 2076 :
1148 2018 1299 2076 “Initium

197 2107 349 2179 sapientiae
361 2109 450 2166 timor
464 2107 587 2165 Domini
595 2108 635 2175 ''²;
655 2108 714 2166 hoe
727 2109 807 2166 enirn
822 2109 941 2167 salutari
954 2109 1059 2168 timore
1072 2127 1090 2166 a
1102 2117 1229 2180 peccato
1247 2109 1298 2166 de-

197 2204 346 2267 terremur,
364 2195 444 2253 etad
458 2195 664 2267 poenitentiam
678 2196 846 2267 excitamur,
864 2207 896 2254 ut
915 2205 1032 2254 constat
1051 2213 1087 2254 ex
1102 2194 1298 2254 conversione

198 2281 419 2349 Ninivitarum³,
445 2282 657 2353 praedicatione
681 2282 806 2356 Joannis
833 2284 976 2355 Baptistae
998 2282 1099 2354 (Matr.
1125 2280 1186 2354 III,
1210 2285 1247 2355 7),
1269 2290 1298 2340 et

197 2368 289 2440 ipsius
303 2368 413 2428 Christi
428 2368 543 2426 verbis:
567 2371 584 2399 “
596 2369 625 2427 Si
639 2370 846 2441 poenitentiam
860 2390 921 2429 non
935 2369 1061 2442 egeritis,
1077 2387 1184 2428 omnes
1197 2369 1297 2428 simili·

197 2468 241 2515 ter
253 2455 431 2527 peribitis''⁴;
450 2456 501 2528 qui
512 2458 591 2514 eninr
602 2475 728 2515 amorea
738 2467 861 2530 peceato
871 2457 1006 2516 nondum
1015 2455 1180 2528 cohibetur,
1192 2456 1298 2515 timore

197 2545 300 2602 saltem
322 2554 440 2602 aeternae
461 2561 559 2616 poenae
582 2546 802 2617 compescitur:
832 2545 902 2602 hinc
928 2543 1073 2603 exclamat
1097 2543 1296 2602 Psalmnw:

201 2631 353 2703 “Confige
375 2632 481 2690 timore
504 2642 555 2689 tuo
578 2650 680 2690 carnes
703 2651 801 2690 ineas:
821 2650 838 2689 a
859 2631 979 2703 judiciis
998 2630 1078 2690 enirn
1097 2630 1155 2689 tuis
1175 2631 1297 2704 timui'';

196 2721 236 2803 (b)
248 2728 331 2790 spem,
345 2736 413 2775 nam
428 2719 450 2776 si
465 2718 494 2774 in
509 2719 565 2776 hae
578 2719 638 2776 vita
650 2719 738 2777 rebus
751 2720 881 2777 adversis
894 2718 1055 2789 obruimur,
1067 2716 1232 2778 certissime
1244 2718 1295 2776 sci-

196 2825 261 2863 mus
275 2806 426 2878 passiones
439 2807 528 2878 hujus
541 2806 684 2877 temporis
698 2806 771 2862 nihil
784 2806 865 2864 aliud
884 2824 948 2864 esse
968 2805 1022 2863 nisi
1043 2804 1168 2863 totidem
1188 2806 1295 2876 gradus

195 2895 304 2967 quibus
317 2897 461 2967 majorem
474 2893 598 2967 gloriam
612 2896 755 2967 consequi
769 2911 935 2967 possumus,
949 2911 1041 2965 quum
1055 2891 1179 2964 praemia
1191 2892 1294 2952 labori·

196 2982 251 3039 bus
264 2992 292 3039 et
305 2982 458 3040 conatibus
472 2982 745 3055 proportionentur3
764 2983 834 3039 hinc
843 3000 912 3039 curn
921 2981 1091 3053 Apostoloss,
1105 2979 1294 3052 “gloriamur

196 3071 225 3125 in
246 3068 494 3139 tribulationibus
520 3071 647 3129 scientes
669 3071 752 3142 quod
774 3071 926 3129 tribulatio
946 3069 1122 3142 patientiam
1145 3082 1293 3142 operatur,

195 3155 337 3227 patientia
348 3165 446 3214 autem
458 3155 675 3228 probationem,
688 3157 823 3230 probatio
832 3175 900 3215 vero
909 3173 1001 3228 spem.
1040 3156 1114 3227 Spes
1124 3166 1292 3215 autemnon

195 3242 375 3301 confundit.''

541 3551 951 3718 -rer—-aor-

1242 4117 1286 4128 ..-

155 4162 158 4165 ’
223 4175 273 4228 ¹5.
294 4175 345 4229 rb.
364 4177 385 4240 l,
400 4192 425 4247 q.
441 4176 560 4240 XX[,a.
578 4190 603 4246 3,
616 4175 813 4231 ada—²1²5.
829 4179 889 4246 CX,
907 4193 991 4233 ro-
1004 4179 1089 4248 ³Jon.
1106 4179 1161 4248 ΙΙΙ,
1175 4195 1193 4248 4
1207 4197 1288 4252 sq.—

171 4265 183 4296 ⁴
190 4262 262 4316 Luc.
280 4264 345 4318 Xll
350 4266 363 4319 Ι
387 4275 415 4336 5.
431 4297 466 4306 -
479 4266 490 4299 ⁶
502 4267 551 4323 Ps.
571 4265 716 4337 CXVlll,
734 4280 794 4323 120.
810 4263 864 4303 -Ι
880 4265 1075 4333 Romstlffl.
