2684 4634
118 172 181 223 m
580 169 722 221 cnm
736 170 764 218 1.

119 352 283 435 analogiis
293 352 531 434 philosophicis
541 352 747 414 illustrando
792 351 993 434 §.lustinus
1000 354 1092 417 ait1:
1115 360 1133 387 “
1143 355 1229 418 Eum

123 457 282 536 'Patrem
297 468 333 518 et
350 457 470 518 Filium
485 466 520 517 et
532 455 693 537 Spiritum
704 455 939 536 propheticum
948 456 1229 521 colimusetado

120 562 271 637 ramus”;
296 560 375 622 dein
390 560 490 620 ratiis
511 560 718 641 argumentis
738 559 952 622 dunonsuat
973 581 1045 622 non
1068 581 1147 624 esse
1169 563 1229 624 nisi

121 665 256 726 unicum
274 663 384 725 Deum
408 664 465 743 qui
487 664 613 725 crearit
635 664 760 736 omnia,
772 672 809 724 ct
829 673 945 725 tamen
966 664 1076 726 alium
1099 685 1176 727 esse
1197 667 1227 728 in

122 767 155 831 S.
181 767 327 843 Litteris,
349 768 407 848 qui
432 768 625 828 nominatur
648 767 752 839 Deus,
774 776 811 828 ct
834 765 1013 841 Dominus,
1035 769 1109 830 imo
1137 769 1228 832 Deus

120 870 331 950 serrandus,
356 870 448 951 quod
464 870 609 933 illustrat
623 869 783 951 exemplo
803 869 882 931 sales
902 880 938 932 et
957 869 1052 946 lueis,
1067 882 1105 934 et
1127 875 1226 936 etiam

120 974 281 1056 exemplo
294 976 392 1056 apes,
406 994 427 1035 a
441 994 510 1054 quo
525 974 621 1035 multi
637 974 694 1034 alii
708 973 937 1035 accenduntur
950 974 1059 1054 ignes,
1072 976 1149 1038 sine
1164 977 1227 1038 utta

120 1078 193 1159 ejus
207 1079 459 1141 diminutione2.
475 1116 518 1124 —
541 1079 577 1140 S.
594 1078 825 1160 Athenagoras
844 1078 919 1139 haec
939 1077 1089 1142 habeta:
1114 1079 1227 1162 “Quis

122 1200 187 1244 non
203 1182 349 1257 miretur,
362 1202 466 1262 quum
482 1182 600 1244 atheos
614 1182 725 1243 vocari
739 1182 836 1243 audit
855 1182 913 1262 qui
935 1192 1092 1245 asserunt
1116 1183 1226 1246 Deum

123 1284 265 1359 l'atrem,
279 1295 313 1346 et
330 1284 452 1347 Filium
477 1278 597 1359 Deum,
611 1295 647 1347 et
669 1285 831 1365 Spiritum
855 1282 1019 1348 Sanflum
1042 1305 1227 1368 eorumque

120 1389 304 1451 intendunt
318 1398 353 1450 et
368 1389 547 1450 essentiam
564 1390 597 1450 in
613 1389 752 1463 unitate,
766 1398 801 1450 et
814 1385 1072 1451 distinstionem
1087 1390 1123 1451 in
1139 1391 1225 1454 ordi-

120 1486 208 1553 ne''.’
223 1527 266 1537 -
282 1489 318 1553 S.
334 1489 480 1553 Irenoeus
494 1493 618 1571 pariter
632 1491 784 1553 scribitt:
809 1496 827 1521 “
839 1490 992 1553 Ecclesia
1013 1512 1075 1573 per
1096 1495 1225 1565 univer-

120 1612 195 1656 sum
210 1592 326 1656 orbem
343 1595 505 1675 usquead
523 1593 604 1656 fines
620 1604 716 1656 terrae
731 1594 898 1656 seminata
921 1594 967 1656 ab
988 1595 1173 1676 Apostolis
1194 1607 1226 1660 et

120 1717 235 1761 cotum
251 1698 432 1780 discipulis,
444 1700 574 1780 accepit
588 1719 663 1760 eam
676 1698 871 1779 fidem‚quae
879 1699 975 1761 estin
985 1720 1091 1762 unum
1104 1701 1226 1776 Deum,

120 1800 257 1865 Patrem
273 1803 574 1883 omnipotentem...‚
590 1812 625 1865 et
640 1803 672 1864 in
690 1821 793 1864 unum
802 1801 838 1884 J.
852 1800 885 1865 C.
894 1801 1021 1864 Filium
1032 1802 1109 1880 Dei,
1120 1805 1225 1867 incar·

121 1916 237 1969 natum
254 1926 315 1988 pro
330 1905 437 1969 salute
453 1910 582 1982 nostra;
608 1914 642 1968 et
658 1905 691 1966 in
707 1904 875 1986 Spiritum
885 1903 998 1986 S.,qui
1010 1925 1072 1986 per
1083 1907 1225 1989 prophe·

120 2018 172 2072 tes
190 2010 253 2073 Dei
269 2010 417 2088 consilia,
432 2020 465 2074 et
480 2011 662 2073 adventum
679 2009 947 2091 praenuntiavit'’.

155 2187 195 2247 53
234 2178 283 2246 (C)
300 2177 397 2234 Tertr'a
408 2189 508 2236 autem
520 2182 620 2236 saeula
629 2178 691 2249 jam
710 2177 880 2234 scribuntur
896 2175 1004 2247 integri
1022 2177 1170 2238 tradlatus
1188 2181 1225 2239 de

120 2262 149 2319 T
150 2263 278 2336 rinitate;
297 2265 337 2323 ita
353 2264 553 2322 Tertullianus
570 2265 725 2324 adversum
745 2265 886 2322 Praxeam
903 2264 1014 2321 librum
1031 2266 1161 2338 scripsit,
1175 2269 1224 2327 ubi

121 2350 186 2408 haec
205 2351 281 2410 inter
299 2352 356 2410 alia
375 2353 512 2424 leguntur
532 2358 607 2426 (cap.
625 2355 670 2424 2):
690 2350 910 2411 “Custodiatur
928 2352 1110 2411 oeconomiae
1128 2373 1224 2419 sacra·

122 2447 266 2509 mentum,
276 2457 344 2510 quae
356 2440 495 2496 unitatem
508 2441 540 2497 in
553 2441 713 2497 trinitatem
725 2439 858 2511 disponit,
870 2448 929 2497 tres
938 2439 1079 2512 dirigens,
1091 2441 1222 2515 Patrem,

122 2532 152 2582 et
164 2522 283 2597 saliam,
298 2536 328 2583 et
341 2526 486 2598 spiritam
501 2527 649 2584 Sanllnm.
686 2527 761 2584 Tres
770 2536 870 2583 autem
882 2532 1038 2592 anastatus,
1048 2527 1225 2600 sedgradn,·

122 2628 178 2669 nec
195 2612 365 2684 substantia,
382 2614 436 2672 sed
446 2614 564 2686 formel-
582 2633 638 2672 nec
651 2621 800 2686 potestate,
821 2613 876 2671 sed
892 2613 998 2684 spea'e:
1015 2614 1105 2672 renim
1121 2627 1223 2676 autern

121 2698 297 2766 substantia,
318 2712 348 2759 et
368 2702 455 2759 unius
469 2708 628 2774 potestatis,
649 2702 719 2774 quia
740 2719 817 2758 unus
837 2700 954 2759 Deus''.
993 2700 1033 2758 Et
1052 2701 1084 2758 in
1103 2703 1181 2764 libro
1193 2707 1225 2764 a'e

122 2784 270 2844 Pudicitia
283 2791 318 2858 (c.
336 2791 381 2856 21)
394 2789 458 2847 haec
471 2788 580 2847 habet:
604 2789 688 2846 “Est
707 2788 828 2845 trinitas
845 2786 932 2844 unius
950 2786 1120 2860 divinitatis
1139 2792 1226 2852 Pater

123 2881 153 2928 et
165 2873 254 2931 Filius
266 2884 295 2933 et
308 2875 432 2947 Spiritus
446 2876 495 2934 S.’'
532 2877 610 2933 Item
630 2875 659 2932 S.
675 2874 854 2946 Hippolytus
871 2883 976 2932 contra
995 2874 1129 2934 Noetum
1147 2897 1224 2952 opus

123 2959 246 3031 scripsit,
263 2961 313 3018 ubi
327 2963 385 3020 ait:
407 2964 568 3021 “Necesse
581 2963 661 3020 enim
675 2971 720 3020 est
739 2970 780 3027 ut,
796 2961 932 3033 quamvis
950 2961 1033 3030 nolit,
1045 2965 1226 3026 confiteatur

124 3044 222 3102 Deum
233 3047 348 3105 Patrem
358 3051 604 3122 omnipotentem,
614 3058 643 3107 et
652 3048 802 3108 Christum
812 3048 916 3120 Jesum
926 3047 1033 3106 Filium
1046 3049 1114 3121 Dei,
1123 3052 1224 3112 Deum

124 3131 234 3190 laetum
248 3134 434 3194 hominem...
449 3148 478 3196 et
491 3137 632 3209 Spiritum
646 3139 674 3194 S.
688 3147 717 3195 et
727 3136 855 3193 hosesse
864 3153 933 3193 vere
942 3135 1030 3194 tres''.
1070 3139 1225 3213 many-

122 3219 183 3277 sins
194 3221 341 3279 Alexand.
357 3224 518 3282 Sabellium
532 3225 621 3283 etiam
635 3222 745 3296 scripto
758 3223 930 3293 confutavit,
940 3222 970 3279 in
983 3241 1045 3294 quo
1056 3224 1226 3289 luculenter

124 3326 315 3380 personarum
330 3312 489 3371 trinitatem
509 3314 628 3384 edocet;
647 3312 851 3384 expressiones
869 3311 991 3383 quidem
1009 3312 1145 3387 adhibet,
1160 3318 1224 3390 qui-

124 3393 180 3454 bus
194 3398 300 3456 Filium
317 3400 400 3459 Patre
413 3403 559 3458 minorem
572 3419 636 3458 esse
649 3400 788 3465 declarat,
803 3398 856 3457 sed
870 3408 973 3470 postea
984 3398 1015 3455 in
1029 3399 1168 3472 Epistola
1184 3407 1223 3464 ad

123 3485 297 3556 Dionysiam
312 3488 400 3546 Rom.
418 3489 601 3559 Pontificem,
619 3506 668 3546 eas
682 3487 824 3546 emollivit
836 3505 872 3545 ac
884 3486 992 3544 Filium
1013 3487 1092 3545 Patri
1110 3493 1224 3550 conserb-

122 3575 285 3632 stantialent
300 3586 329 3634 et
340 3584 505 3634 coeternum
518 3577 685 3649 appellavit.
727 3575 854 3632 Clemens
865 3575 1023 3644 aroanna,
1035 3576 1163 3650 ejusque
1181 3582 1223 3639 di-

123 3663 253 3735 scipulus
270 3664 405 3736 Origenes
418 3665 510 3722 multa
520 3665 628 3736 pariter
637 3663 828 3722 deTrinitate
838 3662 1027 3736 scripserunt,
1037 3681 1107 3735 quae
1116 3667 1223 3728 referre

123 3752 208 3808 nimis
222 3752 344 3822 longum
358 3762 443 3821 esset,
456 3762 485 3809 et
498 3751 631 3824 quamvis
646 3751 790 3822 Origenes
802 3750 948 3818 erraverit,
960 3749 1032 3807 dum
1045 3751 1140 3809 modo
1159 3755 1222 3826 phi-

15 3866 19 3877 .
122 3838 277 3910 losophico
291 3838 363 3896 illud
372 3838 542 3911 mysterium
554 3856 702 3910 exponere
710 3837 842 3907 voluerit,
852 3836 931 3894 redte
941 3835 1120 3896 catholicam
1130 3839 1222 3899 fidem

122 3926 254 3984 exhibuit
268 3927 389 3998 quando
403 3937 434 3984 ut
449 3926 630 3983 Tradittanrs
640 3925 717 3981 testis
726 3925 843 3982 locutus
854 3933 898 3982 est
902 3943 910 3995 ;
929 3923 977 3991 ita,
988 3923 1018 3980 in
1029 3925 1222 3984 sextoEnar-

67 4048 70 4057 ·
123 4016 277 4082 rationari,
305 4015 343 4073 de
369 4014 518 4086 baptismo
543 4031 643 4085 agens
669 4013 854 4069 “adoranda
882 4011 1041 4068 Trinitatis
1062 4012 1199 4072 deitatem
1207 4016 1222 4042 ’'

157 4214 164 4236 ¹
178 4203 296 4271 Apolog.
316 4203 338 4265 l,
354 4221 380 4255 n.
396 4203 439 4266 67.
453 4231 486 4239 -
498 4199 508 4222 ²
520 4200 631 4268 Dialog.
645 4217 709 4253 cum
721 4200 883 4269 Tryphone,
898 4200 937 4267 56.
948 4229 982 4238 -
994 4197 1005 4228 ³
1015 4199 1114 4269 Legat.
1130 4217 1159 4256 n.
1180 4219 1222 4269 103

121 4291 154 4346 ci.
168 4309 195 4346 n.
215 4305 254 4357 12,
269 4305 310 4357 24.
370 4291 464 4344 ⁴Adv.
481 4291 598 4357 Haeres,
612 4289 660 4342 lib.
676 4290 697 4354 l,
711 4306 734 4341 c.
754 4304 793 4354 10,
807 4305 832 4341 n.
850 4305 873 4342 1.
944 4320 947 4325 ,
