2684 4634
126 175 189 229 276
472 211 476 218 -
580 178 720 228 CAPUT
737 179 762 226 1.
850 181 863 200 “

125 354 160 410 ea
177 364 361 422 crescentes;
385 355 449 413 haec
468 365 512 414 est
531 356 615 414 tertia
633 357 707 428 dies,
728 367 757 415 et
776 357 816 415 ita
835 357 873 414 de
891 357 1006 416 ceteris.
1048 357 1122 416 Dies
1139 357 1215 428 igitur

125 451 187 498 sunt
199 441 326 500 visiones
339 442 462 500 diversae
469 462 477 515 ;
491 461 574 500 titane
586 453 615 501 et
628 453 738 516 uespere
750 444 848 502 lucem
862 444 1069 517 propheticam
1084 461 1216 517 apparen-

124 538 184 591 tem
197 538 226 587 et
239 540 465 589 evanescentem
479 531 645 602 designant.
685 531 769 591 Ordo
787 540 885 589 autem
902 550 990 604 quern
1010 532 1132 604 Moyses
1144 532 1173 588 in
1183 531 1216 588 vi·

124 611 221 672 siones
238 614 393 674 referendo
413 615 554 689 sequitur,
576 627 621 677 est
637 619 751 690 logicus
771 617 969 691 potiusquam.
982 618 1215 690 chronologicus,

124 717 216 771 quum
230 703 294 772 ejus
307 721 416 775 scopus
430 721 490 760 non
510 704 546 761 sit
565 705 732 777 geologiam
746 705 863 776 docere,
879 704 932 762 sed
951 703 1051 764 vivide
1069 704 1223 763 ostendere·

124 800 229 845 omnes
242 806 296 854 res,
312 807 349 846 ne
369 790 427 846 una
446 790 568 861 quidem
589 791 720 864 excepta,
736 809 754 848 a
768 792 834 848 Deo
848 802 960 849 creatas
973 809 1047 850 esse.
1088 791 1179 858 Hinc,
1192 799 1219 846 ut

123 874 202 933 recte
213 877 273 946 jam
287 877 542 936 animadvertebat
556 878 586 935 S.
606 879 751 950 Thomas¹‚
768 878 873 950 triplex
885 897 961 951 opus
974 879 1005 936 in
1020 879 1120 951 primo
1132 878 1220 950 capite

124 960 248 1019 Genesis
261 963 455 1022 describitur:
476 982 551 1036 opus
564 966 722 1036 creationis,
740 962 792 1037 p'er
805 966 886 1037 quod
900 967 1010 1024 coelum
1024 975 1054 1024 et
1066 976 1146 1025 terra
1163 983 1219 1037 pro·

123 1041 213 1123 ducta
232 1055 387 1126 leguntu13
406 1072 482 1125 opus
500 1053 701 1122 distinctionis,
716 1071 768 1124 per
787 1053 869 1124 quod
887 1054 996 1111 coelum
1016 1062 1048 1111 et
1065 1063 1145 1111 terra
1160 1063 1220 1109 sunt

124 1139 273 1211 perfe6ia3
295 1158 371 1212 opus
389 1142 522 1211 ornatas,
542 1158 594 1211 per
613 1140 696 1211 quod
714 1140 824 1197 coelum
846 1150 875 1198 et
897 1149 972 1198 terra
990 1140 1137 1198 decorem
1153 1139 1221 1198 acci·

124 1227 217 1296 piunt.
258 1227 344 1300 Opus
368 1222 525 1286 creationis
556 1227 611 1285 tria
641 1227 850 1298 complectitur
878 1247 885 1283 :
914 1228 1034 1300 coelum,
1052 1222 1221 1286 terramet

122 1330 239 1384 aquam.
277 1315 362 1386 Opus
375 1314 574 1372 distinctionis
593 1313 646 1370 tria
665 1313 791 1385 pariter:
811 1313 906 1386 primo
925 1313 974 1372 die
992 1314 1043 1371 lux
1056 1314 1221 1373 dividitura

122 1399 260 1472 tenebris,
274 1402 406 1459 secundo
419 1420 505 1474 aquae
519 1402 684 1473 superiores
698 1401 869 1461 dividuntur
880 1401 919 1459 ab
932 1401 1134 1472 inferioribus
1144 1402 1221 1461 tertio

123 1504 203 1551 mare
216 1488 407 1559 distinguitur
418 1488 458 1546 ab
470 1488 559 1545 arida.
595 1487 735 1544 Similiter
748 1487 778 1544 in
791 1505 881 1561 opere
894 1490 1035 1546 ornaths:
1049 1489 1220 1561 quartoue,

123 1567 328 1645 producuntur
341 1574 506 1641 luminaria,
521 1575 560 1632 ad
574 1584 711 1631 ornatum
731 1574 808 1646 coeli,
824 1575 929 1647 quinto
941 1593 1010 1634 aves
1024 1585 1054 1634 et
1066 1577 1174 1648 pisces,
1186 1577 1224 1645 ad,

123 1670 259 1718 ornatum
272 1660 346 1718 aeris
359 1672 387 1719 et
400 1679 505 1732 aquae;
524 1670 607 1718 sexto
620 1659 767 1745 animalia,
783 1659 822 1719 ad
835 1670 973 1719 ornatum
985 1661 1095 1722 terrae.²

165 1808 214 1871 29.
262 1793 317 1875 (C)
348 1794 437 1857 Huic
467 1794 642 1875 systemati
674 1791 781 1854 affinis
812 1804 863 1856 est
893 1795 1060 1857 sententia
1092 1795 1219 1878 Cliffort,

125 1895 345 1976 Clistonienszs
374 1897 530 1978 episcopi,
555 1895 611 1977 qui
637 1903 728 1957 tenet
756 1896 935 1958 mosaicam
966 1897 1216 1980 descriptionem

12 2016 14 2021 ·
122 2019 189 2063 non
219 2020 291 2062 esse
320 2000 512 2063 historicam
544 1991 776 2073 narrationem,
802 1999 860 2061 sed
884 2019 1012 2062 carmen
1036 2000 1217 2086 liturgicum

122 2102 271 2184 singulos
286 2103 507 2165 hebdomadis
530 2104 600 2165 dies
624 2101 764 2181 singulis
781 2100 945 2164 Creatoris
961 2104 1121 2186 operibus
1135 2106 1215 2170 dedi·

123 2190 201 2264 cans
217 2225 224 2280 ;
247 2203 411 2284 siquidem
430 2204 576 2285 Moyses,
592 2204 754 2287 populum
776 2205 931 2286 Judaeum
947 2216 1098 2272 avertere
1112 2210 1216 2272 volens

123 2291 166 2367 ab
181 2307 416 2387 AEgyptiorum
441 2307 739 2389 superstitionibus
755 2308 811 2388 qui
834 2308 982 2390 singulos
1003 2308 1214 2376 hebdomadis

123 2409 193 2471 dies
208 2417 336 2490 septem
353 2409 504 2491 planetis
514 2411 608 2491 quasi
625 2412 696 2487 diis,
707 2411 890 2487 sacrabant,
900 2412 1050 2494 singulos
1065 2415 1141 2478 illos
1155 2417 1214 2479 dies

122 2513 226 2602 voluit
242 2512 283 2575 ad
301 2513 467 2594 praecipua
483 2533 584 2595 opera
600 2515 697 2577 unius
711 2514 775 2576 Dei
789 2515 955 2578 Creatoris
971 2517 1102 2596 referre,
1113 2519 1213 2582 simul-

123 2635 187 2697 que
203 2616 408 2680 sabbaticam
433 2618 579 2698 requiem
604 2618 839 2680 commendare
855 2619 1014 2700 exemplo
1030 2620 1136 2703 ipsius
1153 2603 1213 2695 Dei,

122 2719 188 2800 qui,
198 2720 375 2802 postquam
393 2741 453 2782 sex
470 2704 588 2783 diebus
604 2729 762 2802 operatus
777 2730 856 2796 erat,
866 2721 920 2783 die
936 2722 1080 2803 septima
1092 2725 1213 2806 quievit.

136 2941 139 2944 ‚
165 2876 214 2940 30.
262 2860 418 2942 Systema
444 2860 668 2942 allegoricum,
691 2873 789 2944 prout
815 2884 834 2926 a
860 2865 892 2929 S.
909 2864 1104 2947 Augustino
1126 2869 1214 2932 tradi·

122 2975 203 3046 tum,
227 2962 325 3024 hodie
349 2962 439 3025 nulla
462 2963 698 3044 probabilitate
720 2965 854 3046 gaudet,
870 2977 1005 3049 propter
1027 2981 1216 3050 argumenta

122 3086 222 3147 supra
236 3064 307 3146 (25)
323 3065 433 3140 allata,
449 3087 493 3127 ex
510 3067 629 3147 quibus
652 3077 744 3130 certo
766 3079 898 3132 constat
913 3071 1077 3134 mundum
1094 3074 1216 3137 nonnisi

122 3190 180 3252 per
206 3167 306 3247 longa
330 3168 452 3231 saecula
479 3169 578 3232 fuisse
601 3170 821 3235 efformatum.
844 3211 888 3220 —
912 3174 1087 3238 Hodierna
1113 3189 1216 3242 autem

122 3271 304 3335 idealistica
319 3280 503 3352 systemata
519 3273 754 3354 probabilitate
773 3295 839 3338 non
855 3284 1028 3351 carent‚.et
1043 3278 1138 3343 salva
1153 3281 1218 3358 fide,

122 3376 225 3439 teneri
240 3385 388 3456 possunt,
405 3396 506 3457 quum
523 3398 693 3458 nunquam
718 3379 877 3440 damnata
900 3375 1029 3455 fuerint,
1047 3379 1218 3464 principio·

121 3499 185 3560 que
201 3478 349 3540 nitantur
363 3480 452 3558 quod
467 3500 486 3541 a
500 3478 700 3543 Dodtoribus
717 3479 857 3542 maximi
872 3479 1017 3541 nominis
1033 3501 1218 3566 propugna-

120 3591 192 3644 tum
208 3580 277 3643 luit.
317 3581 357 3643 Id
373 3581 498 3644 habent
514 3584 681 3645 commodi
698 3593 734 3646 ut
751 3582 931 3645 mosaicam
948 3585 1175 3650 narrationem
1191 3589 1218 3648 in

120 3693 194 3747 tuto
208 3683 380 3758 collocent,
392 3705 532 3764 eamque
548 3687 681 3766 penitus
697 3684 895 3748 subtrahant
907 3684 950 3746 ab
963 3684 1220 3768 impugnationi-

119 3788 181 3851 bus
204 3788 403 3850 naturalium
428 3788 649 3852 scientiarum.
695 3789 844 3852 Aliunde
866 3789 993 3870 optime
1018 3794 1219 3856 concordant

152 4031 214 4168 ag}
225 4030 335 4169 m„
342 4032 474 4184 ll’ijlvtgzsu,
491 4118 581 4186 April.
599 4119 672 4185 1881,
688 4119 773 4186 April.
789 4119 867 4186 18833
880 4119 914 4172 P.
924 4118 958 4170 de
969 4119 1118 4188 Foville,l.
1131 4139 1156 4179 e.
1170 4124 1219 4177 Les

113 4201 192 4270 jours
204 4202 241 4255 de
254 4203 281 4255 la
295 4204 427 4258 Semaine
440 4214 468 4258 et
483 4204 522 4256 les
538 4204 658 4258 (Euvres
669 4205 704 4259 de
717 4206 744 4257 la
756 4205 887 4259 Creation
895 4225 903 4270 ;
916 4205 1029 4260 Encore
1042 4206 1085 4260 les
1095 4207 1176 4276 jours
1187 4208 1218 4261 de

117 4287 144 4339 la
158 4287 296 4342 Creation.
