2684 4634
293 193 350 243 DE
368 192 590 243 MYSTERIO
608 191 939 242 REDEMPTIONIS.
1100 189 1166 240 565

64 394 123 454 pro
140 373 237 435 nobis
254 374 386 449 oravit1,
398 393 458 435 nec
474 382 581 435 cessat
595 375 627 434 in
640 372 733 434 coelis
749 393 863 435 orare:
888 377 904 402 “
915 391 1045 451 semper
1055 371 1167 432 vivens

64 478 105 539 ad
132 476 412 558 interpellandum
445 496 503 558 pro
533 476 629 538 nobis
641 476 705 552 ''²;
736 476 784 556 (c)
817 476 951 537 tandem
982 494 1042 554 pro
1074 473 1168 534 nobis

64 582 212 662 seipsum
228 601 342 644 verum
359 579 554 643 sacrificium
572 579 694 642 obtulit
710 580 742 640 in
760 583 816 641 ara
832 579 937 641 crucis
953 579 997 659 (n.
1012 579 1074 639 226
1087 576 1148 658 sq.)
1162 600 1168 638 :

64 683 140 746 binc
157 692 209 746 est
224 683 321 745 simul
337 684 492 746 sacerdos
509 692 543 745 et
558 681 693 746 victima
707 706 714 760 ;
737 704 823 765 ergo.

104 840 177 909 245
230 844 265 892 2⁰
294 829 480 894 Corollaria.
531 828 590 911 (A)
616 830 767 894 Christus
789 841 840 893 est
862 831 1008 893 sacerdos
1027 831 1061 891 in
1080 838 1167 892 ceter-

64 955 168 995 num:
192 934 242 1016 (a)
263 935 339 996 Hoc
366 954 522 1017 expresse
547 935 735 998 declaratur
762 956 781 997 a
807 935 995 1018 Scriptura:
1024 934 1104 995 “Tu
1133 954 1167 994 es
1206 920 1210 930 ’

63 1037 220 1099 sacerdos
241 1039 273 1099 in
294 1048 454 1101 aeternum
468 1039 509 1101 ''...
556 1044 572 1070 “
587 1039 653 1101 Hic
670 1048 792 1113 autem,
808 1059 848 1102 eo
864 1041 952 1120 quod
979 1045 1112 1099 maneat
1134 1036 1166 1096 in

62 1149 236 1216 aeternum,
252 1142 491 1222 sempiternum
516 1141 616 1204 habet
640 1142 861 1203 sacerdotium
873 1141 935 1217 '’³;
961 1137 1009 1219 (b)
1033 1136 1167 1199 aliunde

63 1241 217 1305 Christus
244 1263 414 1324 nunquam
440 1244 583 1305 cessabit
610 1264 765 1306 exercere
790 1244 918 1324 aliquos
945 1239 1167 1304 sacerdotales

63 1342 178 1407 actus:
202 1345 263 1407 etsi
281 1346 368 1407 enim
387 1346 521 1408 unicum
538 1346 734 1409 sacrificium
753 1347 903 1410 Christus
928 1347 959 1407 in
985 1365 1079 1407 cruce
1096 1363 1168 1424 per-

63 1449 178 1529 egerit,
191 1458 302 1512 tamen
320 1451 465 1530 seipsum
479 1449 575 1513 offert
593 1451 624 1512 in
642 1451 736 1513 terris
749 1472 807 1532 per
820 1471 937 1513 manus
948 1450 1166 1522 sacerdotum,

63 1552 147 1613 etin
164 1551 249 1613 coelo
264 1553 326 1615 erit
343 1552 505 1615 mediator
522 1552 696 1633 religionis,
714 1574 772 1634 per
787 1574 884 1634 quem
903 1554 1034 1614 Patrem
1051 1550 1166 1613 adora-

64 1654 183 1730 bimus,
201 1674 260 1717 nec
277 1675 423 1736 unquam
440 1656 543 1718 virtus
560 1657 630 1738 ejus
648 1656 796 1718 sacrificii
813 1655 1057 1717 exhaurietur4.

105 1799 176 1879 246.
222 1803 283 1885 (B)
305 1803 456 1867 Christus
476 1814 528 1866 est
549 1806 702 1867 sacerdos
721 1806 894 1867 secundum
915 1803 1059 1866 ordinem
1082 1803 1165 1864 Mel·

62 1906 230 1970 chisedech.
279 1908 355 1969 Hoc
368 1909 490 1988 pariter
502 1929 659 1990 expresse
676 1909 813 1970 docetur
828 1929 847 1969 a
865 1908 1044 1988 Scriptura,
1056 1917 1089 1970 et
1101 1927 1166 1968 me-

61 2011 152 2088 rito;
184 2030 261 2073 nam
295 2010 540 2073 Melchisedech
572 2011 633 2074 suit
665 2010 769 2091 figura
800 2010 922 2073 Christi
955 2010 1165 2073 Sacerdotis:

64 2114 112 2194 (a)
126 2113 238 2194 quoad
255 2135 367 2175 nonccn
379 2137 390 2175 .·
413 2135 480 2175 vox
498 2115 586 2176 enim
601 2113 848 2175 Melchisedech
861 2114 1094 2194 interpretatur
1106 2133 1165 2174 rex

51 2217 206 2298 justitia,
222 2227 255 2279 et
271 2217 404 2299 insuper
421 2218 475 2280 ille
492 2218 552 2280 fuit
569 2239 628 2279 rex
648 2218 767 2290 Salcm,
784 2238 840 2279 seu
862 2238 920 2279 rex
930 2217 1024 2297 pacis
1036 2241 1050 2289 ,·
1073 2218 1166 2298 atqui

62 2320 215 2385 Christus
231 2330 281 2384 est
298 2342 357 2383 rex
371 2323 509 2402 justitiae
526 2333 559 2384 et
576 2325 728 2405 princeps
742 2323 851 2404 pacis:
872 2342 950 2401 ergo
965 2343 972 2398 3
992 2320 1042 2402 (b)
1055 2324 1165 2402 quoad

60 2425 219 2506 originem
233 2447 244 2486 :
260 2441 337 2487 nam
353 2425 598 2487 Melchisedech
616 2435 754 2507 apparet
768 2426 799 2486 in
815 2424 985 2505 Scriptura
997 2430 1012 2455 “
1026 2426 1096 2487 sine
1109 2447 1165 2506 pa·

61 2537 120 2604 tre,
131 2529 204 2589 sine
216 2536 329 2602 matre,
342 2529 413 2589 sine
425 2528 629 2610 genealogia,
642 2549 750 2609 neque
767 2528 897 2588 initium
914 2528 1048 2601 dierum,
1060 2548 1166 2609 neque

61 2631 163 2694 finem
180 2633 257 2693 vitae
273 2631 399 2694 habens
410 2630 450 2686 ”5
464 2654 470 2708 ;
495 2633 644 2695 similiter
657 2633 807 2695 Christus
824 2629 930 2694 satius
946 2641 995 2694 est
1012 2635 1165 2695 sacerdos

61 2755 128 2797 non
147 2755 206 2816 per
222 2735 387 2797 carnalem
405 2737 657 2812 successionem,
670 2737 755 2797 sicut
768 2735 903 2807 Levitae,
914 2736 970 2796 sed
989 2755 1032 2796 ex
1046 2756 1165 2816 praeor-

61 2839 235 2901 dinatione
255 2839 367 2901 divina
390 2848 422 2900 et
445 2840 631 2902 nonhabet
652 2858 864 2912 successores,
881 2838 938 2899 sed
956 2838 1062 2900 solum
1080 2841 1165 2901 vica-

61 2943 150 3018 rios;
176 2941 223 3022 (c)
239 2943 348 3023 quoad
358 2943 661 3021 praeminentiam:
678 2956 755 3004 nam
769 2940 1015 3002 Melchisedech
1032 2942 1165 3005 benedi-

61 3046 114 3107 xit
132 3044 313 3119 Abraham,
324 3053 453 3125 patrem
471 3049 677 3109 sacerdotum
695 3045 822 3126 generis
837 3043 965 3119 levitici,
978 3065 1016 3107 ac
1027 3047 1165 3126 proinde

61 3148 274 3230 praestantior
290 3147 350 3210 suit
366 3149 593 3212 sacerdotibus
608 3149 809 3212 Aaroniticis
819 3170 826 3224 ;
849 3148 998 3211 similiter
1015 3149 1164 3214 Christus

62 3252 163 3333 longe
179 3249 347 3313 antecellit
364 3253 551 3315 sacerdotes
568 3254 713 3334 antiquae
731 3251 813 3333 legis
829 3273 836 3328 ;
862 3247 919 3335 (d)
941 3255 1050 3332 quoad
1067 3255 1164 3316 sacri-

52 3354 196 3435 ficium:
213 3352 458 3415 Melchisedech
475 3355 595 3418 obtulit
612 3355 806 3417 sacrificium
824 3356 919 3435 panis
936 3365 968 3417 et
985 3357 1066 3433 vini;
1080 3357 1164 3436 jam·

60 3479 140 3522 vero
166 3456 316 3521 Christus
343 3458 488 3538 seipsum
517 3456 613 3520 offert
640 3459 701 3520 sub
726 3457 899 3539 speciebus
923 3458 1017 3538 panis
1041 3467 1074 3520 et
1098 3460 1164 3521 vini

60 3557 117 3637 (S.
138 3557 169 3619 T
166 3557 196 3619 lc.
213 3577 242 3637 q.
260 3572 310 3630 22,
327 3576 353 3618 a.
370 3557 413 3633 6).

96 3767 206 3819 ¹chr.
223 3763 257 3833 V,
276 3779 300 3830 7,
316 3796 350 3803 —
363 3772 373 3794 ²
386 3765 471 3818 chr.
490 3766 557 3830 Vll,
572 3776 611 3834 25.
627 3797 660 3803 -
673 3765 683 3797 ³
696 3766 742 3818 Ps.
761 3767 836 3832 CIX,
852 3780 879 3835 53
898 3767 984 3819 chr.
1003 3768 1070 3830 Vll,
1087 3783 1128 3832 24.
1206 3813 1208 3817 .

95 3855 151 3906 ⁴5.
172 3852 221 3915 Th.
236 3867 260 3919 3,
275 3869 300 3922 q.
315 3867 357 3918 22,
371 3869 396 3904 a.
414 3866 437 3921 5.
476 3852 586 3905 Exinde
605 3864 698 3905 tamen
719 3853 847 3905 concludi
868 3853 965 3922 nequit
983 3870 1046 3907 esse
1061 3854 1164 3907 sacrifi·

60 3939 137 3994 cium
155 3941 270 4008 proprie
288 3939 392 3992 ditium
412 3939 438 3990 in
460 3939 541 4000 coelo,
563 3950 592 3992 ut
612 3940 692 4007 pauci
714 3941 825 3992 incaute
847 3940 975 3994 dixerunt
987 3961 993 4005 ;
1021 3957 1087 3992 narn
1109 3942 1164 3995 tale

61 4026 230 4082 sacrificium
244 4026 468 4080 immutationem
483 4025 606 4080 vitlimae
625 4026 718 4095 exigit,
732 4045 795 4095 quae
809 4028 836 4079 in
851 4029 922 4081 coelo
936 4045 992 4081 non
1007 4027 1162 4082 invenitur:

59 4114 98 4169 ibi
119 4111 194 4168 enim
213 4112 341 4169 Christus
361 4113 537 4180 triumphans
552 4113 630 4166 sedet
650 4115 686 4166 ad
706 4114 850 4167 dexteram
871 4114 971 4179 Patris,
993 4132 1050 4167 non
1070 4126 1163 4169 autem

59 4201 230 4256 immolatur.

95 4290 106 4323 ⁵
120 4289 204 4341 chr.
218 4289 287 4352 Vll,
303 4303 326 4355 3.
