2684 4634
387 180 444 231 DE
463 180 538 231 DEI
557 178 829 229 EXISTENTIA.
1116 180 1158 229 95

56 381 122 424 esse
136 361 190 423 vel
208 382 276 424 non
290 369 372 437 esse,
388 363 563 426 autetiam
580 360 643 423 hoc
660 361 711 424 vel
729 361 795 423 alio
812 362 914 423 modo
929 363 1002 423 e'sse
1018 362 1158 442 possint.

53 466 161 546 Atqui
172 466 241 528 leuc
253 467 471 547 contingentia
483 475 738 546 preesuppouuut
754 486 812 527 eus
831 466 1042 528 necessarium
1050 489 1064 537 ,·
1081 485 1158 526 nam

52 565 104 652 (a)
119 568 214 648 quod
231 569 429 650 contingens
442 578 501 640 est,
513 570 715 649 quandoque
728 589 792 630 non
806 570 877 645 fuit;
900 571 927 630 si
939 568 1037 650 igitur
1047 569 1160 630 omnia

50 681 130 733 sunt
147 672 389 752 contingentia,
401 672 582 751 aliquando
599 671 679 732 nihil
697 672 758 734 fuit
775 674 805 733 iu
819 674 923 734 rebus.
971 673 1038 736 Sed
1054 675 1080 734 si
1098 674 1160 735 hoc

50 784 102 835 est
112 775 344 849 verumetiam
356 795 443 835 nunc
454 774 533 835 nihil
544 777 723 854 esset,quia
733 776 822 855 quod
834 797 898 837 non
911 785 1041 850 estnon
1050 786 1160 856 potest

51 876 116 937 sibi
133 875 216 938 dare
232 877 456 952 existentiam,
477 877 534 938 sed
551 896 625 938 earn
642 879 790 959 accipere
806 879 906 941 debet
926 878 969 940 ab
987 880 1073 956 .ali0;
1097 879 1160 940 hoc

51 990 169 1041 autem
180 979 272 1042 aliud
282 980 382 1043 debet
392 1001 464 1041 esse
475 982 703 1056 necessarium,
711 1002 768 1043 seu
780 983 811 1042 in
822 1003 857 1043 se
867 982 988 1043 habere
998 984 1159 1044 rationem

52 1085 247 1146 existentiae
258 1105 340 1162 suae;
354 1063 448 1146 secus
458 1085 547 1144 enim
557 1085 706 1164 exigeret
717 1085 813 1146 aliam
825 1105 955 1156 causam
966 1086 1160 1165 contingen·

54 1196 125 1247 tem
137 1187 228 1248 etsie
242 1188 274 1248 in
285 1187 451 1250 infinitum
465 1211 471 1249 :
488 1188 576 1267 quod
590 1197 760 1269 repugnat.
809 1184 865 1273 (b)
880 1189 1041 1251 Probatur
1054 1190 1161 1250 minor

54 1290 123 1351 alio
141 1292 264 1353 modo:
287 1293 377 1353 entia
396 1293 625 1373 contingentia
647 1312 721 1371 quae
740 1292 865 1354 suntin
883 1292 1017 1366 mundo,
1033 1291 1160 1371 aliquas

55 1394 355 1455 determinationes
367 1392 501 1468 habent,
513 1414 573 1456 nec
585 1394 729 1455 existere
741 1403 881 1475 possunt
893 1395 963 1455 sine
979 1395 1088 1474 aliqua
1104 1394 1160 1455 de-

55 1498 307 1575 terminatione;
325 1499 421 1579 atqui
445 1498 672 1578 contingentia
694 1496 754 1558 has
769 1496 1061 1559 determinationes
1077 1497 1162 1557 acci-

57 1621 138 1681 pere
154 1609 325 1682 nequeunt
340 1622 360 1663 a
375 1602 500 1682 seipsis,
512 1621 614 1680 quum
627 1623 669 1662 ex
683 1621 718 1661 se
731 1599 955 1662 indifferenter
966 1620 1000 1661 se
1016 1598 1161 1661 habeant

57 1705 99 1764 ad
118 1724 193 1765 esse
208 1703 259 1765 vel
277 1724 344 1766 non
360 1724 449 1781 esse3
472 1724 551 1785 ergo
566 1702 777 1767 determinari
789 1701 917 1762 ¹debent
933 1699 975 1761 ab
990 1699 1055 1760 alio
1071 1700 1159 1779 quod

30 1857 33 1861 ,
59 1811 181 1869 natura
191 1811 250 1870 sua
259 1809 302 1871 sit
312 1808 568 1871 determinatum
579 1811 621 1871 ad
632 1829 703 1870 esse
713 1817 746 1869 et
756 1807 788 1868 in
800 1806 908 1886 seipso
920 1805 1081 1866 rationem
1092 1824 1160 1865 suae

58 1910 252 1972 existentiae
267 1910 389 1973 habeat
397 1932 404 1987 ;
427 1930 521 1972 secus
533 1912 631 1987 enim,
641 1911 704 1973 hoc
717 1910 804 1973 aliud
818 1909 860 1972 ab
873 1909 937 1971 alio
949 1909 1160 1972 determinari

59 2013 216 2091 deberet;
238 2025 272 2077 et
282 2015 328 2077 ita
338 2035 435 2097 porro
445 2016 629 2095 usquedum
643 2016 778 2077 tandem
795 2016 999 2095 attingamus
1015 2034 1074 2075 ens
1089 2034 1162 2076 vere

59 2126 90 2178 et
103 2116 248 2179 absolute
262 2117 481 2192 necessatium,
491 2119 580 2198 quod
594 2119 625 2180 in
642 2119 752 2199 seipso
764 2119 924 2180 rationem
938 2118 1078 2199 propriae
1090 2119 1160 2179 exi·

59 2220 195 2282 stentiae
211 2219 340 2297 habeat,
353 2219 484 2301 aliaque
499 2222 589 2283 entia
604 2221 948 2284 determinare-valeat
964 2221 1005 2282 ad
1022 2241 1094 2283 esse
1109 2221 1159 2284 vel

60 2342 129 2384 non
142 2343 223 2386 esse.
269 2324 361 2404 Ergo
372 2324 487 2387 existit
500 2344 555 2387 ens
565 2345 638 2386 vere
651 2333 682 2386 et
695 2324 835 2387 absolute
851 2326 1070 2387 necessarium.

159 2495 197 2560 4⁰
213 2482 454 2565 Argumentum
469 2506 485 2546 e
495 2482 656 2565 gradibui
667 2485 867 2565 perfectiouis
882 2486 916 2547 in
933 2486 1065 2550 entibus.

112 2635 159 2698 13
208 2620 434 2683 Praenotamus
449 2619 667 2702 perfeetiones
678 2622 816 2704 duplicis
828 2643 899 2684 esse
908 2625 1055 2704 generis:
1071 2639 1167 2704 quae·‘

62 2724 141 2784 dam
159 2742 227 2784 non
250 2724 434 2805 suscipiunt
457 2723 565 2805 majus
588 2734 621 2787 et
645 2726 762 2801 minus
779 2735 875 2806 prout
899 2726 1063 2788 elementa
1085 2747 1160 2807 quae

62 2827 272 2888 constituunt
287 2847 345 2888 ens
361 2827 394 2888 in
411 2827 521 2907 aliqui
536 2829 653 2909 specie,
669 2850 696 2890 v.
710 2849 742 2909 g.
759 2829 946 2891 animalitas
963 2839 995 2892 et
1018 2832 1159 2892 rationa-

64 2929 176 2992 bilitas
191 2950 252 3011 pro
267 2929 418 3008 homine3
442 2931 515 2993 aliae
531 2941 642 2994 autem
660 2934 766 3013 magis
789 2943 822 2995 et
847 2934 954 2995 minus
977 2935 1160 3014 suscipiunt

63 3053 99 3095 ac
115 3053 177 3115 per
192 3034 300 3096 varios
315 3034 437 3115 gradus
452 3034 495 3095 ab
511 3033 626 3097 infimo
642 3037 674 3097 in
698 3056 865 3099 summurn
889 3038 1160 3118 progrediuntur3

64 3137 108 3199 ita
124 3137 236 3199 vivere
256 3137 330 3218 plus
354 3147 405 3200 est
426 3157 525 3218 quam
542 3131 631 3214 sesse,
645 3139 713 3201 vita
737 3139 889 3200 animalis
912 3138 1087 3220 perfectior
1111 3150 1160 3202 est

62 3243 131 3303 vita
147 3243 336 3322 vegetativfi
360 3252 419 3305 etc.
464 3243 619 3324 Jamvero
642 3252 875 3324 argumentum
899 3253 1048 3306 nostrum
1071 3244 1160 3306 hisce

62 3345 301 3426 posterioribus
315 3343 526 3427 'perfeetionis
542 3345 698 3427 gradibus
715 3347 868 3409 innititur.

104 3449 283 3511 Invenitur
297 3450 331 3511 in
348 3448 440 3511 rebus
454 3449 585 3530 aliquid
595 3450 703 3529 magis
713 3459 744 3511 et
754 3450 864 3511 minus
875 3450 998 3524 bouum,
1008 3460 1039 3512 et
1049 3473 1159 3514 verum

61 3564 92 3616 el
107 3553 232 3627 nuile,-
248 3555 402 3634 quaedam
419 3553 507 3614 enirn
524 3554 648 3615 habent
664 3553 770 3614 solum
788 3575 859 3628 esse,
876 3564 912 3616 ut
928 3553 1072 3634 lapides;
1088 3555 1160 3617 aliae

62 3666 225 3738 praeterea
240 3656 364 3719 habent
380 3656 495 3732 vz'vere,
510 3666 547 3719 ut
563 3656 702 3737 plantae;
729 3656 801 3718 aliae
816 3666 958 3733 movent,
968 3658 1115 3720 sentiunt
1128 3668 1161 3721 et

62 3774 238 3846 appetunt,
253 3773 290 3827 ut
305 3765 417 3841 bruta;
444 3765 518 3827 aliae
534 3763 723 3845 intelligunt
746 3771 779 3823 et
803 3761 926 3836 volunt,
942 3759 1032 3822 velut
1055 3760 1160 3822 homi-

63 3887 122 3929 nes
132 3888 139 3944 ;
173 3876 207 3929 et
230 3867 262 3929 in
286 3866 336 3929 his
352 3866 528 3948 generibus
544 3867 665 3929 adsunt
680 3865 760 3927 varii
777 3861 1014 3944 perfectionum
1031 3865 1160 3942 gradus.

65 3972 172 4052 Atqui
188 3971 227 4034 ni
239 3970 330 4033 varii
336 3971 569 4050 perfiett'onum
580 3971 709 4052 gradus
723 3977 869 4047 arguunt
884 3967 1083 4028 existentium
1100 3967 1160 4028 ali-

61 4077 156 4157 cujus
171 4074 254 4138 entis
268 4095 392 4136 summe
400 4075 544 4155 perfecti,
559 4095 580 4135 u
594 4094 655 4153 quo
670 4074 757 4134 entia
773 4072 959 4152 imperfecta
974 4091 1068 4132 sunm
1086 4081 1161 4150 per-

53 4178 210 4260 fectionis
223 4177 403 4240 limitatum
414 4177 559 4258 gradium
575 4176 740 4256 accipiunt.
787 4176 875 4236 Nam
889 4174 995 4255 magis
1007 4182 1040 4236 et
1054 4174 1161 4236 minus

64 4283 222 4347 dicuntur
235 4282 278 4344 de
292 4279 429 4344 diversis
445 4281 626 4343 secundum
644 4280 732 4360 quod
749 4279 1017 4360 appropinquant
1029 4279 1164 4341 diversi·
1222 4292 1280 4364 Δ
