<?xml version="1.0" encoding="UTF-8"?>
<!DOCTYPE html PUBLIC "-//W3C//DTD XHTML 1.0 Transitional//EN"
    "http://www.w3.org/TR/xhtml1/DTD/xhtml1-transitional.dtd">
<html xmlns="http://www.w3.org/1999/xhtml" xml:lang="en" lang="en">
 <head>
  <title>
</title>
<meta http-equiv="Content-Type" content="text/html;charset=utf-8" />
  <meta name='ocr-system' content='tesseract 3.04.00' />
  <meta name='ocr-capabilities' content='ocr_page ocr_carea ocr_par ocr_line ocrx_word'/>
</head>
<body>
  <div class='ocr_page' id='page_1' title='image "./synopsistheolog00tanqgoog_0251.png"; bbox 0 0 2684 4634; ppageno 0'>
   <div class='ocr_carea' id='block_1_1' title="bbox 117 186 909 240">
    <p class='ocr_par' dir='ltr' id='par_1_1' title="bbox 117 186 909 240">
     <span class='ocr_line' id='line_1_1' title="bbox 117 186 909 240; baseline 0.001 -2"><span class='ocrx_word' id='word_1_1' title='bbox 117 187 182 238; x_wconf 88' lang='grc'><strong>230</strong></span> <span class='ocrx_word' id='word_1_2' title='bbox 256 234 259 240; x_wconf 85' lang='grc'>,</span> <span class='ocrx_word' id='word_1_3' title='bbox 513 197 516 201; x_wconf 83' lang='grc'><em>’</em></span> <span class='ocrx_word' id='word_1_4' title='bbox 579 187 719 239; x_wconf 79' lang='lat' dir='ltr'>CAPUT</span> <span class='ocrx_word' id='word_1_5' title='bbox 736 186 760 239; x_wconf 66' lang='lat'><strong>1.</strong></span> <span class='ocrx_word' id='word_1_6' title='bbox 852 190 855 195; x_wconf 78' lang='grc'><strong>’</strong></span> <span class='ocrx_word' id='word_1_7' title='bbox 906 192 909 197; x_wconf 72' lang='grc'><strong><em>’</em></strong></span> 
     </span>
    </p>
   </div>
   <div class='ocr_carea' id='block_1_2' title="bbox 115 368 1217 1278">
    <p class='ocr_par' dir='ltr' id='par_1_2' title="bbox 115 368 1217 1278">
     <span class='ocr_line' id='line_1_2' title="bbox 117 368 1211 452; baseline 0.001 -21"><span class='ocrx_word' id='word_1_8' title='bbox 117 391 174 432; x_wconf 89' lang='lat' dir='ltr'><strong>nes</strong></span> <span class='ocrx_word' id='word_1_9' title='bbox 190 391 267 434; x_wconf 88' lang='lat' dir='ltr'><strong>vere</strong></span> <span class='ocrx_word' id='word_1_10' title='bbox 284 369 456 452; x_wconf 90' lang='lat' dir='ltr'><strong>oppositae‚</strong></span> <span class='ocrx_word' id='word_1_11' title='bbox 473 390 575 451; x_wconf 92' lang='lat' dir='ltr'><strong>quum</strong></span> <span class='ocrx_word' id='word_1_12' title='bbox 600 371 689 452; x_wconf 89' lang='lat' dir='ltr'><strong>prior</strong></span> <span class='ocrx_word' id='word_1_13' title='bbox 715 372 749 433; x_wconf 90' lang='lat' dir='ltr'><strong>in</strong></span> <span class='ocrx_word' id='word_1_14' title='bbox 776 368 885 434; x_wconf 74' lang='lat' dir='ltr'><strong>activa</strong></span> <span class='ocrx_word' id='word_1_15' title='bbox 910 370 1211 447; x_wconf 84' lang='lat' dir='ltr'>communicatione,</span> 
     </span>
     <span class='ocr_line' id='line_1_3' title="bbox 117 471 1211 558; baseline 0 -23"><span class='ocrx_word' id='word_1_16' title='bbox 117 473 279 554; x_wconf 87' lang='lat' dir='ltr'><strong>posterior</strong></span> <span class='ocrx_word' id='word_1_17' title='bbox 294 474 326 534; x_wconf 92' lang='lat' dir='ltr'><strong>in</strong></span> <span class='ocrx_word' id='word_1_18' title='bbox 344 473 474 553; x_wconf 70' lang='lat' dir='ltr'><strong>passivi</strong></span> <span class='ocrx_word' id='word_1_19' title='bbox 490 475 567 536; x_wconf 72' lang='lat' dir='ltr'><strong>vitae³</strong></span> <span class='ocrx_word' id='word_1_20' title='bbox 583 474 773 555; x_wconf 86' lang='lat' dir='ltr'><strong>receptione</strong></span> <span class='ocrx_word' id='word_1_21' title='bbox 785 475 961 557; x_wconf 88' lang='lat' dir='ltr'><strong>consistat;</strong></span> <span class='ocrx_word' id='word_1_22' title='bbox 984 471 1211 558; x_wconf 85' lang='lat' dir='ltr'><strong>ergopaterni-</strong></span> 
     </span>
     <span class='ocr_line' id='line_1_4' title="bbox 118 576 1214 656; baseline 0.003 -19"><span class='ocrx_word' id='word_1_23' title='bbox 118 583 169 637; x_wconf 91' lang='lat' dir='ltr'><strong>tas</strong></span> <span class='ocrx_word' id='word_1_24' title='bbox 192 576 375 638; x_wconf 76' lang='lat' dir='ltr'><strong>subsistens</strong></span> <span class='ocrx_word' id='word_1_25' title='bbox 400 586 450 638; x_wconf 91' lang='lat' dir='ltr'><strong>est</strong></span> <span class='ocrx_word' id='word_1_26' title='bbox 476 596 617 656; x_wconf 93' lang='lat' dir='ltr'><strong>persona</strong></span> <span class='ocrx_word' id='word_1_27' title='bbox 631 578 758 655; x_wconf 81' lang='lat' dir='ltr'><strong>Patris,</strong></span> <span class='ocrx_word' id='word_1_28' title='bbox 774 587 808 641; x_wconf 92' lang='lat' dir='ltr'><strong>et</strong></span> <span class='ocrx_word' id='word_1_29' title='bbox 829 577 946 641; x_wconf 87' lang='lat' dir='ltr'>filiatio</span> <span class='ocrx_word' id='word_1_30' title='bbox 961 578 1152 642; x_wconf 85' lang='lat' dir='ltr'><strong>subsistens</strong></span> <span class='ocrx_word' id='word_1_31' title='bbox 1172 585 1214 640; x_wconf 90' lang='lat' dir='ltr'><strong>est</strong></span> 
     </span>
     <span class='ocr_line' id='line_1_5' title="bbox 118 679 1214 763; baseline 0.001 -23"><span class='ocrx_word' id='word_1_32' title='bbox 118 699 259 759; x_wconf 89' lang='lat' dir='ltr'><strong>persona</strong></span> <span class='ocrx_word' id='word_1_33' title='bbox 274 679 362 742; x_wconf 82' lang='lat' dir='ltr'><strong>Filii.</strong></span> <span class='ocrx_word' id='word_1_34' title='bbox 410 681 549 761; x_wconf 87' lang='lat' dir='ltr'><strong>Insuper</strong></span> <span class='ocrx_word' id='word_1_35' title='bbox 564 681 825 762; x_wconf 80' lang='lat' dir='ltr'><strong>omorpassr&#39;vus,</strong></span> <span class='ocrx_word' id='word_1_36' title='bbox 840 703 897 744; x_wconf 90' lang='lat' dir='ltr'><strong>seu</strong></span> <span class='ocrx_word' id='word_1_37' title='bbox 915 681 1075 763; x_wconf 80' lang='lat' dir='ltr'><strong>processio</strong></span> <span class='ocrx_word' id='word_1_38' title='bbox 1086 681 1214 762; x_wconf 83' lang='lat' dir='ltr'><strong>passivo</strong></span> 
     </span>
     <span class='ocr_line' id='line_1_6' title="bbox 118 780 1214 868; baseline 0.002 -24"><span class='ocrx_word' id='word_1_39' title='bbox 118 783 298 863; x_wconf 87' lang='lat' dir='ltr'><strong>opponitur</strong></span> <span class='ocrx_word' id='word_1_40' title='bbox 312 783 486 864; x_wconf 90' lang='lat' dir='ltr'><strong>spirationi</strong></span> <span class='ocrx_word' id='word_1_41' title='bbox 509 781 636 858; x_wconf 74' lang='lat' dir='ltr'><strong>adtivae,</strong></span> <span class='ocrx_word' id='word_1_42' title='bbox 652 784 858 865; x_wconf 88' lang='lat' dir='ltr'><strong>proindeque</strong></span> <span class='ocrx_word' id='word_1_43' title='bbox 884 785 1017 849; x_wconf 89' lang='lat' dir='ltr'><strong>tertiam</strong></span> <span class='ocrx_word' id='word_1_44' title='bbox 1045 780 1214 868; x_wconf 82' lang='lat' dir='ltr'><strong>personam</strong></span> 
     </span>
     <span class='ocr_line' id='line_1_7' title="bbox 118 885 1215 969; baseline 0.003 -23"><span class='ocrx_word' id='word_1_45' title='bbox 118 885 299 961; x_wconf 89' lang='lat' dir='ltr'><strong>constituit,</strong></span> <span class='ocrx_word' id='word_1_46' title='bbox 325 896 368 949; x_wconf 88' lang='lat' dir='ltr'><strong>sc.</strong></span> <span class='ocrx_word' id='word_1_47' title='bbox 392 906 569 968; x_wconf 87' lang='lat' dir='ltr'><strong>personam</strong></span> <span class='ocrx_word' id='word_1_48' title='bbox 599 885 747 966; x_wconf 62' lang='lat' dir='ltr'><strong>Spiritus</strong></span> <span class='ocrx_word' id='word_1_49' title='bbox 764 887 886 951; x_wconf 63' lang='lat' dir='ltr'><strong>Sandiz&#39;.</strong></span> <span class='ocrx_word' id='word_1_50' title='bbox 940 888 1091 969; x_wconf 82' lang='lat' dir='ltr'><strong>Spiratio</strong></span> <span class='ocrx_word' id='word_1_51' title='bbox 1117 898 1215 950; x_wconf 78' lang='lat' dir='ltr'><strong>autom</strong></span> 
     </span>
     <span class='ocr_line' id='line_1_8' title="bbox 115 988 1216 1074; baseline 0.004 -25"><span class='ocrx_word' id='word_1_52' title='bbox 115 988 226 1050; x_wconf 70' lang='lat' dir='ltr'><strong>alieba</strong></span> <span class='ocrx_word' id='word_1_53' title='bbox 241 989 366 1052; x_wconf 92' lang='lat' dir='ltr'><strong>nullam</strong></span> <span class='ocrx_word' id='word_1_54' title='bbox 384 988 485 1052; x_wconf 91' lang='lat' dir='ltr'><strong>habet</strong></span> <span class='ocrx_word' id='word_1_55' title='bbox 507 990 753 1071; x_wconf 90' lang='lat' dir='ltr'><strong>oppositionem</strong></span> <span class='ocrx_word' id='word_1_56' title='bbox 776 991 947 1056; x_wconf 86' lang='lat' dir='ltr'><strong>relativam</strong></span> <span class='ocrx_word' id='word_1_57' title='bbox 973 991 1016 1054; x_wconf 92' lang='lat' dir='ltr'><strong>ad</strong></span> <span class='ocrx_word' id='word_1_58' title='bbox 1041 993 1216 1074; x_wconf 82' lang='lat' dir='ltr'><strong>paternita-</strong></span> 
     </span>
     <span class='ocr_line' id='line_1_9' title="bbox 119 1092 1216 1173; baseline -0.002 -19"><span class='ocrx_word' id='word_1_59' title='bbox 119 1101 186 1154; x_wconf 90' lang='lat' dir='ltr'><strong>tem</strong></span> <span class='ocrx_word' id='word_1_60' title='bbox 202 1093 253 1155; x_wconf 93' lang='lat' dir='ltr'><strong>vel</strong></span> <span class='ocrx_word' id='word_1_61' title='bbox 270 1093 312 1154; x_wconf 92' lang='lat' dir='ltr'><strong>ad</strong></span> <span class='ocrx_word' id='word_1_62' title='bbox 330 1092 546 1155; x_wconf 88' lang='lat' dir='ltr'><strong>filiationem:</strong></span> <span class='ocrx_word' id='word_1_63' title='bbox 569 1094 725 1156; x_wconf 90' lang='lat' dir='ltr'><strong>convenit</strong></span> <span class='ocrx_word' id='word_1_64' title='bbox 748 1093 849 1173; x_wconf 82' lang='lat' dir='ltr'><strong>igitur</strong></span> <span class='ocrx_word' id='word_1_65' title='bbox 871 1102 942 1155; x_wconf 94' lang='lat' dir='ltr'><strong>tum</strong></span> <span class='ocrx_word' id='word_1_66' title='bbox 961 1093 1060 1169; x_wconf 92' lang='lat' dir='ltr'><strong>Patri,</strong></span> <span class='ocrx_word' id='word_1_67' title='bbox 1080 1101 1153 1155; x_wconf 91' lang='lat' dir='ltr'><strong>tum</strong></span> <span class='ocrx_word' id='word_1_68' title='bbox 1170 1092 1216 1153; x_wconf 88' lang='lat' dir='ltr'><strong>Fi·</strong></span> 
     </span>
     <span class='ocr_line' id='line_1_10' title="bbox 119 1195 1217 1278; baseline -0.002 -21"><span class='ocrx_word' id='word_1_69' title='bbox 119 1196 171 1272; x_wconf 87' lang='lat' dir='ltr'><strong>lio,</strong></span> <span class='ocrx_word' id='word_1_70' title='bbox 188 1217 247 1258; x_wconf 93' lang='lat' dir='ltr'><strong>nec</strong></span> <span class='ocrx_word' id='word_1_71' title='bbox 264 1195 443 1278; x_wconf 86' lang='lat' dir='ltr'><strong>specialem</strong></span> <span class='ocrx_word' id='word_1_72' title='bbox 457 1197 629 1259; x_wconf 91' lang='lat' dir='ltr'><strong>constituit</strong></span> <span class='ocrx_word' id='word_1_73' title='bbox 645 1215 829 1278; x_wconf 89' lang='lat' dir='ltr'><strong>personam.</strong></span> <span class='ocrx_word' id='word_1_74' title='bbox 876 1196 959 1258; x_wconf 88' lang='lat' dir='ltr'><strong>Tres</strong></span> <span class='ocrx_word' id='word_1_75' title='bbox 974 1204 1053 1258; x_wconf 90' lang='lat' dir='ltr'><strong>sunt</strong></span> <span class='ocrx_word' id='word_1_76' title='bbox 1069 1195 1171 1276; x_wconf 92' lang='lat' dir='ltr'><strong>igitur</strong></span> <span class='ocrx_word' id='word_1_77' title='bbox 1188 1202 1217 1255; x_wconf 92' lang='lat' dir='ltr'><strong>et</strong></span> 
     </span>
    </p>
   </div>
   <div class='ocr_carea' id='block_1_3' title="bbox 119 1297 1214 1485">
    <p class='ocr_par' dir='ltr' id='par_1_3' title="bbox 119 1297 1214 1485">
     <span class='ocr_line' id='line_1_11' title="bbox 119 1297 1214 1382; baseline 0 -21"><span class='ocrx_word' id='word_1_78' title='bbox 119 1308 185 1362; x_wconf 89' lang='lat' dir='ltr'><strong>tres</strong></span> <span class='ocrx_word' id='word_1_79' title='bbox 204 1309 334 1362; x_wconf 88' lang='lat' dir='ltr'><strong>tantum</strong></span> <span class='ocrx_word' id='word_1_80' title='bbox 350 1321 500 1382; x_wconf 79' lang='lat' dir='ltr'><strong>personae</strong></span> <span class='ocrx_word' id='word_1_81' title='bbox 517 1301 549 1362; x_wconf 92' lang='lat' dir='ltr'><strong>in</strong></span> <span class='ocrx_word' id='word_1_82' title='bbox 568 1301 650 1376; x_wconf 90' lang='lat' dir='ltr'><strong>Deo,</strong></span> <span class='ocrx_word' id='word_1_83' title='bbox 669 1302 773 1375; x_wconf 84' lang='lat' dir='ltr'><strong>Pater,</strong></span> <span class='ocrx_word' id='word_1_84' title='bbox 786 1308 819 1361; x_wconf 90' lang='lat' dir='ltr'><strong>et</strong></span> <span class='ocrx_word' id='word_1_85' title='bbox 833 1298 935 1361; x_wconf 85' lang='lat' dir='ltr'><strong>Filius</strong></span> <span class='ocrx_word' id='word_1_86' title='bbox 956 1306 990 1361; x_wconf 91' lang='lat' dir='ltr'><strong>et</strong></span> <span class='ocrx_word' id='word_1_87' title='bbox 1007 1297 1154 1379; x_wconf 88' lang='lat' dir='ltr'><strong>Spiritus</strong></span> <span class='ocrx_word' id='word_1_88' title='bbox 1173 1297 1214 1361; x_wconf 87' lang='lat' dir='ltr'><strong>S.1</strong></span> 
     </span>
     <span class='ocr_line' id='line_1_12' title="bbox 119 1402 925 1485; baseline 0.005 -20"><span class='ocrx_word' id='word_1_89' title='bbox 119 1402 169 1482; x_wconf 85' lang='lat' dir='ltr'><strong>(S.</strong></span> <span class='ocrx_word' id='word_1_90' title='bbox 192 1403 249 1465; x_wconf 77' lang='lat' dir='ltr'><strong>Th.</strong></span> <span class='ocrx_word' id='word_1_91' title='bbox 266 1424 294 1484; x_wconf 92' lang='lat' dir='ltr'><strong>q.</strong></span> <span class='ocrx_word' id='word_1_92' title='bbox 314 1421 362 1482; x_wconf 88' lang='lat'><strong>30,</strong></span> <span class='ocrx_word' id='word_1_93' title='bbox 379 1425 405 1466; x_wconf 88' lang='lat' dir='ltr'><strong>a.</strong></span> <span class='ocrx_word' id='word_1_94' title='bbox 423 1404 465 1485; x_wconf 90' lang='lat'><strong>2).</strong></span> <span class='ocrx_word' id='word_1_95' title='bbox 529 1407 531 1410; x_wconf 81' lang='grc'><strong>’</strong></span> <span class='ocrx_word' id='word_1_96' title='bbox 922 1405 925 1410; x_wconf 82' lang='grc'><em>’</em></span> 
     </span>
    </p>
   </div>
   <div class='ocr_carea' id='block_1_4' title="bbox 117 1527 1216 1717">
    <p class='ocr_par' dir='ltr' id='par_1_4' title="bbox 117 1527 1216 1717">
     <span class='ocr_line' id='line_1_13' title="bbox 164 1527 1215 1614; baseline -0.001 -21"><span class='ocrx_word' id='word_1_97' title='bbox 164 1530 230 1596; x_wconf 87' lang='lat'>116.</span> <span class='ocrx_word' id='word_1_98' title='bbox 252 1559 254 1563; x_wconf 59' lang='grc'>’</span> <span class='ocrx_word' id='word_1_99' title='bbox 283 1533 369 1596; x_wconf 90' lang='lat' dir='ltr'><strong>lllud</strong></span> <span class='ocrx_word' id='word_1_100' title='bbox 386 1544 498 1596; x_wconf 90' lang='lat' dir='ltr'><strong>tamen</strong></span> <span class='ocrx_word' id='word_1_101' title='bbox 515 1541 744 1614; x_wconf 88' lang='lat' dir='ltr'><strong>argumentum</strong></span> <span class='ocrx_word' id='word_1_102' title='bbox 767 1541 803 1595; x_wconf 92' lang='lat' dir='ltr'><strong>ut</strong></span> <span class='ocrx_word' id='word_1_103' title='bbox 826 1527 1052 1614; x_wconf 74' lang='lat' dir='ltr'><strong>apodicticam</strong></span> <span class='ocrx_word' id='word_1_104' title='bbox 1070 1531 1215 1594; x_wconf 90' lang='lat' dir='ltr'><strong>conside·</strong></span> 
     </span>
     <span class='ocr_line' id='line_1_14' title="bbox 117 1632 1216 1717; baseline -0.003 -20"><span class='ocrx_word' id='word_1_105' title='bbox 117 1637 181 1698; x_wconf 88' lang='lat' dir='ltr'><strong>rari</strong></span> <span class='ocrx_word' id='word_1_106' title='bbox 198 1637 328 1717; x_wconf 90' lang='lat' dir='ltr'><strong>nequit;</strong></span> <span class='ocrx_word' id='word_1_107' title='bbox 359 1656 446 1711; x_wconf 88' lang='lat' dir='ltr'><strong>nam,</strong></span> <span class='ocrx_word' id='word_1_108' title='bbox 463 1646 500 1698; x_wconf 93' lang='lat' dir='ltr'><strong>ut</strong></span> <span class='ocrx_word' id='word_1_109' title='bbox 525 1637 571 1698; x_wconf 88' lang='lat' dir='ltr'><strong>ait</strong></span> <span class='ocrx_word' id='word_1_110' title='bbox 588 1636 621 1699; x_wconf 90' lang='lat' dir='ltr'><strong>S.</strong></span> <span class='ocrx_word' id='word_1_111' title='bbox 639 1633 774 1711; x_wconf 66' lang='lat' dir='ltr'><strong>Docton</strong></span> <span class='ocrx_word' id='word_1_112' title='bbox 791 1635 1003 1697; x_wconf 90' lang='lat' dir='ltr'><strong>“similitudo</strong></span> <span class='ocrx_word' id='word_1_113' title='bbox 1031 1632 1216 1697; x_wconf 73' lang='lat' dir='ltr'><strong>intelledtus</strong></span> 
     </span>
    </p>
   </div>
   <div class='ocr_carea' id='block_1_5' title="bbox 114 1784 1218 2203">
    <p class='ocr_par' dir='ltr' id='par_1_5' title="bbox 114 1784 1218 2203">
     <span class='ocr_line' id='line_1_15' title="bbox 153 1784 1217 1857; baseline -0.003 -18"><span class='ocrx_word' id='word_1_114' title='bbox 153 1784 277 1840; x_wconf 88' lang='lat' dir='ltr'><strong>1Totum</strong></span> <span class='ocrx_word' id='word_1_115' title='bbox 289 1787 343 1841; x_wconf 93' lang='lat' dir='ltr'><strong>hoc</strong></span> <span class='ocrx_word' id='word_1_116' title='bbox 357 1798 553 1855; x_wconf 83' lang='lat' dir='ltr'><strong>argumentum</strong></span> <span class='ocrx_word' id='word_1_117' title='bbox 566 1789 730 1857; x_wconf 89' lang='lat' dir='ltr'><strong>eloquenter</strong></span> <span class='ocrx_word' id='word_1_118' title='bbox 742 1786 856 1856; x_wconf 90' lang='lat' dir='ltr'><strong>exponit</strong></span> <span class='ocrx_word' id='word_1_119' title='bbox 866 1787 1038 1855; x_wconf 70' lang='lat' dir='ltr'><strong>Lacordaire</strong></span> <span class='ocrx_word' id='word_1_120' title='bbox 1047 1785 1173 1855; x_wconf 70' lang='lat' dir='ltr'><strong>(Confer.</strong></span> <span class='ocrx_word' id='word_1_121' title='bbox 1186 1784 1217 1836; x_wconf 89' lang='lat' dir='ltr'><strong>de</strong></span> 
     </span>
     <span class='ocr_line' id='line_1_16' title="bbox 114 1871 1217 1943; baseline -0.002 -18"><span class='ocrx_word' id='word_1_122' title='bbox 114 1874 156 1927; x_wconf 90' lang='lat' dir='ltr'><strong>N.</strong></span> <span class='ocrx_word' id='word_1_123' title='bbox 173 1874 272 1941; x_wconf 90' lang='lat' dir='ltr'><strong>Dame‚</strong></span> <span class='ocrx_word' id='word_1_124' title='bbox 286 1875 333 1939; x_wconf 77' lang='lat' dir='ltr'><strong>48e</strong></span> <span class='ocrx_word' id='word_1_125' title='bbox 348 1875 436 1943; x_wconf 73' lang='lat' dir='ltr'><strong>Confi,</strong></span> <span class='ocrx_word' id='word_1_126' title='bbox 454 1877 496 1928; x_wconf 92' lang='lat' dir='ltr'><strong>De</strong></span> <span class='ocrx_word' id='word_1_127' title='bbox 518 1874 545 1928; x_wconf 87' lang='lat' dir='ltr'><strong>la</strong></span> <span class='ocrx_word' id='word_1_128' title='bbox 558 1873 612 1929; x_wconf 90' lang='lat' dir='ltr'><strong>Vie</strong></span> <span class='ocrx_word' id='word_1_129' title='bbox 635 1874 732 1929; x_wconf 91' lang='lat' dir='ltr'><strong>intime</strong></span> <span class='ocrx_word' id='word_1_130' title='bbox 751 1874 786 1929; x_wconf 85' lang='lat' dir='ltr'><strong>de</strong></span> <span class='ocrx_word' id='word_1_131' title='bbox 800 1871 889 1939; x_wconf 90' lang='lat' dir='ltr'><strong>Dieu;</strong></span> <span class='ocrx_word' id='word_1_132' title='bbox 910 1874 984 1942; x_wconf 87' lang='lat' dir='ltr'><strong>angl.</strong></span> <span class='ocrx_word' id='word_1_133' title='bbox 1000 1889 1071 1927; x_wconf 87' lang='lat' dir='ltr'><strong>vers.</strong></span> <span class='ocrx_word' id='word_1_134' title='bbox 1089 1873 1169 1926; x_wconf 84' lang='lat' dir='ltr'><strong>Coni.</strong></span> <span class='ocrx_word' id='word_1_135' title='bbox 1185 1887 1217 1924; x_wconf 93' lang='lat' dir='ltr'><strong>on</strong></span> 
     </span>
     <span class='ocr_line' id='line_1_17' title="bbox 120 1956 1217 2029; baseline -0.001 -16"><span class='ocrx_word' id='word_1_136' title='bbox 120 1961 193 2027; x_wconf 83' lang='lat' dir='ltr'><strong>God,</strong></span> <span class='ocrx_word' id='word_1_137' title='bbox 201 1961 262 2014; x_wconf 91' lang='lat' dir='ltr'><strong>The</strong></span> <span class='ocrx_word' id='word_1_138' title='bbox 273 1963 357 2015; x_wconf 89' lang='lat' dir='ltr'><strong>lnner</strong></span> <span class='ocrx_word' id='word_1_139' title='bbox 367 1957 467 2016; x_wconf 65' lang='lat' dir='ltr'><strong>Lise‘oi</strong></span> <span class='ocrx_word' id='word_1_140' title='bbox 474 1956 559 2029; x_wconf 83' lang='lat' dir='ltr'><strong>God),</strong></span> <span class='ocrx_word' id='word_1_141' title='bbox 571 1957 618 2015; x_wconf 91' lang='lat' dir='ltr'><strong>ubi</strong></span> <span class='ocrx_word' id='word_1_142' title='bbox 632 1962 693 2015; x_wconf 87' lang='lat' dir='ltr'><strong>haec</strong></span> <span class='ocrx_word' id='word_1_143' title='bbox 707 1961 779 2015; x_wconf 89' lang='lat' dir='ltr'><strong>inter</strong></span> <span class='ocrx_word' id='word_1_144' title='bbox 791 1961 846 2015; x_wconf 87' lang='lat' dir='ltr'><strong>alia</strong></span> <span class='ocrx_word' id='word_1_145' title='bbox 859 1960 928 2015; x_wconf 91' lang='lat' dir='ltr'><strong>dicit</strong></span> <span class='ocrx_word' id='word_1_146' title='bbox 945 1978 951 2015; x_wconf 94' lang='lat'>:</span> <span class='ocrx_word' id='word_1_147' title='bbox 971 1960 987 1987; x_wconf 91' lang='lat'><strong>“</strong></span> <span class='ocrx_word' id='word_1_148' title='bbox 996 1960 1061 2014; x_wconf 92' lang='lat' dir='ltr'><strong>God</strong></span> <span class='ocrx_word' id='word_1_149' title='bbox 1073 1959 1097 2013; x_wconf 94' lang='lat' dir='ltr'><strong>is</strong></span> <span class='ocrx_word' id='word_1_150' title='bbox 1106 1977 1123 2014; x_wconf 89' lang='lat' dir='ltr'><strong>a</strong></span> <span class='ocrx_word' id='word_1_151' title='bbox 1133 1959 1217 2029; x_wconf 88' lang='lat' dir='ltr'><strong>spirit;</strong></span> 
     </span>
     <span class='ocr_line' id='line_1_18' title="bbox 121 2044 1217 2117; baseline 0 -19"><span class='ocrx_word' id='word_1_152' title='bbox 121 2045 175 2099; x_wconf 89' lang='lat' dir='ltr'><strong>His</strong></span> <span class='ocrx_word' id='word_1_153' title='bbox 189 2046 247 2100; x_wconf 87' lang='lat' dir='ltr'><strong>first</strong></span> <span class='ocrx_word' id='word_1_154' title='bbox 260 2045 311 2100; x_wconf 65' lang='lat' dir='ltr'><strong>adt.</strong></span> <span class='ocrx_word' id='word_1_155' title='bbox 351 2047 458 2101; x_wconf 88' lang='lat' dir='ltr'><strong>“Deus</strong></span> <span class='ocrx_word' id='word_1_156' title='bbox 471 2048 584 2117; x_wconf 88' lang='lat' dir='ltr'><strong>spiritus</strong></span> <span class='ocrx_word' id='word_1_157' title='bbox 598 2056 651 2112; x_wconf 93' lang='lat' dir='ltr'><strong>est,</strong></span> <span class='ocrx_word' id='word_1_158' title='bbox 662 2057 690 2101; x_wconf 89' lang='lat' dir='ltr'><strong>et</strong></span> <span class='ocrx_word' id='word_1_159' title='bbox 704 2046 767 2101; x_wconf 92' lang='lat' dir='ltr'><strong>ideo</strong></span> <span class='ocrx_word' id='word_1_160' title='bbox 780 2047 886 2116; x_wconf 89' lang='lat' dir='ltr'><strong>primus</strong></span> <span class='ocrx_word' id='word_1_161' title='bbox 899 2046 959 2116; x_wconf 88' lang='lat' dir='ltr'><strong>ejus</strong></span> <span class='ocrx_word' id='word_1_162' title='bbox 972 2045 1053 2100; x_wconf 75' lang='lat' dir='ltr'><strong>attus</strong></span> <span class='ocrx_word' id='word_1_163' title='bbox 1066 2057 1112 2100; x_wconf 89' lang='lat' dir='ltr'><strong>est</strong></span> <span class='ocrx_word' id='word_1_164' title='bbox 1125 2044 1217 2100; x_wconf 87' lang='lat' dir='ltr'><strong>intelli-</strong></span> 
     </span>
     <span class='ocr_line' id='line_1_19' title="bbox 119 2114 1218 2203; baseline 0 -18"><span class='ocrx_word' id='word_1_165' title='bbox 119 2114 211 2200; x_wconf 49' lang='lat' dir='ltr'><strong>geres</strong></span> <span class='ocrx_word' id='word_1_166' title='bbox 229 2134 339 2202; x_wconf 78' lang='lat' dir='ltr'><strong>atejus</strong></span> <span class='ocrx_word' id='word_1_167' title='bbox 353 2134 486 2202; x_wconf 85' lang='lat' dir='ltr'><strong>cogitatio</strong></span> <span class='ocrx_word' id='word_1_168' title='bbox 500 2133 605 2203; x_wconf 89' lang='lat' dir='ltr'><strong>nequit,</strong></span> <span class='ocrx_word' id='word_1_169' title='bbox 624 2134 696 2189; x_wconf 92' lang='lat' dir='ltr'><strong>sicut</strong></span> <span class='ocrx_word' id='word_1_170' title='bbox 714 2145 819 2201; x_wconf 85' lang='lat' dir='ltr'><strong>nostra,</strong></span> <span class='ocrx_word' id='word_1_171' title='bbox 838 2152 902 2188; x_wconf 90' lang='lat' dir='ltr'><strong>esse</strong></span> <span class='ocrx_word' id='word_1_172' title='bbox 914 2132 1068 2202; x_wconf 85' lang='lat' dir='ltr'><strong>multiplex,</strong></span> <span class='ocrx_word' id='word_1_173' title='bbox 1091 2133 1218 2187; x_wconf 88' lang='lat' dir='ltr'><strong>continue</strong></span> 
     </span>
    </p>
   </div>
   <div class='ocr_carea' id='block_1_6' title="bbox 115 2219 1222 4373">
    <p class='ocr_par' dir='ltr' id='par_1_6' title="bbox 115 2219 1222 4373">
     <span class='ocr_line' id='line_1_20' title="bbox 119 2219 1217 2289; baseline -0.001 -17"><span class='ocrx_word' id='word_1_174' title='bbox 119 2236 239 2273; x_wconf 89' lang='lat' dir='ltr'><strong>nascens</strong></span> <span class='ocrx_word' id='word_1_175' title='bbox 252 2220 394 2288; x_wconf 88' lang='lat' dir='ltr'><strong>moritura,</strong></span> <span class='ocrx_word' id='word_1_176' title='bbox 404 2232 432 2275; x_wconf 89' lang='lat' dir='ltr'><strong>et</strong></span> <span class='ocrx_word' id='word_1_177' title='bbox 445 2221 567 2275; x_wconf 91' lang='lat' dir='ltr'><strong>moriens</strong></span> <span class='ocrx_word' id='word_1_178' title='bbox 581 2239 675 2275; x_wconf 89' lang='lat' dir='ltr'><strong>rursus</strong></span> <span class='ocrx_word' id='word_1_179' title='bbox 686 2221 835 2276; x_wconf 86' lang='lat' dir='ltr'><strong>nascitura.</strong></span> <span class='ocrx_word' id='word_1_180' title='bbox 875 2223 908 2275; x_wconf 93' lang='lat' dir='ltr'><strong>In</strong></span> <span class='ocrx_word' id='word_1_181' title='bbox 921 2220 1003 2274; x_wconf 91' lang='lat' dir='ltr'><strong>nobis</strong></span> <span class='ocrx_word' id='word_1_182' title='bbox 1016 2219 1163 2289; x_wconf 87' lang='lat' dir='ltr'><strong>multiplex</strong></span> <span class='ocrx_word' id='word_1_183' title='bbox 1170 2229 1217 2284; x_wconf 88' lang='lat' dir='ltr'><strong>est,</strong></span> 
     </span>
     <span class='ocr_line' id='line_1_21' title="bbox 115 2305 1217 2377; baseline -0.001 -18"><span class='ocrx_word' id='word_1_184' title='bbox 115 2306 194 2375; x_wconf 85' lang='lat' dir='ltr'><strong>quia,</strong></span> <span class='ocrx_word' id='word_1_185' title='bbox 210 2323 274 2360; x_wconf 91' lang='lat' dir='ltr'><strong>cum</strong></span> <span class='ocrx_word' id='word_1_186' title='bbox 287 2307 364 2361; x_wconf 88' lang='lat' dir='ltr'><strong>entia</strong></span> <span class='ocrx_word' id='word_1_187' title='bbox 382 2307 461 2362; x_wconf 86' lang='lat' dir='ltr'><strong>linita</strong></span> <span class='ocrx_word' id='word_1_188' title='bbox 482 2308 578 2376; x_wconf 90' lang='lat' dir='ltr'><strong>simus,</strong></span> <span class='ocrx_word' id='word_1_189' title='bbox 596 2309 705 2377; x_wconf 92' lang='lat' dir='ltr'><strong>singula</strong></span> <span class='ocrx_word' id='word_1_190' title='bbox 719 2307 919 2377; x_wconf 86' lang='lat' dir='ltr'><strong>cognoscibilia</strong></span> <span class='ocrx_word' id='word_1_191' title='bbox 933 2305 1099 2374; x_wconf 90' lang='lat' dir='ltr'><strong>singillatim</strong></span> <span class='ocrx_word' id='word_1_192' title='bbox 1114 2317 1217 2361; x_wconf 89' lang='lat' dir='ltr'><strong>tantum</strong></span> 
     </span>
     <span class='ocr_line' id='line_1_22' title="bbox 120 2392 1217 2466; baseline 0 -21"><span class='ocrx_word' id='word_1_193' title='bbox 120 2392 201 2446; x_wconf 92' lang='lat' dir='ltr'><strong>nobis</strong></span> <span class='ocrx_word' id='word_1_194' title='bbox 215 2395 365 2462; x_wconf 86' lang='lat' dir='ltr'><strong>praesentia</strong></span> <span class='ocrx_word' id='word_1_195' title='bbox 378 2395 509 2450; x_wconf 91' lang='lat' dir='ltr'><strong>exhibere</strong></span> <span class='ocrx_word' id='word_1_196' title='bbox 522 2398 671 2464; x_wconf 87' lang='lat' dir='ltr'><strong>possumus</strong></span> <span class='ocrx_word' id='word_1_197' title='bbox 678 2413 686 2466; x_wconf 78' lang='lat'><em>3</em></span> <span class='ocrx_word' id='word_1_198' title='bbox 705 2397 734 2450; x_wconf 94' lang='lat' dir='ltr'><strong>in</strong></span> <span class='ocrx_word' id='word_1_199' title='bbox 748 2395 830 2449; x_wconf 93' lang='lat' dir='ltr'><strong>nobis</strong></span> <span class='ocrx_word' id='word_1_200' title='bbox 842 2394 968 2461; x_wconf 89' lang='lat' dir='ltr'><strong>moritur,</strong></span> <span class='ocrx_word' id='word_1_201' title='bbox 982 2394 1049 2463; x_wconf 90' lang='lat' dir='ltr'><strong>quia</strong></span> <span class='ocrx_word' id='word_1_202' title='bbox 1061 2404 1217 2448; x_wconf 90' lang='lat' dir='ltr'><strong>nostrarum</strong></span> 
     </span>
     <span class='ocr_line' id='line_1_23' title="bbox 120 2473 1217 2552; baseline 0.001 -22"><span class='ocrx_word' id='word_1_203' title='bbox 120 2479 254 2547; x_wconf 88' lang='lat' dir='ltr'><strong>idearum,</strong></span> <span class='ocrx_word' id='word_1_204' title='bbox 269 2481 325 2533; x_wconf 70' lang='lat' dir='ltr'><strong>und</strong></span> <span class='ocrx_word' id='word_1_205' title='bbox 345 2482 430 2535; x_wconf 88' lang='lat' dir='ltr'><strong>aliam</strong></span> <span class='ocrx_word' id='word_1_206' title='bbox 451 2473 575 2550; x_wconf 88' lang='lat' dir='ltr'><strong>urgente,</strong></span> <span class='ocrx_word' id='word_1_207' title='bbox 590 2483 677 2537; x_wconf 91' lang='lat' dir='ltr'><strong>altera</strong></span> <span class='ocrx_word' id='word_1_208' title='bbox 697 2482 817 2552; x_wconf 91' lang='lat' dir='ltr'><strong>primam</strong></span> <span class='ocrx_word' id='word_1_209' title='bbox 836 2499 852 2536; x_wconf 96' lang='lat' dir='ltr'><strong>e</strong></span> <span class='ocrx_word' id='word_1_210' title='bbox 872 2481 951 2548; x_wconf 91' lang='lat' dir='ltr'><strong>solio,</strong></span> <span class='ocrx_word' id='word_1_211' title='bbox 965 2491 993 2535; x_wconf 90' lang='lat' dir='ltr'><strong>et</strong></span> <span class='ocrx_word' id='word_1_212' title='bbox 1007 2480 1090 2535; x_wconf 89' lang='lat' dir='ltr'><strong>tertia</strong></span> <span class='ocrx_word' id='word_1_213' title='bbox 1104 2481 1217 2536; x_wconf 88' lang='lat' dir='ltr'><strong>alteram</strong></span> 
     </span>
     <span class='ocr_line' id='line_1_24' title="bbox 120 2566 1217 2639; baseline 0.001 -21"><span class='ocrx_word' id='word_1_214' title='bbox 120 2566 293 2635; x_wconf 69' lang='lat' dir='ltr'><strong>praecipitem</strong></span> <span class='ocrx_word' id='word_1_215' title='bbox 307 2568 409 2637; x_wconf 85' lang='lat' dir='ltr'><strong>dejicit.</strong></span> <span class='ocrx_word' id='word_1_216' title='bbox 451 2569 483 2621; x_wconf 91' lang='lat' dir='ltr'><strong>ln</strong></span> <span class='ocrx_word' id='word_1_217' title='bbox 498 2571 561 2623; x_wconf 91' lang='lat' dir='ltr'><strong>Deo</strong></span> <span class='ocrx_word' id='word_1_218' title='bbox 583 2587 598 2623; x_wconf 91' lang='lat' dir='ltr'><strong>e</strong></span> <span class='ocrx_word' id='word_1_219' title='bbox 620 2579 726 2632; x_wconf 88' lang='lat' dir='ltr'><strong>contra,</strong></span> <span class='ocrx_word' id='word_1_220' title='bbox 742 2569 821 2639; x_wconf 89' lang='lat' dir='ltr'><strong>cujus</strong></span> <span class='ocrx_word' id='word_1_221' title='bbox 835 2569 898 2623; x_wconf 35' lang='lat' dir='ltr'><strong>vitas</strong></span> <span class='ocrx_word' id='word_1_222' title='bbox 910 2567 1027 2622; x_wconf 77' lang='lat' dir='ltr'><strong>atiuosa</strong></span> <span class='ocrx_word' id='word_1_223' title='bbox 1046 2567 1157 2621; x_wconf 87' lang='lat' dir='ltr'><strong>infinita</strong></span> <span class='ocrx_word' id='word_1_224' title='bbox 1170 2576 1217 2630; x_wconf 88' lang='lat' dir='ltr'><strong>est,</strong></span> 
     </span>
     <span class='ocr_line' id='line_1_25' title="bbox 120 2653 1217 2726; baseline 0 -21"><span class='ocrx_word' id='word_1_225' title='bbox 120 2655 232 2722; x_wconf 89' lang='lat' dir='ltr'><strong>spiritus</strong></span> <span class='ocrx_word' id='word_1_226' title='bbox 247 2669 301 2707; x_wconf 93' lang='lat' dir='ltr'><strong>uno</strong></span> <span class='ocrx_word' id='word_1_227' title='bbox 314 2654 379 2709; x_wconf 64' lang='lat' dir='ltr'><strong>attu</strong></span> <span class='ocrx_word' id='word_1_228' title='bbox 393 2653 595 2724; x_wconf 87' lang='lat' dir='ltr'><strong>cogitationem</strong></span> <span class='ocrx_word' id='word_1_229' title='bbox 615 2653 726 2725; x_wconf 90' lang='lat' dir='ltr'><strong>ipsimet</strong></span> <span class='ocrx_word' id='word_1_230' title='bbox 746 2657 883 2726; x_wconf 84' lang='lat' dir='ltr'><strong>aequalem</strong></span> <span class='ocrx_word' id='word_1_231' title='bbox 901 2653 1000 2724; x_wconf 86' lang='lat' dir='ltr'><strong>gignit,</strong></span> <span class='ocrx_word' id='word_1_232' title='bbox 1014 2671 1078 2724; x_wconf 89' lang='lat' dir='ltr'><strong>quae</strong></span> <span class='ocrx_word' id='word_1_233' title='bbox 1099 2671 1164 2708; x_wconf 92' lang='lat' dir='ltr'><strong>eum</strong></span> <span class='ocrx_word' id='word_1_234' title='bbox 1181 2663 1217 2706; x_wconf 93' lang='lat' dir='ltr'><strong>to·</strong></span> 
     </span>
     <span class='ocr_line' id='line_1_26' title="bbox 116 2739 1218 2815; baseline -0.004 -20"><span class='ocrx_word' id='word_1_235' title='bbox 116 2751 180 2795; x_wconf 88' lang='lat' dir='ltr'><strong>tum</strong></span> <span class='ocrx_word' id='word_1_236' title='bbox 202 2739 341 2809; x_wconf 89' lang='lat' dir='ltr'><strong>integrum</strong></span> <span class='ocrx_word' id='word_1_237' title='bbox 360 2741 412 2795; x_wconf 91' lang='lat' dir='ltr'><strong>sibi</strong></span> <span class='ocrx_word' id='word_1_238' title='bbox 432 2741 601 2811; x_wconf 80' lang='lat' dir='ltr'><strong>praesentem</strong></span> <span class='ocrx_word' id='word_1_239' title='bbox 621 2743 749 2807; x_wconf 88' lang='lat' dir='ltr'><strong>exhibet;</strong></span> <span class='ocrx_word' id='word_1_240' title='bbox 778 2759 829 2815; x_wconf 84' lang='lat' dir='ltr'><strong>nec</strong></span> <span class='ocrx_word' id='word_1_241' title='bbox 848 2743 937 2795; x_wconf 89' lang='lat' dir='ltr'><strong>altera</strong></span> <span class='ocrx_word' id='word_1_242' title='bbox 956 2741 1142 2808; x_wconf 90' lang='lat' dir='ltr'><strong>desideratur,</strong></span> <span class='ocrx_word' id='word_1_243' title='bbox 1159 2756 1218 2793; x_wconf 90' lang='lat' dir='ltr'><strong>cum</strong></span> 
     </span>
     <span class='ocr_line' id='line_1_27' title="bbox 121 2824 1219 2897; baseline -0.002 -17"><span class='ocrx_word' id='word_1_244' title='bbox 121 2826 211 2895; x_wconf 90' lang='lat' dir='ltr'><strong>prima</strong></span> <span class='ocrx_word' id='word_1_245' title='bbox 225 2845 315 2882; x_wconf 90' lang='lat' dir='ltr'><strong>rerum</strong></span> <span class='ocrx_word' id='word_1_246' title='bbox 329 2829 561 2896; x_wconf 90' lang='lat' dir='ltr'><strong>cognoscibilium</strong></span> <span class='ocrx_word' id='word_1_247' title='bbox 575 2830 716 2897; x_wconf 82' lang='lat' dir='ltr'><strong>abyssum,</strong></span> <span class='ocrx_word' id='word_1_248' title='bbox 733 2826 805 2882; x_wconf 88' lang='lat' dir='ltr'><strong>idest</strong></span> <span class='ocrx_word' id='word_1_249' title='bbox 825 2825 924 2881; x_wconf 86' lang='lat' dir='ltr'><strong>infiniti</strong></span> <span class='ocrx_word' id='word_1_250' title='bbox 944 2828 1079 2896; x_wconf 84' lang='lat' dir='ltr'><strong>abyssum</strong></span> <span class='ocrx_word' id='word_1_251' title='bbox 1099 2824 1219 2896; x_wconf 74' lang='lat' dir='ltr'><strong>perietle</strong></span> 
     </span>
     <span class='ocr_line' id='line_1_28' title="bbox 121 2913 1220 2984; baseline -0.004 -16"><span class='ocrx_word' id='word_1_252' title='bbox 121 2927 309 2984; x_wconf 86' lang='lat' dir='ltr'><strong>repraesentet.</strong></span> <span class='ocrx_word' id='word_1_253' title='bbox 350 2918 421 2970; x_wconf 86' lang='lat' dir='ltr'><strong>Haec</strong></span> <span class='ocrx_word' id='word_1_254' title='bbox 435 2915 567 2984; x_wconf 88' lang='lat' dir='ltr'><strong>cogitatio</strong></span> <span class='ocrx_word' id='word_1_255' title='bbox 581 2916 663 2969; x_wconf 88' lang='lat' dir='ltr'><strong>unica</strong></span> <span class='ocrx_word' id='word_1_256' title='bbox 676 2926 704 2970; x_wconf 91' lang='lat' dir='ltr'><strong>et</strong></span> <span class='ocrx_word' id='word_1_257' title='bbox 717 2915 855 2983; x_wconf 90' lang='lat' dir='ltr'><strong>absoluta,</strong></span> <span class='ocrx_word' id='word_1_258' title='bbox 870 2913 962 2982; x_wconf 84' lang='lat' dir='ltr'><strong>prima</strong></span> <span class='ocrx_word' id='word_1_259' title='bbox 974 2923 1002 2967; x_wconf 90' lang='lat' dir='ltr'><strong>et</strong></span> <span class='ocrx_word' id='word_1_260' title='bbox 1015 2913 1171 2967; x_wconf 88' lang='lat' dir='ltr'><strong>novissima</strong></span> <span class='ocrx_word' id='word_1_261' title='bbox 1188 2930 1220 2966; x_wconf 90' lang='lat' dir='ltr'><strong>ex</strong></span> 
     </span>
     <span class='ocr_line' id='line_1_29' title="bbox 123 2999 1219 3073; baseline -0.001 -19"><span class='ocrx_word' id='word_1_262' title='bbox 123 3003 178 3056; x_wconf 92' lang='lat' dir='ltr'><strong>Dei</strong></span> <span class='ocrx_word' id='word_1_263' title='bbox 192 3004 288 3070; x_wconf 89' lang='lat' dir='ltr'><strong>spiritu</strong></span> <span class='ocrx_word' id='word_1_264' title='bbox 302 3005 408 3070; x_wconf 86' lang='lat' dir='ltr'><strong>oborta,</strong></span> <span class='ocrx_word' id='word_1_265' title='bbox 423 3015 489 3058; x_wconf 89' lang='lat' dir='ltr'><strong>ante</strong></span> <span class='ocrx_word' id='word_1_266' title='bbox 507 3021 571 3058; x_wconf 89' lang='lat' dir='ltr'><strong>eum</strong></span> <span class='ocrx_word' id='word_1_267' title='bbox 585 3014 729 3073; x_wconf 89' lang='lat' dir='ltr'><strong>tamquam</strong></span> <span class='ocrx_word' id='word_1_268' title='bbox 743 3001 784 3057; x_wconf 90' lang='lat' dir='ltr'><strong>sui</strong></span> <span class='ocrx_word' id='word_1_269' title='bbox 799 3001 887 3072; x_wconf 90' lang='lat' dir='ltr'><strong>ipsius</strong></span> <span class='ocrx_word' id='word_1_270' title='bbox 900 2999 1024 3070; x_wconf 62' lang='lat' dir='ltr'><strong>perfetta</strong></span> <span class='ocrx_word' id='word_1_271' title='bbox 1037 3012 1219 3069; x_wconf 88' lang='lat' dir='ltr'><strong>repraesenta·</strong></span> 
     </span>
     <span class='ocr_line' id='line_1_30' title="bbox 123 3086 1220 3160; baseline -0.005 -15"><span class='ocrx_word' id='word_1_272' title='bbox 123 3092 161 3145; x_wconf 92' lang='lat' dir='ltr'><strong>tio</strong></span> <span class='ocrx_word' id='word_1_273' title='bbox 175 3093 203 3145; x_wconf 93' lang='lat' dir='ltr'><strong>in</strong></span> <span class='ocrx_word' id='word_1_274' title='bbox 216 3104 351 3147; x_wconf 83' lang='lat' dir='ltr'><strong>aeternum</strong></span> <span class='ocrx_word' id='word_1_275' title='bbox 365 3105 469 3160; x_wconf 89' lang='lat' dir='ltr'><strong>manet,</strong></span> <span class='ocrx_word' id='word_1_276' title='bbox 484 3095 526 3147; x_wconf 90' lang='lat' dir='ltr'><strong>vel</strong></span> <span class='ocrx_word' id='word_1_277' title='bbox 540 3105 570 3148; x_wconf 90' lang='lat' dir='ltr'><strong>ut</strong></span> <span class='ocrx_word' id='word_1_278' title='bbox 585 3092 731 3146; x_wconf 92' lang='lat' dir='ltr'><strong>Librorum</strong></span> <span class='ocrx_word' id='word_1_279' title='bbox 744 3105 887 3142; x_wconf 89' lang='lat' dir='ltr'><strong>sacrorum</strong></span> <span class='ocrx_word' id='word_1_280' title='bbox 906 3086 998 3142; x_wconf 91' lang='lat' dir='ltr'><strong>verbis</strong></span> <span class='ocrx_word' id='word_1_281' title='bbox 1018 3096 1139 3154; x_wconf 87' lang='lat' dir='ltr'><strong>utamur,</strong></span> <span class='ocrx_word' id='word_1_282' title='bbox 1152 3097 1220 3141; x_wconf 91' lang='lat' dir='ltr'><strong>tam·</strong></span> 
     </span>
     <span class='ocr_line' id='line_1_31' title="bbox 123 3173 1220 3249; baseline -0.004 -18"><span class='ocrx_word' id='word_1_283' title='bbox 123 3194 208 3246; x_wconf 89' lang='lat' dir='ltr'><strong>quam</strong></span> <span class='ocrx_word' id='word_1_284' title='bbox 221 3179 262 3232; x_wconf 90' lang='lat' dir='ltr'><strong>sui</strong></span> <span class='ocrx_word' id='word_1_285' title='bbox 276 3180 378 3248; x_wconf 89' lang='lat' dir='ltr'><strong>imago,</strong></span> <span class='ocrx_word' id='word_1_286' title='bbox 392 3180 525 3249; x_wconf 85' lang='lat' dir='ltr'><strong>splendor</strong></span> <span class='ocrx_word' id='word_1_287' title='bbox 537 3181 633 3247; x_wconf 84' lang='lat' dir='ltr'><strong>gloriae</strong></span> <span class='ocrx_word' id='word_1_288' title='bbox 652 3188 679 3231; x_wconf 92' lang='lat' dir='ltr'><strong>et</strong></span> <span class='ocrx_word' id='word_1_289' title='bbox 698 3176 785 3244; x_wconf 88' lang='lat' dir='ltr'><strong>figura</strong></span> <span class='ocrx_word' id='word_1_290' title='bbox 798 3173 964 3229; x_wconf 89' lang='lat' dir='ltr'><strong>substantiae</strong></span> <span class='ocrx_word' id='word_1_291' title='bbox 976 3174 1036 3244; x_wconf 83' lang='lat' dir='ltr'><strong>ejus</strong></span> <span class='ocrx_word' id='word_1_292' title='bbox 1122 3176 1155 3228; x_wconf 93' lang='lat' dir='ltr'><strong>In</strong></span> <span class='ocrx_word' id='word_1_293' title='bbox 1174 3175 1220 3227; x_wconf 94' lang='lat' dir='ltr'><strong>ho·</strong></span> 
     </span>
     <span class='ocr_line' id='line_1_32' title="bbox 123 3259 1221 3337; baseline -0.005 -17"><span class='ocrx_word' id='word_1_294' title='bbox 123 3268 198 3322; x_wconf 91' lang='lat' dir='ltr'><strong>mine</strong></span> <span class='ocrx_word' id='word_1_295' title='bbox 212 3268 374 3337; x_wconf 69' lang='lat' dir='ltr'><strong>imperfecta</strong></span> <span class='ocrx_word' id='word_1_296' title='bbox 387 3280 495 3322; x_wconf 88' lang='lat' dir='ltr'><strong>tantum</strong></span> <span class='ocrx_word' id='word_1_297' title='bbox 509 3269 589 3322; x_wconf 88' lang='lat' dir='ltr'><strong>adest</strong></span> <span class='ocrx_word' id='word_1_298' title='bbox 602 3263 744 3321; x_wconf 72' lang='lat' dir='ltr'><strong>distindlio</strong></span> <span class='ocrx_word' id='word_1_299' title='bbox 758 3263 829 3318; x_wconf 91' lang='lat' dir='ltr'><strong>inter</strong></span> <span class='ocrx_word' id='word_1_300' title='bbox 841 3273 964 3317; x_wconf 89' lang='lat' dir='ltr'><strong>mentem</strong></span> <span class='ocrx_word' id='word_1_301' title='bbox 977 3271 1005 3315; x_wconf 89' lang='lat' dir='ltr'><strong>et</strong></span> <span class='ocrx_word' id='word_1_302' title='bbox 1013 3259 1221 3330; x_wconf 90' lang='lat' dir='ltr'><strong>cogitationem,</strong></span> 
     </span>
     <span class='ocr_line' id='line_1_33' title="bbox 123 3347 1221 3423; baseline -0.005 -16"><span class='ocrx_word' id='word_1_303' title='bbox 123 3356 184 3408; x_wconf 82' lang='lat' dir='ltr'><strong>haec</strong></span> <span class='ocrx_word' id='word_1_304' title='bbox 198 3356 273 3409; x_wconf 92' lang='lat' dir='ltr'><strong>enim</strong></span> <span class='ocrx_word' id='word_1_305' title='bbox 286 3355 363 3409; x_wconf 89' lang='lat' dir='ltr'><strong>finita</strong></span> <span class='ocrx_word' id='word_1_306' title='bbox 377 3367 434 3421; x_wconf 90' lang='lat' dir='ltr'><strong>est;</strong></span> <span class='ocrx_word' id='word_1_307' title='bbox 463 3357 490 3408; x_wconf 93' lang='lat' dir='ltr'><strong>in</strong></span> <span class='ocrx_word' id='word_1_308' title='bbox 506 3358 568 3409; x_wconf 92' lang='lat' dir='ltr'><strong>Deo</strong></span> <span class='ocrx_word' id='word_1_309' title='bbox 582 3354 723 3423; x_wconf 85' lang='lat' dir='ltr'><strong>cogitatio,</strong></span> <span class='ocrx_word' id='word_1_310' title='bbox 739 3370 787 3407; x_wconf 89' lang='lat' dir='ltr'><strong>seu</strong></span> <span class='ocrx_word' id='word_1_311' title='bbox 801 3351 926 3417; x_wconf 89' lang='lat' dir='ltr'><strong>verbum,</strong></span> <span class='ocrx_word' id='word_1_312' title='bbox 938 3347 1061 3419; x_wconf 70' lang='lat' dir='ltr'><strong>perietle</strong></span> <span class='ocrx_word' id='word_1_313' title='bbox 1075 3348 1221 3418; x_wconf 91' lang='lat' dir='ltr'><strong>distingui·</strong></span> 
     </span>
     <span class='ocr_line' id='line_1_34' title="bbox 123 3436 1221 3513; baseline -0.005 -16"><span class='ocrx_word' id='word_1_314' title='bbox 123 3452 167 3497; x_wconf 90' lang='lat' dir='ltr'><strong>tur</strong></span> <span class='ocrx_word' id='word_1_315' title='bbox 180 3462 197 3496; x_wconf 89' lang='lat' dir='ltr'><strong>a</strong></span> <span class='ocrx_word' id='word_1_316' title='bbox 210 3442 345 3512; x_wconf 89' lang='lat' dir='ltr'><strong>principio</strong></span> <span class='ocrx_word' id='word_1_317' title='bbox 359 3444 509 3512; x_wconf 87' lang='lat' dir='ltr'><strong>cogitante,</strong></span> <span class='ocrx_word' id='word_1_318' title='bbox 524 3443 589 3513; x_wconf 88' lang='lat' dir='ltr'><strong>quia</strong></span> <span class='ocrx_word' id='word_1_319' title='bbox 610 3440 717 3496; x_wconf 85' lang='lat' dir='ltr'><strong>infinita</strong></span> <span class='ocrx_word' id='word_1_320' title='bbox 730 3451 773 3494; x_wconf 90' lang='lat' dir='ltr'><strong>est</strong></span> <span class='ocrx_word' id='word_1_321' title='bbox 790 3457 795 3492; x_wconf 92' lang='lat'>:</span> <span class='ocrx_word' id='word_1_322' title='bbox 825 3437 933 3493; x_wconf 90' lang='lat' dir='ltr'><strong>scilicet</strong></span> <span class='ocrx_word' id='word_1_323' title='bbox 946 3437 975 3491; x_wconf 91' lang='lat' dir='ltr'><strong>in</strong></span> <span class='ocrx_word' id='word_1_324' title='bbox 987 3436 1103 3492; x_wconf 91' lang='lat' dir='ltr'><strong>homine</strong></span> <span class='ocrx_word' id='word_1_325' title='bbox 1116 3439 1221 3506; x_wconf 88' lang='lat' dir='ltr'><strong>cogita-</strong></span> 
     </span>
     <span class='ocr_line' id='line_1_35' title="bbox 124 3524 1222 3601; baseline -0.005 -17"><span class='ocrx_word' id='word_1_326' title='bbox 124 3531 162 3584; x_wconf 90' lang='lat' dir='ltr'><strong>tio</strong></span> <span class='ocrx_word' id='word_1_327' title='bbox 176 3532 212 3584; x_wconf 92' lang='lat' dir='ltr'><strong>ad</strong></span> <span class='ocrx_word' id='word_1_328' title='bbox 225 3531 392 3600; x_wconf 89' lang='lat' dir='ltr'><strong>dignitatem</strong></span> <span class='ocrx_word' id='word_1_329' title='bbox 406 3549 534 3601; x_wconf 85' lang='lat' dir='ltr'><strong>personae</strong></span> <span class='ocrx_word' id='word_1_330' title='bbox 548 3549 603 3584; x_wconf 92' lang='lat' dir='ltr'><strong>non</strong></span> <span class='ocrx_word' id='word_1_331' title='bbox 617 3528 744 3599; x_wconf 90' lang='lat' dir='ltr'><strong>pervenit</strong></span> <span class='ocrx_word' id='word_1_332' title='bbox 764 3526 834 3581; x_wconf 90' lang='lat' dir='ltr'><strong>sicut</strong></span> <span class='ocrx_word' id='word_1_333' title='bbox 854 3524 883 3579; x_wconf 91' lang='lat' dir='ltr'><strong>in</strong></span> <span class='ocrx_word' id='word_1_334' title='bbox 898 3527 1001 3579; x_wconf 93' lang='lat' dir='ltr'><strong>Deo</strong></span> <span class='ocrx_word' id='word_1_335' title='bbox 1041 3525 1222 3592; x_wconf 88' lang='lat' dir='ltr'><strong>Cogitatione</strong></span> 
     </span>
     <span class='ocr_line' id='line_1_36' title="bbox 124 3609 1221 3687; baseline -0.005 -16"><span class='ocrx_word' id='word_1_336' title='bbox 124 3620 260 3687; x_wconf 65' lang='lat' dir='ltr'><strong>absoluti,</strong></span> <span class='ocrx_word' id='word_1_337' title='bbox 278 3620 347 3672; x_wconf 89' lang='lat' dir='ltr'><strong>alter</strong></span> <span class='ocrx_word' id='word_1_338' title='bbox 366 3618 446 3672; x_wconf 72' lang='lat' dir='ltr'><strong>attus</strong></span> <span class='ocrx_word' id='word_1_339' title='bbox 465 3619 550 3672; x_wconf 92' lang='lat' dir='ltr'><strong>oritur</strong></span> <span class='ocrx_word' id='word_1_340' title='bbox 564 3637 569 3672; x_wconf 91' lang='lat'>:</span> <span class='ocrx_word' id='word_1_341' title='bbox 601 3635 680 3671; x_wconf 86' lang='lat' dir='ltr'><strong>amor</strong></span> <span class='ocrx_word' id='word_1_342' title='bbox 760 3615 848 3667; x_wconf 88' lang='lat' dir='ltr'><strong>Amor</strong></span> <span class='ocrx_word' id='word_1_343' title='bbox 860 3609 923 3665; x_wconf 78' lang='lat' dir='ltr'><strong>cuni</strong></span> <span class='ocrx_word' id='word_1_344' title='bbox 935 3629 953 3665; x_wconf 89' lang='lat' dir='ltr'><strong>a</strong></span> <span class='ocrx_word' id='word_1_345' title='bbox 965 3619 1059 3665; x_wconf 90' lang='lat' dir='ltr'><strong>mente</strong></span> <span class='ocrx_word' id='word_1_346' title='bbox 1071 3621 1132 3664; x_wconf 92' lang='lat' dir='ltr'><strong>tum</strong></span> <span class='ocrx_word' id='word_1_347' title='bbox 1146 3630 1164 3666; x_wconf 92' lang='lat' dir='ltr'><strong>a</strong></span> <span class='ocrx_word' id='word_1_348' title='bbox 1177 3630 1221 3665; x_wconf 94' lang='lat' dir='ltr'><strong>co·</strong></span> 
     </span>
     <span class='ocr_line' id='line_1_37' title="bbox 123 3697 1221 3774; baseline -0.006 -15"><span class='ocrx_word' id='word_1_349' title='bbox 123 3706 257 3773; x_wconf 84' lang='lat' dir='ltr'><strong>gitatione</strong></span> <span class='ocrx_word' id='word_1_350' title='bbox 278 3706 498 3774; x_wconf 89' lang='lat' dir='ltr'><strong>distinguitur...</strong></span> <span class='ocrx_word' id='word_1_351' title='bbox 521 3716 547 3759; x_wconf 91' lang='lat' dir='ltr'><strong>et</strong></span> <span class='ocrx_word' id='word_1_352' title='bbox 569 3702 749 3757; x_wconf 89' lang='lat' dir='ltr'><strong>nihilominus</strong></span> <span class='ocrx_word' id='word_1_353' title='bbox 769 3701 806 3753; x_wconf 92' lang='lat' dir='ltr'><strong>ab</strong></span> <span class='ocrx_word' id='word_1_354' title='bbox 828 3699 944 3769; x_wconf 70' lang='lat' dir='ltr'><strong>utrique</strong></span> <span class='ocrx_word' id='word_1_355' title='bbox 964 3697 1101 3767; x_wconf 89' lang='lat' dir='ltr'><strong>procedit,</strong></span> <span class='ocrx_word' id='word_1_356' title='bbox 1114 3698 1221 3768; x_wconf 92' lang='lat' dir='ltr'><strong>aliquid</strong></span> 
     </span>
     <span class='ocr_line' id='line_1_38' title="bbox 123 3783 1221 3848; baseline -0.005 -2"><span class='ocrx_word' id='word_1_357' title='bbox 123 3811 209 3847; x_wconf 89' lang='lat' dir='ltr'><strong>unum</strong></span> <span class='ocrx_word' id='word_1_358' title='bbox 222 3812 285 3848; x_wconf 87' lang='lat' dir='ltr'><strong>cnm</strong></span> <span class='ocrx_word' id='word_1_359' title='bbox 300 3793 340 3848; x_wconf 91' lang='lat' dir='ltr'><strong>eis</strong></span> <span class='ocrx_word' id='word_1_360' title='bbox 354 3795 541 3847; x_wconf 86' lang='lat' dir='ltr'><strong>efformans...</strong></span> <span class='ocrx_word' id='word_1_361' title='bbox 582 3794 653 3846; x_wconf 89' lang='lat' dir='ltr'><strong>Item</strong></span> <span class='ocrx_word' id='word_1_362' title='bbox 674 3791 784 3843; x_wconf 91' lang='lat' dir='ltr'><strong>inDe0.</strong></span> <span class='ocrx_word' id='word_1_363' title='bbox 825 3786 869 3840; x_wconf 89' lang='lat' dir='ltr'><strong>Ex</strong></span> <span class='ocrx_word' id='word_1_364' title='bbox 887 3797 993 3841; x_wconf 88' lang='lat' dir='ltr'><strong>aeterno</strong></span> <span class='ocrx_word' id='word_1_365' title='bbox 1012 3783 1114 3840; x_wconf 90' lang='lat' dir='ltr'><strong>intuitu</strong></span> <span class='ocrx_word' id='word_1_366' title='bbox 1130 3788 1221 3842; x_wconf 89' lang='lat' dir='ltr'><strong>Patris</strong></span> 
     </span>
     <span class='ocr_line' id='line_1_39' title="bbox 123 3872 1221 3943; baseline -0.006 -9"><span class='ocrx_word' id='word_1_367' title='bbox 123 3893 150 3935; x_wconf 92' lang='lat' dir='ltr'><strong>et</strong></span> <span class='ocrx_word' id='word_1_368' title='bbox 166 3880 227 3935; x_wconf 88' lang='lat' dir='ltr'><strong>Filii</strong></span> <span class='ocrx_word' id='word_1_369' title='bbox 241 3884 338 3937; x_wconf 88' lang='lat' dir='ltr'><strong>tertius</strong></span> <span class='ocrx_word' id='word_1_370' title='bbox 352 3882 437 3935; x_wconf 90' lang='lat' dir='ltr'><strong>oritur</strong></span> <span class='ocrx_word' id='word_1_371' title='bbox 449 3879 592 3935; x_wconf 88' lang='lat' dir='ltr'><strong>relationis</strong></span> <span class='ocrx_word' id='word_1_372' title='bbox 612 3877 754 3942; x_wconf 88' lang='lat' dir='ltr'><strong>terminus,</strong></span> <span class='ocrx_word' id='word_1_373' title='bbox 771 3872 808 3926; x_wconf 88' lang='lat' dir='ltr'><strong>ab</strong></span> <span class='ocrx_word' id='word_1_374' title='bbox 827 3883 945 3943; x_wconf 90' lang='lat' dir='ltr'><strong>utroque</strong></span> <span class='ocrx_word' id='word_1_375' title='bbox 963 3872 1128 3942; x_wconf 89' lang='lat' dir='ltr'><strong>procedens,</strong></span> <span class='ocrx_word' id='word_1_376' title='bbox 1142 3873 1221 3929; x_wconf 90' lang='lat' dir='ltr'><strong>reali·</strong></span> 
     </span>
     <span class='ocr_line' id='line_1_40' title="bbox 123 3960 1217 4039; baseline -0.005 -18"><span class='ocrx_word' id='word_1_377' title='bbox 123 3979 164 4023; x_wconf 90' lang='lat' dir='ltr'><strong>ter</strong></span> <span class='ocrx_word' id='word_1_378' title='bbox 177 3971 213 4023; x_wconf 84' lang='lat' dir='ltr'><strong>ab</strong></span> <span class='ocrx_word' id='word_1_379' title='bbox 226 3982 342 4039; x_wconf 89' lang='lat' dir='ltr'><strong>utroque</strong></span> <span class='ocrx_word' id='word_1_380' title='bbox 356 3968 513 4030; x_wconf 70' lang='lat' dir='ltr'><strong>distinctus,</strong></span> <span class='ocrx_word' id='word_1_381' title='bbox 530 3965 674 4019; x_wconf 86' lang='lat' dir='ltr'><strong>infinitatis</strong></span> <span class='ocrx_word' id='word_1_382' title='bbox 686 3964 713 4016; x_wconf 88' lang='lat' dir='ltr'><strong>vi</strong></span> <span class='ocrx_word' id='word_1_383' title='bbox 726 3962 762 4016; x_wconf 90' lang='lat' dir='ltr'><strong>ad</strong></span> <span class='ocrx_word' id='word_1_384' title='bbox 776 3977 902 4029; x_wconf 87' lang='lat' dir='ltr'><strong>personae</strong></span> <span class='ocrx_word' id='word_1_385' title='bbox 915 3960 1081 4029; x_wconf 89' lang='lat' dir='ltr'><strong>dignitatem</strong></span> <span class='ocrx_word' id='word_1_386' title='bbox 1094 3961 1217 4032; x_wconf 77' lang='lat' dir='ltr'><strong>evetius,</strong></span> 
     </span>
     <span class='ocr_line' id='line_1_41' title="bbox 123 4044 1219 4126; baseline -0.006 -17"><span class='ocrx_word' id='word_1_387' title='bbox 123 4058 225 4126; x_wconf 92' lang='lat' dir='ltr'><strong>quique</strong></span> <span class='ocrx_word' id='word_1_388' title='bbox 239 4069 280 4111; x_wconf 91' lang='lat' dir='ltr'><strong>est</strong></span> <span class='ocrx_word' id='word_1_389' title='bbox 296 4058 414 4126; x_wconf 88' lang='lat' dir='ltr'><strong>Spiritus</strong></span> <span class='ocrx_word' id='word_1_390' title='bbox 430 4055 558 4121; x_wconf 70' lang='lat' dir='ltr'><strong>Sanctus,</strong></span> <span class='ocrx_word' id='word_1_391' title='bbox 573 4054 646 4107; x_wconf 92' lang='lat' dir='ltr'><strong>idest</strong></span> <span class='ocrx_word' id='word_1_392' title='bbox 665 4048 779 4104; x_wconf 59' lang='lat' dir='ltr'><strong>sanetus</strong></span> <span class='ocrx_word' id='word_1_393' title='bbox 798 4045 1033 4115; x_wconf 84' lang='lat' dir='ltr'><strong>profundissimus</strong></span> <span class='ocrx_word' id='word_1_394' title='bbox 1043 4044 1086 4100; x_wconf 58' lang='lat' dir='ltr'><strong>&#39;ac</strong></span> <span class='ocrx_word' id='word_1_395' title='bbox 1106 4048 1219 4117; x_wconf 88' lang='lat' dir='ltr'><strong>purissi-</strong></span> 
     </span>
     <span class='ocr_line' id='line_1_42' title="bbox 123 4127 1220 4207; baseline -0.003 -13"><span class='ocrx_word' id='word_1_396' title='bbox 123 4159 184 4196; x_wconf 86' lang='lat' dir='ltr'><strong>mus</strong></span> <span class='ocrx_word' id='word_1_397' title='bbox 199 4144 285 4196; x_wconf 91' lang='lat' dir='ltr'><strong>divini</strong></span> <span class='ocrx_word' id='word_1_398' title='bbox 300 4143 403 4196; x_wconf 85' lang='lat' dir='ltr'><strong>amoris</strong></span> <span class='ocrx_word' id='word_1_399' title='bbox 416 4152 517 4207; x_wconf 86' lang='lat' dir='ltr'><strong>motus.</strong></span> <span class='ocrx_word' id='word_1_400' title='bbox 559 4140 636 4193; x_wconf 87' lang='lat' dir='ltr'><strong>Sicut</strong></span> <span class='ocrx_word' id='word_1_401' title='bbox 651 4137 738 4190; x_wconf 89' lang='lat' dir='ltr'><strong>Filius</strong></span> <span class='ocrx_word' id='word_1_402' title='bbox 758 4134 786 4187; x_wconf 92' lang='lat' dir='ltr'><strong>in</strong></span> <span class='ocrx_word' id='word_1_403' title='bbox 801 4135 864 4188; x_wconf 91' lang='lat' dir='ltr'><strong>Deo</strong></span> <span class='ocrx_word' id='word_1_404' title='bbox 883 4127 1083 4203; x_wconf 86' lang='lat' dir='ltr'><strong>cognitionem,</strong></span> <span class='ocrx_word' id='word_1_405' title='bbox 1100 4135 1220 4206; x_wconf 89' lang='lat' dir='ltr'><strong>Spiritus</strong></span> 
     </span>
     <span class='ocr_line' id='line_1_43' title="bbox 123 4219 1219 4309; baseline -0.003 -27"><span class='ocrx_word' id='word_1_406' title='bbox 123 4231 236 4284; x_wconf 69' lang='lat' dir='ltr'><strong>santius</strong></span> <span class='ocrx_word' id='word_1_407' title='bbox 250 4248 374 4286; x_wconf 88' lang='lat' dir='ltr'><strong>amorem</strong></span> <span class='ocrx_word' id='word_1_408' title='bbox 388 4228 523 4295; x_wconf 86' lang='lat' dir='ltr'><strong>exhaurit,</strong></span> <span class='ocrx_word' id='word_1_409' title='bbox 535 4238 564 4282; x_wconf 86' lang='lat' dir='ltr'><strong>ct</strong></span> <span class='ocrx_word' id='word_1_410' title='bbox 575 4244 624 4297; x_wconf 89' lang='lat' dir='ltr'><strong>per</strong></span> <span class='ocrx_word' id='word_1_411' title='bbox 636 4242 701 4281; x_wconf 92' lang='lat' dir='ltr'><strong>eum</strong></span> <span class='ocrx_word' id='word_1_412' title='bbox 713 4223 779 4277; x_wconf 90' lang='lat' dir='ltr'><strong>vitae</strong></span> <span class='ocrx_word' id='word_1_413' title='bbox 792 4220 896 4276; x_wconf 88' lang='lat' dir='ltr'><strong>divinae</strong></span> <span class='ocrx_word' id='word_1_414' title='bbox 915 4231 944 4279; x_wconf 85' lang='lat' dir='ltr'><strong>et</strong></span> <span class='ocrx_word' id='word_1_415' title='bbox 961 4219 1155 4309; x_wconf 73' lang='lat' dir='ltr'><strong>foecunditatis</strong></span> <span class='ocrx_word' id='word_1_416' title='bbox 1169 4223 1219 4279; x_wconf 92' lang='lat' dir='ltr'><strong>cir·</strong></span> 
     </span>
     <span class='ocr_line' id='line_1_44' title="bbox 121 4317 1212 4373; baseline -0.003 -3"><span class='ocrx_word' id='word_1_417' title='bbox 121 4317 383 4373; x_wconf 86' lang='lat' dir='ltr'><strong>culusclauditur’&#39;.</strong></span> <span class='ocrx_word' id='word_1_418' title='bbox 839 4324 855 4337; x_wconf 85' lang='grc'><strong>·’</strong></span> <span class='ocrx_word' id='word_1_419' title='bbox 925 4318 928 4324; x_wconf 84' lang='grc'><strong>“</strong></span> <span class='ocrx_word' id='word_1_420' title='bbox 1208 4322 1212 4331; x_wconf 94' lang='grc'><strong>“</strong></span> 
     </span>
    </p>
   </div>
   <div class='ocr_carea' id='block_1_7' title="bbox 0 0 1353 4634">
    <p class='ocr_par' dir='ltr' id='par_1_7' title="bbox 0 0 1353 4634">
     <span class='ocr_line' id='line_1_45' title="bbox 0 0 1353 4634; baseline 0 0"><span class='ocrx_word' id='word_1_421' title='bbox 0 0 1353 4634; x_wconf 95' lang='lat' dir='ltr'><strong> </strong></span> 
     </span>
    </p>
   </div>
  </div>
 </body>
</html>
