2684 4634
266 176 322 227 DE
343 179 561 229 MYSTERIO
580 181 932 232 INCARNATIONIS.
1083 187 1151 237 465

96 352 164 435 (Β)
174 357 326 421 Christus
342 361 374 421 in
390 360 569 442 Scriptura,
582 361 752 443 spenatus
769 375 805 427 ut
822 365 874 427 hic
891 366 1001 441 hom0‚
1015 379 1154 430 vocatur

50 458 78 519 F
79 458 229 523 iliusDei
240 463 465 543 unigenitus&
474 465 646 545 proprius²
658 490 668 527 .·
685 469 764 546 “qui
769 469 905 548 proprio
917 471 943 530 F
946 469 1001 531 ilio
1012 491 1072 532 suo
1087 492 1151 532 non

49 565 203 643 pepercit
213 565 245 643 ”3
268 579 382 628 verus3
395 591 406 629 .·
430 568 533 629 Filius
546 569 608 629 Dei
622 571 711 631 venit
728 580 764 631 ut
782 591 1024 650 cognoscamus
1035 594 1151 635 verum

51 665 166 728 Deum
184 678 218 730 et
234 671 338 732 simus
356 672 388 732 in
406 671 579 733 veron'lt'o
603 672 673 751 ejus
685 673 715 749 ”;
751 675 842 754 atqui
868 675 924 735 illa
941 676 1041 736 verba
1065 686 1154 739 certe

51 788 120 830 non
132 782 273 850 possunt
290 773 498 855 interpretari
515 776 557 837 de
574 775 733 837 filiatione
747 778 905 856 adoptiva
915 800 922 854 ;
946 800 1032 858 ergo
1080 781 1151 841 Me-

51 874 116 934 rito
141 875 243 956 igitur
269 878 468 959 Ephesinum
492 879 642 941 definivit
667 878 865 941 “Christum
890 901 962 942 esse
993 882 1154 944 veraciter

53 977 167 1040 Deum
185 988 345 1061 tanquam
363 983 482 1044 Filium
501 1003 559 1062 per
576 992 728 1043 naturam
741 983 766 1042 '’.

98 1128 164 1176 100.
202 1127 248 1202 '20
264 1116 339 1177 Non
355 1126 459 1197 petest
478 1117 544 1178 dici
560 1116 731 1196 adoptivus
748 1139 759 1177 .·
790 1117 886 1178 Pauci
904 1117 1061 1198 theologi,
1078 1129 1154 1198 post

53 1215 265 1293 Durandum,
292 1220 476 1283 docuerunt
501 1220 669 1282 Christum
699 1221 808 1280 vocari
834 1240 931 1300 posse
957 1220 1059 1282 lilium
1090 1222 1153 1282 Dei

54 1319 251 1400 adoptivum
263 1324 389 1385 ratione
401 1323 557 1385 humanae
570 1331 696 1382 naturae
708 1341 715 1394 ;
739 1339 805 1380 non
817 1328 979 1399 negarunt
991 1321 1153 1401 siquidem

55 1421 235 1498 Christum,
260 1434 297 1486 ut
312 1425 396 1488 lutire
408 1425 579 1498 dormirem,
592 1443 664 1484 esse
682 1421 803 1482 Filium
824 1422 886 1482 Dei
905 1423 1099 1498 naturalem,
1117 1444 1155 1485 ac

55 1527 196 1604 proinde
207 1528 456 1610 distinguuntur
466 1528 508 1589 ab
520 1526 734 1606 Adoptianis,
742 1527 799 1586 sed
814 1526 971 1586 dixerunt
985 1525 1153 1587 Christum

56 1638 91 1689 ut
108 1627 279 1692 hominem
297 1652 394 1712 posse
410 1632 520 1692 vocari
537 1631 638 1691 etiam
658 1627 778 1688 Filium
797 1627 860 1687 Dei
884 1628 1089 1707 adoptivum,
1107 1648 1155 1688 se·

55 1732 204 1793 cundum
228 1735 316 1814 quid,
334 1755 391 1796 seu
414 1735 597 1795 secundum
622 1732 875 1805 humanitatem,
897 1743 1060 1812 quatenus
1085 1733 1155 1812 ejus

56 1846 176 1899 natura
199 1837 345 1900 humana
369 1847 487 1899 ornata
510 1837 572 1899 suit
596 1836 703 1916 gratizt
727 1833 965 1908 sanetificante,
993 1856 1068 1915 quae
1095 1856 1156 1896 nos

56 1941 136 2004 facit
152 1942 238 2004 filios
256 1944 319 2005 Dei
335 1945 519 2023 adoptivos.
568 1940 629 2002 Illa
647 1940 812 2000 sententia
836 1959 901 1999 non
925 1948 975 2000 est
992 1939 1156 2013 haeretica,

56 2041 136 2122 quia
152 2061 220 2103 non
236 2042 297 2104 fuit
307 2042 368 2104 sub
382 2042 443 2103 hac
460 2041 565 2103 forma
579 2042 756 2103 aconciliis
769 2044 936 2115 damnata,
951 2043 1007 2103 sed
1025 2052 1061 2104 ut
1075 2042 1157 2104 salsa

56 2145 178 2207 merito
202 2145 344 2225 rejicitur
360 2166 379 2206 a
396 2144 577 2225 theologis;
602 2166 679 2206 nam
700 2170 706 2207 :
741 2145 791 2225 (a)
805 2145 986 2224 Nunquam
1005 2144 1157 2207 Christus

55 2257 92 2311 ut
110 2249 217 2310 Filius
235 2248 298 2311 Dei
315 2250 493 2328 adoptivus
510 2248 688 2310 exhibetur
704 2250 773 2309 sive
791 2249 821 2308 in
842 2247 1012 2328 Scriptura
1029 2248 1098 2309 sive
1123 2249 1155 2308 in

56 2352 212 2414 Patribus
232 2377 238 2415 :
259 2353 409 2432 jamvero
427 2354 459 2413 in
478 2355 645 2433 mysteriis
669 2353 746 2416 fidei
764 2373 830 2414 non
848 2353 925 2414 licet
941 2375 960 2414 a
985 2353 1156 2414 communi

54 2477 117 2518 usu
135 2455 292 2538 loquendi
309 2457 479 2533 recedere;
512 2478 598 2538 ergo,
645 2457 696 2539 (b)
712 2458 852 2537 insuper
868 2457 985 2518 filiatio
998 2458 1156 2519 convenit

54 2559 190 2640 proprie
206 2579 365 2640 personae,
379 2579 443 2621 non
463 2569 599 2635 naturae,
613 2581 671 2621 seu
689 2559 762 2621 aliis
775 2558 884 2620 verbis
897 2560 1059 2620 terminus
1073 2561 1156 2621 dire-

53 2660 129 2724 ttus
146 2665 370 2743 generationis
386 2672 438 2725 est
454 2684 606 2744 persona,
624 2683 690 2724 non
709 2672 826 2724 natura
836 2685 842 2738 ;
877 2671 978 2742 atque
995 2663 1092 2722 unica
1108 2672 1157 2723 est

55 2787 200 2848 persona
217 2767 248 2829 in
267 2768 408 2842 Christo,
425 2767 491 2830 scil.
510 2787 652 2847 persona
669 2767 789 2842 Verbi;
822 2785 901 2845 crgo
918 2766 1041 2846 pariter
1059 2767 1157 2827 unica

51 2869 174 2932 ¹filiatio
190 2869 323 2933 admitti
347 2870 456 2944 debet,
473 2870 540 2932 scil.
557 2870 672 2931 filiatio
696 2870 808 2931 divina
833 2867 937 2943 realis,
954 2888 1020 2928 non
1045 2876 1156 2928 autem

55 2973 225 3054 adoptiva.
271 2974 319 3055 (c)
338 2973 488 3054 Adoptio
505 2983 555 3035 est
571 2974 758 3053 assumptio
775 2992 925 3053 personae
941 2981 1101 3033 extraneae
1124 2972 1156 3032 in

55 3076 218 3140 familiam
235 3079 420 3160 propriam;
456 3078 548 3158 atqui
567 3077 719 3140 Christus
736 3097 802 3138 non
821 3084 933 3157 potest
950 3076 1058 3138 vocari
1083 3096 1155 3156 per-

56 3201 138 3242 sona
156 3179 231 3242 Deo
242 3192 413 3254 extranea,
423 3181 502 3261 quia
518 3180 599 3241 nihil
614 3180 702 3241 aliud
719 3189 769 3241 est
786 3180 848 3240 nisi
865 3179 1012 3241 Verbum
1024 3179 1154 3240 unitum

56 3285 212 3348 humanae
228 3295 362 3347 naturae.
410 3285 501 3366 Ergo
517 3305 583 3345 non
600 3294 711 3364 potest
727 3283 888 3365 adoptari.

92 3439 149 3478 101.
185 3419 266 3476 Hine
280 3418 404 3489 intelligi
417 3419 503 3476 datur
517 3435 578 3489 quo
591 3435 681 3474 sensu
690 3416 825 3474 Christus
840 3416 898 3473 diei
911 3415 1005 3487 possit
1014 3423 1155 3486 creatura,

56 3508 102 3565 vel
114 3513 237 3564 servus⁴.
277 3505 432 3578 Siquidem
442 3504 577 3563 Christus
586 3503 678 3560 homo
692 3503 870 3561 considerari
883 3511 981 3573 potest
990 3502 1156 3558 secundum

56 3593 216 3660 essentiam,
248 3593 294 3652 vel
313 3592 478 3650 secundum
495 3590 705 3646 suborientium
726 3608 777 3646 seu
792 3598 955 3660 personam.
996 3590 1035 3658 (a)
1056 3588 1157 3643 Priori
1209 3639 1220 3662 ‚

56 3681 150 3739 modo
168 3679 383 3745 consideratus
399 3678 535 3736 Christus
549 3677 641 3733 homo
661 3686 760 3746 potest
773 3675 832 3733 dici
845 3681 965 3744 creatas,
982 3674 1095 3731 ratione
1115 3692 1154 3730 se.

56 3768 197 3837 humanae
209 3776 321 3824 naturae
328 3787 337 3838 3
356 3766 455 3824 stritle
465 3765 619 3837 loquendo
634 3773 732 3835 potest
751 3763 841 3821 etiam
855 3763 913 3819 dici
928 3769 1069 3829 creatura,
1087 3779 1154 3833 qua-

57 3866 143 3912 tenus
162 3854 226 3926 ejus
245 3853 376 3912 humana
393 3863 496 3910 natura
510 3870 577 3909 vere
595 3861 729 3907 creatura
748 3861 801 3920 est,
818 3851 871 3907 sed
891 3849 961 3920 quia
975 3847 1078 3904 Ariani
1099 3847 1156 3904 hoe

56 3941 150 4000 modo
162 3940 306 4013 loquendi
318 3939 403 3998 abusi
414 3947 497 4010 sunt,
508 3940 589 3996 vitari
600 3940 704 4010 debet;
726 3941 796 3996 item
806 3939 863 3996 dici
877 3947 974 4010 potest
988 3954 1086 3993 seruus
1095 3936 1155 3992 lato

90 4124 170 4192 1J0a.
185 4124 244 4189 Ι111,
260 4115 457 4175 (ἀὲ-2110111.
472 4122 557 4184 Vlll,
574 4136 614 4187 32.
629 4121 782 4188 -21J02a
800 4122 833 4186 V,
849 4135 889 4172 20.

89 4201 151 4265 '‘Cf.
166 4212 196 4265 S.
214 4208 310 4264 Thorn.
327 4225 352 4278 q.
367 4207 407 4272 16,
423 4227 448 4262 a.
465 4208 491 4271 8,
511 4225 553 4273 (ος
585 4227 610 4279 q.
626 4224 668 4272 20,
679 4226 704 4261 a.
726 4224 748 4272 13
776 4209 925 4271 Petavius,
938 4207 958 4260 1.
972 4206 1044 4267 Vll,
1055 4221 1082 4258 e.
1097 4206 1162 4271 oq,

50 4290 193 4361 Lssqraatl,
206 4292 270 4347 (fisa
286 4293 321 4358 X,
335 4309 357 4346 c.
370 4311 401 4362 45
419 4294 568 4363 Santram,
584 4296 622 4349 th.
639 4309 683 4367 37,
696 4313 724 4366 p.
736 4296 787 4367 647
805 4312 863 4366 sq.·,
883 4295 1011 4363 lehem.
1026 4305 1085 4360 qqq,
1095 4305 1142 4356 sq.

150 4404 279 4449 Sruoesrs
289 4406 321 4452 H.
336 4432 361 4439 -
376 4422 408 4466 30
