2684 4634
119 153 163 204 38
583 156 723 207 CAPUT
740 156 766 204 1.

120 331 243 408 fertilis,
260 333 292 393 in
308 352 377 413 quo
392 335 541 395 idearum
558 335 695 404 semina,
710 334 834 414 proprii
858 333 979 395 laboris
994 342 1029 395 et
1044 334 1171 395 divinae
1187 333 1221 395 il-

120 434 345 497 luminationis
354 456 580 516 ope,crescere
592 447 732 518 possunt
745 435 937 517 fructusque
947 456 1052 497 novos
1062 435 1223 516 proferre3

119 558 199 619 ergo
214 547 292 619 post
306 538 440 619 aliquod
457 541 617 620 temporis
638 539 848 602 intervallum
872 536 1026 602 doctrina
1050 538 1175 600 clarius
1191 548 1223 601 et

119 638 295 721 perreaius
310 651 538 722 cognoscetur,
554 643 761 723 proindeque
776 641 896 721 aliquis
911 641 973 703 erit
989 660 1199 721 progressus.

160 802 208 865 90.
253 787 305 867 (b)
333 788 471 868 lnsuper
495 785 647 850 doctrina
674 787 847 861 catholica,
873 795 991 867 utpote
1017 785 1223 859 universalis,

118 890 272 952 omnibus
283 891 537 971 temporibus,et
548 890 738 952 nationibus
748 890 993 952 accommodari
1004 889 1118 967 debet;
1131 891 1223 971 atqui

119 991 195 1054 talis
221 993 488 1056 accommodatio
515 991 583 1055 fieri
608 994 722 1073 nequit
749 995 820 1054 sine
845 992 958 1054 fusiori
982 993 1222 1074 principiorum

119 1096 352 1176 explicatione,
379 1106 412 1157 et
438 1096 630 1158 eorumdem
659 1096 757 1157 variis
784 1096 1043 1157 circumstantiis
1071 1095 1223 1158 locorum

119 1207 348 1280 temporumve
375 1197 608 1279 applicatione,
631 1219 688 1260 seu
712 1197 785 1259 aliis
807 1197 917 1260 verbis
940 1198 1012 1259 sine
1036 1218 1224 1280 progressu,

119 1303 279 1382 dogmata
295 1303 393 1376 enim,
410 1323 485 1382 quae
502 1303 604 1364 modo
620 1302 761 1383 simplici
778 1310 811 1363 et
833 1302 970 1363 minime
990 1301 1224 1384 philosophico

120 1405 151 1465 in
170 1404 339 1486 Scriptura
355 1406 573 1478 declarantur,
583 1415 724 1486 possunt
740 1425 778 1467 ac
795 1406 927 1480 debent,
938 1407 1079 1467 decursu
1092 1414 1222 1487 tempo-

120 1508 171 1583 ris,
182 1509 283 1570 modo
294 1509 400 1589 magis
411 1507 594 1569 scientifico
604 1508 745 1588 expoliri
755 1530 762 1584 ;
786 1508 875 1588 quod
887 1507 924 1569 fit
927 1507 1141 1588 philosophice
1150 1528 1222 1590 ope,

120 1630 194 1691 quae
221 1612 395 1694 verborum
420 1630 551 1699 sensum
577 1611 762 1672 accuratius
785 1612 994 1686 determinat,
1018 1613 1223 1692 exponendo

119 1712 368 1796 videlicet‘quid
386 1713 428 1774 sit
445 1697 694 1792 intelligendum
709 1735 771 1794 per·
779 1724 942 1789 naturam,
952 1724 1140 1793 personam,
1150 1715 1221 1776 sub-

119 1816 284 1891 stantiam,
300 1815 475 1877 accidentia
491 1824 564 1894 etc.;
587 1836 630 1876 ex
648 1837 714 1898 quo
730 1817 925 1898 profundior
942 1837 979 1879 ac
996 1818 1129 1899 plenior
1145 1839 1222 1880 ena-

120 1922 222 1983 scitur
238 1921 435 2001 dogmatum
453 1920 607 2001 cognitio.
655 1919 800 1982 Aliunde
816 1921 971 1981 veritates
984 1921 1139 1982 revelatae
1153 1929 1220 1982 tarn

115 2023 287 2105 profundae
309 2033 342 2085 ct
367 2023 580 2101 nzaltifarmes
602 2032 688 2093 sunt,
705 2032 741 2085 ut
758 2043 909 2084 successu
928 2033 1127 2103 temporum,
1146 2023 1221 2084 novi

120 2125 271 2207 aspectus
301 2127 333 2186 in
365 2145 477 2186 earum
510 2126 765 2205 investigatione
796 2127 1005 2206 detegantur,
1037 2127 1221 2206 praesertim

120 2248 221 2309 quum
239 2229 322 2289 ratio
338 2227 493 2301 humana,
511 2226 635 2288 lumine
652 2225 728 2288 fidei
745 2227 869 2307 adjuta,
887 2228 1097 2289 revelationis
1116 2227 1220 2308 majo-

120 2353 187 2394 rem
202 2330 403 2395 intellectum
418 2331 615 2411 assequendi
629 2331 672 2392 sit
684 2332 813 2412 cupida.
861 2331 981 2393 Nonne
994 2333 1222 2394 Protestantes

120 2436 181 2516 ipsi
200 2436 378 2516 Scriptura
395 2435 506 2496 studio
524 2433 720 2496 incumbunt
743 2455 783 2495 eo
807 2436 942 2515 praecise
964 2433 1030 2496 fine
1053 2444 1090 2497 ut
1115 2435 1222 2516 magis

120 2539 276 2619 explicite
293 2547 496 2619 cognoscant
513 2558 552 2599 ea
569 2558 643 2618 quae
657 2539 787 2599 nonnisi
802 2538 940 2599 obscure
954 2539 984 2599 in
997 2544 1036 2600 ea
1049 2540 1221 2601 continen-

120 2649 189 2706 tur?
215 2643 335 2703 Nonne
352 2642 473 2723 pariter
489 2640 671 2726 gloriantur
684 2661 776 2702 suam
790 2642 832 2702 de
846 2639 1084 2721 justificatione
1100 2639 1221 2705 doctri-

120 2768 196 2808 nam
215 2767 272 2826 per
289 2745 394 2807 multa
410 2744 530 2807 saecula
547 2726 711 2825 plerisque
728 2745 846 2806 saltem
864 2746 964 2807 fuisse
981 2745 1114 2827 penitus
1129 2747 1221 2827 igno·

120 2858 197 2924 tam,
211 2858 243 2910 et
254 2870 272 2909 a
285 2848 427 2910 Lutlzero
438 2849 468 2908 in
481 2848 581 2909 sacris
594 2847 728 2909 Litteris
739 2848 875 2909 tandem
888 2847 1026 2910 feliciter
1036 2848 1221 2911 inventam?

122 2954 221 3013 Porro
237 2952 300 3013 hoc
317 2951 397 3012 nihil
415 2951 504 3012 aliud
523 2960 572 3012 est
589 2951 651 3011 nisi
669 2971 862 3031 progressus
886 2953 918 3012 in
944 2951 1137 3032 cognitione
1162 2953 1221 3015 do·

120 3065 283 3137 gmatum;
307 3074 385 3134 ergo
403 3052 476 3114 talis
494 3073 684 3134 progressus
701 3054 929 3115 admittendus
946 3063 1003 3116 est.

162 3221 207 3284 91.
259 3201 459 3266 Corollaria:
484 3198 543 3280 (A)
557 3199 751 3280 Rejicienda
764 3209 814 3262 est
827 3200 954 3262 theoria
970 3201 1141 3277 Guntlaerz',
1151 3223 1220 3283 ger-

120 3307 208 3367 mani
226 3303 381 3384 theologi,
396 3303 496 3383 juxta
512 3323 609 3383 quem
628 3302 703 3364 talis
719 3303 831 3364 haberi
850 3313 960 3383 potest
977 3324 1172 3384 progressus
1189 3305 1219 3366 in

120 3410 215 3470 rebus
233 3408 317 3481 fidei,
331 3416 367 3468 ut
379 3426 443 3486 ope
455 3407 666 3467 scientiarum
681 3426 881 3486 progressus
894 3408 1091 3487 dogmatum
1105 3427 1220 3470 sensus

119 3510 231 3572 haberi
255 3510 359 3590 possit
383 3507 466 3569 alius
490 3509 532 3568 ab
556 3529 595 3569 eo
619 3528 717 3589 quem
743 3509 892 3569 Ecclesia
916 3508 1096 3572 definierat.
1148 3511 1220 3572 Hoc

118 3616 206 3675 enim
225 3613 381 3685 admisso,
395 3611 465 3691 jam
483 3632 549 3672 non
568 3621 655 3672 esset
671 3597 863 3692 progressus
877 3612 908 3672 in
923 3614 1040 3673 eodem
1052 3615 1219 3692 dogmate,

118 3719 234 3779 eodem
260 3736 366 3791 sensu,
390 3715 506 3776 eadem
532 3717 705 3789 sententia,
723 3715 780 3775 sed
807 3716 948 3776 mutatio
972 3716 1219 3778 substantialis:

120 3820 269 3881 Ecclesia
285 3820 383 3887 enim,
400 3817 479 3878 dum
498 3816 621 3890 definit,
639 3837 703 3878 non
723 3816 830 3891 verba,
845 3838 910 3879 non
925 3819 1040 3880 inanes
1054 3818 1220 3897 formulas,

118 3925 175 3985 sed
194 3925 348 3985 veritates
373 3942 430 4002 per
454 3923 553 3982 verba
577 3919 769 3982 naturaliter
793 3942 979 4001 expressaS,
997 3921 1072 3984 fidei
1098 3934 1219 3986 nostrae

119 4027 281 4105 proponit.
318 4026 407 4086 Hinc
419 4024 452 4087 C.
470 4024 499 4085 V
497 4025 659 4084 aticaarua
672 4023 845 4104 praefatum
857 4046 999 4086 errorem
1010 4025 1101 4087 hisce
1113 4027 1220 4089 verbis

118 4129 354 4189 condemnavit
370 4127 491 4206 (snpra,
510 4147 538 4188 n.
560 4129 631 4203 11):
656 4131 671 4156 ‘⁸
687 4126 861 4188 Sacrorum
877 4148 1009 4207 quoque
1022 4128 1218 4208 dogmatum

118 4229 144 4290 is
171 4251 284 4293 sensus
313 4240 473 4311 perpetuo
499 4239 549 4291 est
575 4230 764 4289 retinendus
790 4250 889 4308 quem
912 4231 1014 4292 semel
1038 4232 1219 4295 declaravit
