2684 4634
118 166 183 218 3³0
558 167 698 218 CAPUT
717 169 776 221 111.

118 351 247 413 tutione
259 370 324 413 non
337 359 477 432 possunt
489 370 591 414 unum
605 352 648 414 ab
661 351 726 414 alio
735 352 897 433 originem
908 353 1039 415 ducere.
1087 352 1136 433 (b)
1150 351 1208 413 Ηο-

119 473 174 514 mo
190 464 223 517 et
239 454 355 516 simius
372 454 569 518 evolvuntur
584 455 723 531 diverso
740 456 807 518 imo
823 456 989 518 contrario
1005 455 1141 519 ordine:
1163 454 1208 518 Sic

118 558 260 637 angulus
275 557 491 638 sprenoidala
506 567 583 638 post
598 559 808 622 nativitatem
833 559 995 624 minuitur
1018 560 1054 620 in
1078 559 1207 632 homine,

118 662 198 723 dum
215 670 355 743 augetur
370 662 402 723 in
420 662 532 741 simio;
556 663 634 726 item
652 662 707 726 illa
722 656 924 726 lineamenta
939 662 1068 725 cerebri
1091 682 1162 745 quae
1180 662 1206 721 in

118 763 253 827 homine
268 766 375 846 prima
391 765 563 841 habentur,
579 767 610 828 in
629 768 726 829 simio
741 765 859 829 ultima
871 771 1043 848 apparent
1091 765 1138 846 (c)
1149 763 1206 826 Ad-

113 878 195 932 sunt
211 870 334 949 pariter
349 869 546 933 differentiae
562 870 648 934 inter
662 870 885 933 anatomicam
909 867 1112 933 strudturam
1135 867 1207 929 simii

119 980 152 1033 et
168 972 321 1048 hominis,
337 975 383 1037 ita
399 983 436 1037 ut
460 974 555 1036 multi
579 973 832 1038 transformistae
855 993 1038 1054 agnoscere
1061 982 1208 1053 cogantur

118 1075 287 1139 hominem
320 1096 385 1139 non
418 1097 437 1138 a
468 1077 573 1152 simia,
598 1079 655 1144 sed
687 1098 707 1139 a
733 1085 873 1143 remoto.
886 1076 1058 1139 communi
1086 1082 1208 1156 parente

119 1178 326 1243 descendere.
372 1179 424 1261 (d)
441 1180 593 1243 Tandem
610 1181 712 1242 homo
728 1179 887 1243 facultate
895 1177 1075 1258 loquendi,
1090 1198 1146 1239 seu
1160 1197 1208 1238 ex·

119 1284 219 1344 terius
246 1282 333 1346 clare
359 1293 393 1345 et
419 1281 576 1346 distindle
602 1285 694 1347 ideas
718 1291 752 1346 et
778 1281 985 1345 sensationes
1008 1279 1209 1363 exprimendi

118 1387 252 1468 gaudet,
264 1387 344 1449 dum
357 1385 472 1447 simius
488 1389 527 1446 ea
540 1396 637 1448 caret.
683 1385 788 1467 Atqui
799 1384 1072 1463 hae'differentiae,
1084 1384 1209 1464 aliaeque

119 1488 318 1568 hujusmodi,
329 1508 411 1569 quas
422 1488 610 1571 physiologi
623 1498 818 1569 agnoscunt,
828 1487 1029 1554 sufficienter
1038 1487 1210 1550 ostendunt

119 1613 330 1656 communem
347 1593 509 1672 originem
528 1595 658 1681 utrique
674 1592 792 1655 ascribi
810 1599 876 1653 non
894 1611 1000 1672 posse.

162 1695 332 1776 Proecipua
348 1705 460 1760 tamen
477 1696 663 1761 differentia
680 1697 764 1758 inter
779 1695 911 1759 brutum
935 1704 969 1763 et
992 1693 1162 1756 hominem
1181 1693 1208 1755 in

120 1820 160 1861 eo
175 1800 239 1862 sita
255 1809 305 1862 est
321 1801 410 1881 quod
428 1799 481 1862 hic
498 1800 650 1863 rationali
673 1799 831 1881 intelletiu
854 1800 989 1880 gaudet,
1004 1797 1087 1861 illud
1110 1806 1209 1862 autem

120 1923 160 1964 eo
175 1910 271 1964 caret.
319 1901 501 1981 Siquidem,
519 1912 604 1965 teste
621 1903 739 1965 intimo
754 1923 862 1977 sensu,
877 1901 1113 1983 cognoscimus
1135 1901 1209 1963 inex·

119 2016 209 2068 tensa
224 2015 258 2068 et
273 2005 482 2079 τιηίυενεαίιὶι,
498 2004 658 2070 essentias
674 2026 781 2069 rerum
798 2003 983 2068 abstractas
999 2026 1018 2068 a
1034 2005 1124 2068 notis
1139 2004 1210 2068 indi·

120 2109 343 2183 viduantibus,
370 2110 523 2172 notiones
550 2111 746 2173 substantiae
774 2119 808 2172 et
832 2108 1024 2184 accidentis
1049 2104 1158 2173 causae
1185 2115 1212 2168 et

120 2211 266 2286 effectus,
282 2212 359 2274 boni
386 2222 419 2275 et
442 2213 573 2276 honesti
598 2214 746 2295 aliasque
769 2211 970 2293 hujusmodi,
992 2232 1069 2293 quae
1089 2230 1212 2274 sensum

121 2318 192 2378 sine
218 2315 321 2378 dubio
345 2318 601 2394 transcendunt;
637 2316 728 2380 ideas
759 2316 960 2397 acquirimus
987 2316 1215 2398 comparando,

120 2419 311 2493 dividendo,
324 2417 506 2498 judicando
524 2431 557 2482 et
580 2415 827 2495 ratiocinand03
852 2438 928 2501 quae
950 2419 1088 2499 quidem
1111 2418 1216 2480 omnia

123 2522 315 2585 facultatem
333 2522 544 2584 inextensam
562 2532 595 2586 et
611 2523 816 2605 spiritualem
833 2531 1036 2603 supponunt,
1052 2531 1090 2585 ut
1106 2523 1216 2605 proba·

122 2636 194 2689 tum
211 2634 259 2689 est
275 2626 307 2686 in
325 2625 467 2688 Proelerr.
478 2615 729 2707 philosophicis:
755 2626 960 2708 proindeque
974 2625 1078 2687 homo
1093 2635 1144 2688 est
1156 2625 1218 2688 ani·

124 2731 189 2802 mal
207 2731 339 2804 ratione,
355 2732 475 2792 irrorale
490 2740 523 2792 et
532 2731 785 2811 progressivum.
833 2729 862 2790 E
885 2738 1001 2791 contra
1025 2728 1124 2792 bruta
1149 2750 1218 2810 cog·

124 2843 265 2896 noscunt
281 2832 493 2895 solummodo
501 2832 733 2922 particularia,
748 2841 782 2895 et
797 2832 933 2913 quidem
950 2843 1108 2896 concreto
1124 2834 1219 2895 modo

125 2944 222 3018 prout
238 2955 353 2997 sensus
369 2934 527 3010 afficiunt,
542 2945 671 2997 extensa
686 2945 719 2997 et
735 2936 871 3016 quidem
886 2946 1030 2999 extenso
1047 2939 1158 3012 mod0‚
1167 2957 1219 2999 seu

124 3059 199 3100 cum
217 3039 304 3099 notis
320 3038 622 3113 individuantibus;
646 3037 722 3100 hinc
745 3039 812 3100 veri
838 3042 1041 3121 progressus
1058 3041 1220 3102 moralita-

125 3145 167 3205 tis
182 3152 215 3204 et
231 3141 454 3221 religiositatis
470 3151 546 3203 sunt
563 3142 752 3223 incapacia:
778 3161 879 3222 opera
891 3161 951 3203 sua
960 3143 1080 3205 eodem
1093 3163 1220 3224 prorsus

126 3246 227 3307 modo
242 3243 416 3324 perficiunt
433 3264 470 3305 ac
486 3254 596 3306 cetera
611 3244 708 3306 bruta
723 3245 872 3326 ejusdem
889 3247 1011 3327 speciei
1035 3257 1115 3310 ante
1137 3246 1221 3309 mille

126 3368 232 3410 annos
255 3346 491 3424 conficiebant3
519 3368 579 3409 nec
604 3347 708 3408 ullum
732 3352 897 3411 remorsils
920 3347 1220 3432 sensum‘unquam

126 3451 269 3532 experiri
285 3451 448 3524 ridentur,
460 3460 518 3513 aut
533 3450 701 3530 religionis
717 3449 829 3515 aftum
842 3451 1004 3534 perficere
1051 3452 1160 3535 Atqui
1171 3452 1221 3516 ubi

127 3565 258 3617 tantum
275 3564 325 3616 est
340 3554 517 3615 discrimen
543 3555 627 3615 inter
649 3552 817 3616 hominum
838 3565 872 3618 et
895 3555 1067 3621 brutorum
1091 3557 1222 3630 animas,

128 3657 332 3738 impossibile
348 3666 398 3717 est
414 3667 460 3723 ut.
477 3658 548 3717 sine
565 3656 628 3717 Dei
646 3659 841 3733 interventu,
857 3658 982 3739 priores
998 3678 1042 3720 ex
1067 3659 1222 3739 posterla

127 3764 216 3824 ribus
241 3763 425 3837 oriantur¹;
460 3762 528 3823 imo
554 3781 670 3841 parum
696 3759 868 3842 probabile
893 3759 1033 3836 videtur,
1059 3782 1136 3824 cum
1165 3760 1224 3824 Dei

132 3912 517 3926 -—-———

164 4006 171 4030 ¹
186 3998 269 4067 Quod
284 3996 442 4052 admittitur
455 3997 491 4050 ab
504 3998 542 4050 A.
565 3998 575 4048 l
579 3998 698 4063 liddae,
712 3997 769 4067 qui,
783 3997 849 4050 licet
864 3997 1085 4050 Darwinismum
1099 3999 1225 4060 advocet,

128 4100 225 4154 aperte
244 4086 325 4138 cilicet
346 4085 493 4138 facultates
513 4084 636 4136 hominis
656 4082 860 4138 intellectuales
878 4083 994 4138 minime
1012 4085 1051 4138 ab
1070 4085 1230 4140 inferiorum

125 4173 291 4228 animalium
307 4171 440 4226 instinctu
454 4171 593 4226 derivari:
614 4180 629 4196 '¹
643 4170 802 4224 Peculiares
814 4170 963 4225 facultates
975 4171 1012 4226 de
1025 4172 1131 4241 quibus
1147 4171 1230 4228 locuti

118 4281 232 4321 suiuus.
249 4263 359 4335 aliquid
376 4281 440 4319 esse
455 4262 617 4316 intromitte
630 4260 707 4313 clare
719 4259 924 4321 demonstrant,
931 4259 1008 4323 quod
1014 4259 1134 4316 mune
1146 4279 1164 4315 a
1176 4278 1231 4315 ma·
