2684 4634
121 193 188 244 300
576 193 717 244 CAPUT
734 193 778 244 11.

120 367 221 437 gratia,
235 368 328 425 voluit
345 368 402 425 hoc
420 367 529 426 habere
546 386 598 439 per
614 369 752 426 virtutem
771 385 832 426 suae
849 375 970 433 naturae,
992 385 1053 424 non
1072 384 1108 423 ex
1122 365 1204 423 divino

120 455 229 513 auxilio
241 457 406 515 secundum
423 457 479 514 Dei
492 456 719 527 dispositionem
728 459 741 484 '¹
751 480 767 514 ¹.

155 542 244 614 Juxta
262 544 393 614 Suare22,
409 543 543 614 aliosque
562 561 638 615 quos
657 543 728 600 citat
747 543 914 614 theologos,
938 540 1076 598 diabolus
1097 540 1205 611 primum

121 629 253 699 peccavit
261 629 338 688 circa
347 630 489 688 unionem
499 629 724 702 hypostaticam,
733 629 778 686 vel
789 647 855 686 eam
864 627 1032 685 inordinate
1041 625 1205 698 appetendo

120 715 166 772 vel
176 716 295 775 Christo
305 717 516 789 Dominoipsis
527 716 788 775 revelatoobedire
798 715 985 788 denegando
1022 713 1116 787 Quod
1125 724 1209 772 tamen

121 803 218 861 minus
231 805 384 875 probabile
397 814 448 862 est.
490 805 568 860 Nam
580 804 708 876 primum
717 812 874 875 peccatum
885 802 994 875 Angeli
1005 802 1112 860 debuit
1119 799 1210 860 versari

121 889 197 946 circa
209 891 299 948 finem
314 890 450 948 ultimum
465 890 556 961 ipsius
573 911 579 947 ε
600 890 680 962 prius
699 891 775 947 enirn
791 891 927 948 voluntas
941 890 1032 947 fertur
1043 889 1122 946 circa
1134 889 1212 945 finem

120 978 258 1036 ultimum
272 979 363 1051 ipsius
379 1001 385 1036 :
405 978 486 1050 prius
503 979 583 1035 enim
596 978 733 1035 voluntas
747 978 838 1034 fertur
850 977 927 1033 eirca
940 976 1031 1033 finem
1045 994 1136 1048 quarn
1148 975 1214 1032 circa

120 1065 219 1123 media
230 1067 269 1124 ad
282 1066 379 1138 ipsum
392 1085 400 1136 ;
418 1065 499 1136 atqui
514 1065 586 1122 unio
600 1065 786 1137 hypostatica
805 1083 866 1122 non
881 1075 925 1122 est
944 1063 1066 1121 ultimus
1086 1063 1151 1121 finis
1164 1063 1214 1119 An-

120 1153 185 1222 geli‚
200 1171 297 1225 neque
310 1153 457 1222 naturalis,
476 1163 507 1209 ut
520 1162 608 1224 patet,
627 1171 725 1224 neque
738 1150 975 1224 supernaturalis,
992 1152 1042 1223 qui
1063 1151 1095 1207 in
1114 1151 1216 1207 visione

121 1239 257 1297 beatifica
269 1239 416 1305 consistit;
435 1257 505 1309 ergo
513 1251 530 1295 ³.

154 1388 193 1444 71-
234 1378 281 1446 (Β)
296 1377 366 1434 Post
380 1386 536 1448 peccatum
550 1395 646 1446 suum,
660 1376 728 1434 mali
749 1376 845 1448 angeli
864 1376 981 1433 aeternis
998 1375 1153 1447 suppliciis
1165 1375 1216 1430 fue·

120 1475 187 1521 runt
197 1464 328 1537 deputati
344 1486 350 1522 ε
367 1467 385 1493 “
398 1466 480 1523 Deus
493 1465 605 1536 angelis
616 1464 810 1536 peccantibus
824 1483 885 1522 non
899 1463 1041 1536 pepercit,
1051 1464 1108 1521 sed
1120 1463 1216 1520 ruden-

120 1553 198 1610 tibus
218 1553 322 1610 inserni
342 1553 489 1611 detractos
509 1553 538 1608 in
559 1561 698 1608 tartarum
719 1552 840 1611 tradidit
858 1551 1035 1609 cruciandos
1045 1551 1061 1576 ''
1073 1551 1119 1620 (II
1132 1551 1214 1616 Pota,

120 1640 162 1710 II,
178 1642 218 1711 4),
236 1640 398 1711 “Angelos
411 1658 480 1696 vero
494 1639 543 1710 qui
559 1656 619 1695 non
633 1648 819 1696 servaverunt
838 1657 925 1695 suum
945 1629 1157 1710 principatum,
1172 1635 1217 1693 sed

119 1727 339 1799 dereliquerunt
358 1745 443 1784 suum
464 1725 658 1796 domicilium,
681 1727 711 1782 in
729 1725 875 1796 judicium
895 1725 996 1799 magni
1016 1724 1087 1795 diei,
1103 1722 1217 1781 vinculis
1250 1742 1252 1789 ,

119 1815 235 1872 aeternis
247 1814 304 1872 sub
316 1815 442 1886 caligine
460 1812 617 1870 reservavit
625 1813 639 1842 ''
659 1812 756 1884 (sudo
769 1830 816 1883 ep.
829 1814 864 1882 6).
904 1811 1094 1869 Probabilius
1106 1829 1123 1868 a
1137 1810 1216 1867 Patri-

120 1899 174 1957 bus
187 1907 216 1956 et
229 1898 376 1970 theologis
389 1899 514 1958 docetur
526 1899 639 1971 angelis
658 1900 748 1971 lapsis
766 1900 952 1972 poenitentiae
972 1899 1103 1970 spatium
1123 1899 1215 1956 datum

120 2004 180 2043 non
194 1986 292 2054 fuisse,
304 1987 373 2058 quia
386 2004 479 2058 quum
494 2005 555 2044 uno
568 1987 737 2058 eodemque
756 1987 864 2043 intuitu
879 1987 980 2043 omnia
992 1985 1102 2057 agendi
1116 1984 1215 2041 motiva

119 2074 196 2130 clare
209 2073 397 2144 perspiciant,
408 2073 570 2131 immobilis
584 2083 651 2130 sunt
665 2084 783 2143 naturae,
801 2092 857 2130 nec
871 2074 956 2131 facile
969 2072 1147 2130 sententiam
1161 2087 1214 2126 mu·

119 2169 182 2217 tant
195 2180 201 2216 :
216 2164 234 2188 “
244 2157 341 2218 differt
353 2171 452 2218 autem
467 2160 666 2233 apprehensio
679 2161 787 2232 Angeli
799 2161 837 2218 ab
847 2159 1087 2233 apprehensione
1097 2156 1214 2215 hominis

120 2248 149 2303 in
157 2246 215 2304 hoc
223 2247 305 2318 quod
315 2247 449 2317 Angelus
462 2247 663 2320 apprehendit
673 2247 866 2305 immobiliter
876 2266 928 2319 per
939 2245 1134 2315 intellectum,
1148 2244 1214 2300 sicut

119 2345 148 2392 et
161 2352 215 2391 nos
228 2333 420 2391 immobiliter
432 2335 686 2407 apprehendimus
706 2337 800 2407 prima
814 2333 968 2406 principia,
984 2350 1113 2404 quorum
1127 2340 1168 2387 est
1180 2326 1212 2384 in·

119 2421 267 2492 telleelus;
280 2421 372 2478 homo
382 2440 451 2478 vero
462 2441 514 2495 per
526 2423 671 2480 rationem
684 2421 883 2494 apprehendit
893 2419 1051 2485 mobiliter,
1062 2420 1213 2477 discurren-

118 2510 159 2567 do
171 2508 209 2565 de
222 2526 283 2565 uno
295 2508 334 2565 ad
347 2508 435 2578 aliud,
454 2509 568 2567 habens
581 2510 657 2566 viam
672 2508 856 2581 procedendi
875 2508 914 2564 ad
932 2517 1093 2578 utrumque
1106 2501 1212 2576 opposi-

118 2613 223 2661 torum.
265 2603 356 2660 Unde
374 2613 403 2660 et
422 2603 558 2661 voluntas
573 2603 701 2668 hominis
720 2603 851 2660 adhaeret
868 2601 954 2658 alicui
969 2600 1127 2667 mobiliter,
1140 2588 1212 2669 quasi

118 2701 224 2762 potens
235 2690 323 2748 etiam
338 2689 377 2746 ab
390 2708 426 2746 eo
440 2690 594 2747 discedere
608 2700 636 2747 et
650 2690 797 2746 contrario
806 2688 965 2763 adhaerere,
978 2687 1115 2744 voluntas
1124 2695 1211 2741 auten

23 2764 32 2784 '
118 2778 213 2848 angeli
226 2777 357 2835 adhaeret
371 2777 426 2834 fixe
440 2788 469 2834 et
483 2777 674 2834 immobiliter
684 2778 699 2802 '³
710 2779 727 2834 ⁴.

353 2911 515 2967 Scuomou
530 2932 536 2967 :
557 2912 604 2966 Do
616 2911 766 2966 ordinibus
778 2910 956 2980 Angelorum
967 2910 984 2964 ⁵.
1249 2962 1252 2993 Ι

53 3083 56 3090 ,
153 3042 191 3096 72.
232 3029 390 3098 Ingentem
404 3047 467 3085 esse
481 3029 664 3100 Angelorum
678 3028 899 3086 multitudinem
914 3026 1211 3098 colligiturtumexeo
1249 3034 1252 3098 j

118 3116 200 3185 quod
212 3116 359 3185 Scriptura
374 3134 424 3172 eos
438 3116 493 3173 sub
508 3117 601 3186 figura
616 3117 760 3173 exercitlls
774 3120 989 3186 repraesenteti,
1001 3124 1065 3170 tum
1076 3131 1111 3170 ex
1120 3112 1163 3168 his
1171 3117 1211 3166 aut
1249 3104 1252 3185 j

118 3202 262 3259 similibus
276 3202 372 3259 verbis
387 3224 392 3258 :
411 3205 429 3229 “
442 3204 537 3260 Millia
550 3204 674 3260 millium
690 3203 897 3261 ministrabant
911 3202 947 3268 ei,
963 3210 991 3258 et
1005 3201 1106 3258 decies
1119 3198 1211 3256 millies
1250 3192 1252 3233 3

118 3300 244 3347 centena
258 3290 349 3346 millia
362 3291 539 3350 assistebant
552 3293 577 3349 ei
588 3292 603 3317 '²
612 3293 629 3348 ⁷.
674 3294 691 3320 “
704 3293 742 3348 Et
752 3293 840 3363 hujus
854 3291 928 3347 ratio
938 3301 991 3359 est,
1003 3289 1043 3345 ait
1054 3289 1084 3345 S.
1102 3288 1212 3345 Thomas
1249 3266 1252 3297 ¹

118 3380 154 3448 (I,
171 3397 198 3449 q.
216 3397 256 3449 50,
274 3397 298 3434 a.
313 3379 350 3449 3),
367 3379 436 3449 quia
449 3398 517 3436 cum
533 3380 676 3450 perfectio
689 3381 817 3436 universi
835 3379 870 3435 sit
888 3378 961 3435 illud
977 3377 1059 3448 quod
1076 3367 1211 3449 praecipue

119 3468 201 3523 Deus
215 3466 343 3523 intendit
357 3466 386 3522 in
400 3467 548 3524 creatione
563 3485 669 3537 rerum,
686 3476 799 3538 quanto
817 3467 917 3537 aliqua
936 3474 1005 3522 sunt
1024 3464 1120 3536 magis
1133 3460 1211 3535 perse·

151 3679 202 3734 ¹8.
221 3682 248 3732 T
245 3680 272 3733 lo.
293 3681 313 3745 l,
327 3696 354 3748 q.
371 3681 413 3745 63,
427 3698 451 3732 a.
471 3695 493 3746 3,

150 3768 159 3787 ²
174 3767 214 3820 Cs.
231 3768 345 3831 Saurea,
360 3767 395 3819 de
410 3765 537 3834 AngeliS,
551 3768 568 3819 l.
585 3768 652 3832 Vll,
667 3784 688 3819 c.
708 3782 745 3835 13.
805 3815 806 3818 ,

151 3870 160 3898 ³
176 3854 215 3906 Cf.
232 3856 261 3906 S.
278 3855 327 3907 le.
343 3869 364 3906 2.
383 3872 406 3906 2.
424 3871 442 3922 q
472 3855 528 3919 163,
544 3872 569 3907 a.
590 3870 614 3920 r,
633 3854 800 3907 Salmantic.
814 3855 849 3907 de
860 3853 1067 3924 Angelis,disp.
1079 3857 1111 3909 X.
1124 3856 1185 3908 dub.
1195 3866 1212 3919 3·

151 3940 203 3992 ⁴8.
224 3941 352 4007 Thomas,
374 3942 395 4006 1,
409 3959 435 4009 q.
453 3956 496 4009 74,
509 3960 533 3992 a.
550 3957 573 3994 2.

151 4026 216 4079 5Cf.
232 4030 262 4080 S.
285 4029 333 4079 Tlr.
354 4030 412 4096 l,q.
434 4029 629 4093 1083511orea,
650 4027 684 4079 de
706 4026 832 4095 Angelis,
854 4029 870 4080 l.
888 4031 909 4094 l,
924 4048 945 4082 c.
965 4045 1058 4094 11-143
1079 4031 1214 4108 petavius,

117 4116 151 4166 de
168 4113 293 4180 Angelis,
308 4117 323 4166 l.
342 4116 380 4177 ll,
395 4133 416 4166 c.
435 4130 490 4180 1-5;
511 4116 662 4175 Moaaellu‚
679 4133 705 4167 n.
725 4131 770 4180 ²91
789 4134 844 4184 sq.;
860 4117 1009 4182 Palmieri,
1024 4118 1062 4170 th.
1080 4132 1168 4184 23-24.

143 4203 308 4274 illln’qg,
327 4205 428 4270 XXII,
446 4219 489 4272 193
509 4205 594 4256 alirn.
607 4204 719 4267 null,
732 4216 778 4269 333
798 4205 861 4254 Luc.
878 4205 917 4257 ΙΙ.
934 4219 972 4268 13.

159 4294 243 4346 Dan.
265 4297 336 4362 Vll,
356 4311 396 4348 10.
