2684 4634
120 127 177 176 on
197 99 519 179 nnnnrroursus
537 126 792 177 mvnvnnuu
813 126 1117 178 pansounnuu,
1155 127 1221 177 259

118 311 186 373 dici
203 312 343 394 nequit:
376 312 520 374 essentia
535 320 680 394 generat,
693 311 842 392 procedit
858 320 928 384 etc,
940 311 998 372 sed
1015 310 1079 374 dici
1096 310 1195 373 debet
1212 331 1219 372 ε

119 414 216 509 Deus
233 426 418 498 generatur,
433 425 491 479 aut
508 416 610 477 Filius
626 424 801 495 generatur
812 428 831 477 ¹.

164 561 234 630 177.
284 565 317 631 50
340 551 488 614 Nomina
514 547 762 615 distindtionem
787 551 1010 631 exprimentia
1043 551 1089 613 ita
1124 557 1220 612 caute

118 653 273 716 adhiberi
290 655 412 717 debent
428 663 465 716 ut
481 651 729 716 distindiionem
750 662 877 715 naturae
903 661 936 715 et
958 652 1218 734 inaequalitatem

118 777 339 836 personarum
356 779 422 820 non
439 757 634 838 importent;
657 778 684 818 v.
701 776 730 837 g.
749 752 801 840 (a)
814 756 1013 819 adhibendae
1029 766 1107 818 sunt
1124 775 1220 816 voces

119 860 254 936 Trinus¹
277 861 432 938 Trinitas,
449 881 514 923 non
543 869 654 922 autem
671 860 871 940 Triplicitas,
891 860 1023 942 triplex,
1047 858 1124 942 quia
1148 858 1220 921 haec

119 963 242 1026 ultima
257 965 357 1027 verba
373 965 482 1046 plures
497 984 569 1027 esse
586 973 719 1026 naturas
740 944 939 1045 supponunt.
988 959 1045 1049 (b)
1064 963 1195 1025 Dicitur
1212 970 1224 1026 :¹

119 1069 205 1131 alius
225 1070 331 1144 Pater,
347 1070 429 1132 alius
448 1069 559 1144 Filius,
574 1088 640 1130 non
664 1076 775 1129 autem
799 1067 895 1143 aliud,
911 1068 989 1148 quia
1012 1087 1117 1148 genus
1140 1085 1219 1127 neu-

120 1181 208 1234 trum
229 1183 381 1236 naturam
397 1172 567 1253 designat3
593 1171 685 1252 atqui
698 1171 800 1232 Filius
817 1191 882 1231 non
899 1170 1000 1234 habet
1016 1169 1113 1231 aliam
1125 1178 1218 1231 natu-

121 1296 189 1336 ram
209 1296 248 1337 ac
267 1278 379 1354 Pater;
402 1296 489 1357 ergo,
535 1275 583 1356 (c)
601 1275 629 1336 E
646 1274 841 1336 contradici
859 1274 973 1355 nequit
991 1297 997 1334 ε
1021 1274 1147 1335 “Pater
1169 1282 1219 1334 est

120 1401 206 1442 unus
223 1401 300 1442 cum
313 1381 396 1444 Filio
408 1380 433 1457 ”,
442 1380 520 1462 quia
531 1399 636 1461 genus
652 1377 869 1441 masculinum
887 1375 1107 1439 communiter
1123 1374 1218 1437 refer-

120 1491 172 1544 tur
188 1483 233 1544 ad
251 1504 445 1565 personam;
475 1482 624 1563 jamvero
642 1484 738 1544 Pater
755 1501 820 1542 non
838 1493 889 1543 est
905 1500 970 1541 uua
987 1499 1127 1561 persona
1143 1500 1217 1540 cum

121 1587 215 1649 Filio.
263 1587 316 1669 (d)
336 1588 494 1651 Vitandae
510 1596 587 1649 sunt
603 1586 859 1667 expressiones:
895 1584 1014 1646 “Deus
1034 1593 1084 1645 est
1108 1584 1219 1662 singu-

119 1689 208 1764 laris,
224 1689 321 1767 solus
337 1689 502 1753 solitarius
515 1690 541 1763 '',
557 1691 635 1770 quia
658 1688 738 1751 talia
753 1685 853 1749 verba
878 1686 1063 1749 excludunt
1086 1686 1219 1768 plurali-

117 1803 225 1856 tatem
255 1816 478 1877 personarum.
524 1794 572 1875 (e)
598 1793 673 1855 Dici
699 1790 837 1872 nequit:
878 1799 944 1852 tres
968 1799 1042 1851 sunt
1066 1809 1216 1870 personae

118 1899 271 1975 diversae,
287 1901 364 1981 quia
380 1900 552 1963 diversitas
569 1895 727 1978 supponit
749 1893 1059 1974 multiplicationem
1083 1902 1217 1956 naturae.

118 2003 163 2084 (i)
184 2004 263 2066 Dici
280 2005 395 2085 nequit
410 2005 510 2067 etiam
528 2020 686 2083 personas
702 2020 774 2060 esse
790 1997 906 2059 similis
922 1997 1126 2073 substantiae,
1141 1997 1219 2078 quia

119 2107 306 2169 similitudo
321 2106 383 2169 hoc
399 2107 430 2168 in
448 2126 526 2168 casu
543 2103 821 2184 multiplicitatem
838 2100 1033 2162 substantiae
1049 2100 1219 2180 importat;

119 2212 176 2273 sed
194 2210 262 2271 dici
278 2210 379 2273 debet
395 2219 461 2272 tres
471 2226 628 2290 personas
640 2226 711 2268 esse
727 2205 824 2267 unius
834 2203 1037 2266 substantiae.
1084 2204 1137 2283 (g)
1149 2204 1178 2265 N
1182 2224 1219 2266 ec

120 2311 231 2373 dicere
248 2309 325 2372 licet
341 2311 373 2372 in
391 2310 465 2373 Deo
480 2330 553 2372 esse
569 2308 634 2370 tria
651 2306 834 2382 indiuidua,
846 2307 928 2387 'quia
945 2307 1116 2386 individua
1131 2307 1216 2369 desi-

119 2420 224 2489 gnant
242 2418 394 2473 naturam
412 2410 521 2492 specie
538 2430 647 2486 unam,
663 2412 826 2473 diversam
845 2421 956 2473 tamen
976 2432 1123 2485 numer0,
1138 2413 1217 2474 dum

121 2515 151 2574 in
182 2514 259 2574 Deo
291 2533 355 2575 una
388 2522 439 2577 est
471 2523 589 2576 natura
612 2534 678 2576 non
702 2514 809 2576 solum
842 2514 1003 2597 specifica,
1028 2516 1085 2576 sed
1117 2514 1217 2577 etiam

120 2616 299 2679 numerica.

164 2719 211 2782 Et
226 2719 299 2781 haec
314 2719 478 2783 sufficiant
499 2721 542 2782 de
558 2720 617 2784 SS.
634 2722 807 2795 Trinitate‚
823 2741 923 2802 quam
947 2720 1033 2781 clare
1057 2729 1090 2782 et
1106 2730 1219 2802 aperte

119 2824 333 2899 intuebimur,
355 2824 382 2885 si
409 2833 520 2885 tamen
545 2823 644 2886 fidem
672 2826 703 2886 in
729 2825 835 2905 ipsam
859 2821 1105 2897 servaverimus,
1128 2823 1218 2886 debi-

120 2937 260 3008 tumque
275 2924 434 2989 honorem
447 2936 481 2988 et
497 2923 635 3007 gloriam
648 2925 737 2986 Patri
748 2933 781 2986 et
793 2923 886 2996 Fili0,
897 2932 930 2984 et
948 2921 1079 3003 Spiritui
1094 2922 1219 2987 Sancto

120 3030 151 3091 in
169 3029 327 3111 praesenti
344 3029 412 3092 vita
427 3029 698 3110 pr'aestiterimus:
725 3029 772 3089 sic
788 3028 875 3088 enim
893 3046 953 3107 pro
970 3024 1065 3086 nobis
1076 3028 1219 3106 graviter

118 3131 398 3195 decumbentibus
415 3132 446 3195 S.
466 3133 575 3193 Mater
592 3131 740 3194 Ecclesia
757 3130 885 3192 orabit:
922 3134 937 3158 “
949 3128 1025 3190 licet
1041 3130 1127 3190 enim
1144 3151 1218 3211 pec·

118 3237 254 3311 caverit,
266 3245 378 3297 tamen
393 3237 533 3310 Patrem,
546 3244 578 3296 et
592 3235 712 3297 Filium
726 3243 758 3296 et
771 3234 932 3315 Spiritum
947 3232 979 3295 S.
994 3252 1059 3294 non
1078 3234 1218 3315 negavit,

118 3339 177 3401 sed
194 3339 346 3414 credidit,
362 3348 394 3401 et
410 3338 515 3401 zelum
535 3339 596 3400 Dei
614 3339 645 3400 in
672 3359 707 3400 se
731 3337 855 3414 habuit,
879 3346 912 3398 et
931 3336 1050 3410 Deum,
1069 3337 1124 3416 qui
1143 3337 1219 3402 lecit

117 3443 244 3519 omnia,
258 3440 399 3505 fideliter
414 3443 563 3506 adoravit
573 3443 615 3505 ’'2.

706 3759 924 3765 -——---—-
928 3758 1033 3764 --.-
1040 3750 1219 3771 --ψ-ι--ι-

151 3821 159 3851 ¹
171 3829 270 3881 Patres
285 3824 409 3879 nonnulli
422 3825 476 3877 hac
486 3824 522 3878 de
535 3841 564 3877 re
577 3823 668 3876 minus
681 3831 811 3875 accurate
823 3821 974 3888 aliquando
988 3819 1071 3872 locuti
1085 3829 1156 3884 sunt,
1168 3820 1217 3872 sed

117 3927 182 3968 sunt
196 3914 318 3981 benigue
332 3911 547 3980 interpretandi3
567 3928 592 3963 ν.
603 3929 630 3979 g.
644 3911 666 3963 si
677 3910 777 3964 dicitur
790 3908 955 3976 sapientiam
969 3907 1099 3975 genuisse
1108 3906 1216 3974 sapien·

117 4004 195 4067 tiam,
215 4010 264 4052 aut
283 3998 307 4051 si
328 3999 413 4052 Filius
433 3998 534 4052 dicitur
553 3995 691 4066 sapientia
709 3996 744 4049 de
764 3995 913 4063 sapientia,
935 3992 1087 4061 propositio
1107 3991 1146 4045 ita
1174 4002 1217 4046 est

117 4083 310 4156 explicanda:
342 4086 431 4152 Pater,
447 4085 493 4154 qui
513 4095 556 4138 est
576 4083 637 4152 ipsa
656 4082 801 4150 sapientia,
814 4083 909 4150 genuit
925 4081 1035 4147 Filium,
1049 4081 1105 4148 qui,
1119 4090 1215 4148 utpote

119 4178 209 4239 Deus,
223 4182 265 4226 est
278 4172 364 4227 etiam
377 4170 438 4240 ipsa
451 4171 596 4240 sapientia.
636 4170 678 4224 Cf.
695 4171 814 4233 Hurtem
831 4187 856 4221 n.
869 4169 926 4221 261.

152 4260 214 4315 ²Cf.
229 4261 288 4312 Rit.
303 4260 381 4313 Rom.
397 4258 474 4313 Ordo
487 4257 674 4313 commendat.
691 4257 800 4310 animae.
