2684 4634
167 106 224 154 DE
243 107 547 158 CONSECTARIIS
564 107 810 169 UTRIUSQUE
829 111 1051 160 MYSTERII.
1097 100 1157 160 &IS

692 248 699 271 I

58 282 146 353 dixit
169 285 300 364 Joanni,
320 299 357 350 et
379 290 534 352 omnibus
551 290 755 353 *Christianis
779 309 837 372 per
860 291 953 353 illum
978 311 1159 372 repraesen-

58 386 158 448 tatis:
183 389 300 450 “Ecce
325 399 507 451 matertua
518 390 580 466 ''1;
608 411 674 452 non
699 392 829 471 poterat
856 393 944 453 enim
968 391 1161 453 clarioribus

59 488 166 567 verbis
183 491 225 551 ad
243 490 380 577 filialem
391 513 540 564 amorem
557 514 635 574 erga
652 495 686 555 B.
705 495 876 575 Virginem
894 516 954 556 nos
971 496 1115 557 invitare.

98 639 171 704 297.
219 639 254 686 20
275 626 398 689 Tradit.
446 628 497 708 (a)
513 629 566 720 Ea
588 630 695 690 variis
719 629 908 709 [liturgiis
937 630 1109 710 Siquidem
1127 632 1159 691 in

57 722 210 806 Liturgiat
229 728 260 790 S.
274 730 371 790 Petro
388 731 563 811 adscripta,
580 740 613 793 et
629 752 704 813 quae
720 741 771 794 est
787 732 905 795 saltem
923 733 1160 813 antiquiSSIma,

54 826 199 908 legitur:
225 830 372 893 “Libera
396 854 464 908 nos,
483 834 637 908 Domine,
653 834 695 895 ab
709 836 800 895 omni
818 835 915 909 malo,
932 834 1162 897 intercessioni-

54 928 116 990 bus
141 931 257 992 Mariae
280 933 493 1015 Deiparae’'„
521 936 558 997 In
585 937 737 1016 Liturgia
761 937 794 1000 S.
814 938 952 1019 Jacobi:
977 937 1160 1001 “Comme-

53 1035 279 1096 morationem
297 1056 435 1116 agamus
453 1035 680 1100 Sanctissimae
697 1048 731 1100 et
748 1039 844 1101 Imm.
862 1041 1018 1101 DomInae
1039 1049 1160 1100 nostrae

56 1134 180 1195 Matris
198 1137 261 1198 Dei
279 1160 316 1200 ac
333 1141 483 1202 omnium
493 1138 711 1215 Samiorum,
724 1152 760 1203 ut
773 1142 925 1222 precibus
936 1163 1050 1204 eorum
1065 1142 1160 1202 mise-

54 1237 234 1300 ricordiam
259 1243 538 1322 consequamur'’.
586 1244 624 1304 In
650 1244 800 1324 Liturgia
824 1244 982 1324 Syriaca:
1007 1249 1022 1274 “
1037 1241 1161 1308 Sancta

57 1340 178 1415 Maria,
194 1363 252 1403 ora
268 1365 327 1424 pro
344 1347 449 1421 nobis,
466 1347 611 1427 inquam,
628 1348 856 1427 peccatoribus
870 1349 884 1371 ’'
898 1360 918 1408 ².

102 1441 155 1523 (b)
179 1444 234 1505 Ex
254 1447 502 1521 Maritimam,-
524 1450 593 1529 jam
615 1449 703 1510 enim
726 1450 759 1512 in
782 1450 996 1512 Catacumbis
1017 1450 1160 1511 invenic-

56 1544 183 1608 bantur
206 1549 367 1629 imagines
391 1553 459 1612 siue
476 1550 581 1631 pictai,
599 1552 667 1613 sive
690 1551 828 1632 sculptae
853 1553 888 1614 B.
906 1553 1062 1632 Virginis
1081 1573 1162 1632 qua-

58 1669 133 1739 rum
151 1652 305 1729 quaedam
323 1653 414 1715 hanc*
428 1655 711 1734 repraesentabant
734 1674 809 1715 cum
834 1675 936 1735 puero
952 1656 1030 1735 Jesu
1048 1656 1162 1716 nimbo

59 1761 264 1828 coronatam,
295 1774 361 1834 quo
394 1755 655 1818 Christianorum
691 1759 859 1818 veneratio
897 1756 1163 1836 significabatur;

58 1854 132 1916 aliae
149 1865 260 1917 autem
280 1858 431 1933 Mariam,
448 1859 590 1920 brachiis
607 1859 762 1932 extentIS,
779 1879 839 1938 pro
856 1859 1051 1921 Christianis
1067 1879 1163 1919 oran-

60 1965 137 2031 tem,
164 1978 230 2038 quo
261 1960 489 2024 declarabatur
521 1962 634 2042 Ipsam
663 1962 710 2021 uti
738 1960 976 2037 Mediatrz'cem,
1004 1983 1023 2023 a
1049 1962 1163 2042 primis

62 2059 259 2122 Christianis
276 2063 375 2124 luisse
392 2065 540 2144 agnitam
551 2076 573 2126 3.
620 2063 760 2143 Insuper
776 2064 890 2124 statim
908 2084 946 2124 ac
962 2084 1031 2144 pax
1050 2064 1163 2125 Eccle-

61 2161 119 2223 siae
143 2162 272 2224 reddita
295 2164 366 2240 fuit,
383 2165 509 2245 templa
533 2186 599 2226 non
624 2186 730 2246 pauca
754 2167 786 2226 in
812 2165 971 2226 honorem
993 2166 1028 2227 B.
1048 2166 1163 2226 Maria:

62 2263 227 2327 aedificata
250 2276 336 2341 sunt,
353 2269 420 2329 sive
437 2269 563 2343 Romae,
581 2270 650 2329 sive
667 2268 830 2349 Byzantii,
847 2268 916 2329 sive
933 2269 966 2329 in
982 2268 1110 2349 Judaea,
1126 2289 1164 2330 ac

60 2360 184 2455 deinde
207 2389 265 2448 per
288 2379 395 2432 totum
420 2370 534 2432 orbem
559 2381 729 2444 terrarum,
748 2372 795 2432 ita
811 2379 848 2431 ut
864 2370 962 2450 plene
981 2371 1165 2450 adimpleta

62 2469 183 2532 luerint
207 2492 281 2552 quae
305 2473 421 2546 Maria,
445 2474 561 2554 spiritu
586 2473 790 2554 prophetic0,
814 2474 971 2534 dixerat:
996 2474 1163 2533 “Beatam

64 2593 116 2634 me
132 2574 244 2640 dicent
261 2595 376 2636 omnes
392 2576 623 2656 generationes
637 2576 652 2600 ''
665 2575 688 2636 4.

63 2758 67 2764 Ι
97 2667 155 2757 (c)
166 2677 221 2737 Ex
235 2677 401 2740 Patribus
435 2680 532 2744 Unus
543 2679 697 2739 audiatur
710 2677 894 2738 Garutianus
911 2676 1163 2756 ConstantInop.

64 2779 250 2860 Episcopus
270 2777 590 2860 (Synod.V11,att.
610 2781 674 2861 IV)
694 2804 700 2841 ε
724 2780 841 2842 “Nam
860 2788 893 2840 et
909 2779 1017 2860 ipsam
1034 2782 1165 2859 proprie

64 2901 203 2962 vereque
220 2892 359 2944 matrem
376 2883 444 2944 veri
463 2885 526 2944 Dei
542 2882 683 2957 colimus,
699 2893 733 2944 et
757 2882 1018 2962 magnificamus
1035 2892 1068 2942 et
1092 2883 1163 2942 uni-

63 2987 157 3045 versa
178 2984 297 3045 visibili
313 2995 346 3046 et
363 2986 517 3046 invisibili
539 2990 689 3047 creatura
710 2987 913 3065 superiorem
931 2985 1128 3046 arbitramur
1141 2986 1163 3048 ’'.

64 3084 183 3148 Cetera
199 3088 389 3148 testImonia
406 3087 478 3166 lege
494 3089 581 3167 apud
599 3088 784 3161 Patavium,
802 3088 819 3148 l.
837 3108 862 3147 c.
1219 3078 1222 3084 ¹

10 3230 12 3273 3
106 3187 165 3249 Ex
188 3188 238 3248 his
262 3190 417 3251 omnibus
441 3190 645 3269 argumentis
667 3201 798 3252 constat
820 3191 946 3251 cultum
965 3190 999 3250 B.
1018 3190 1165 3269 Virginis

63 3289 208 3371 viguisse
224 3311 243 3352 a
260 3292 374 3371 primis
390 3292 605 3372 temporibus
618 3303 688 3355 tum
707 3292 739 3354 in
754 3292 905 3353 Ecclesia
919 3292 1081 3368 Romana,
1094 3302 1164 3352 tum

63 3392 95 3454 in
113 3393 263 3456 Ecclesia
279 3399 409 3475 graeca3
432 3395 523 3475 atqui
545 3394 749 3475 Impossibile
768 3404 818 3455 est
837 3404 874 3455 ut
890 3394 1083 3455 universalis
1102 3395 1164 3455 Ec-

63 3493 171 3568 clesia,
198 3494 241 3555 ab
268 3496 370 3571 initio,
398 3494 523 3557 cultum
558 3498 823 3577 superstitiosum
855 3506 888 3558 et
920 3496 1163 3557 idololatricum

95 3679 178 3746 ‘loa
193 3679 273 3738 XIX,
288 3692 329 3742 27.

97 3761 163 3818 Ἢ.
180 3765 263 3827 Rode,
278 3764 436 3831 Hierurgia‚
454 3764 498 3817 ed.
519 3765 592 3831 1833,
606 3764 659 3816 vol.
677 3764 714 3829 II,
728 3779 755 3830 p.
768 3763 819 3829 783
834 3779 874 3831 sq.

97 3850 163 3903 ³Cf.
177 3851 211 3902 de
228 3851 319 3912 Rossr',
344 3851 463 3917 Imagini
484 3851 570 3903 scelte
589 3850 663 3902 della
684 3851 715 3901 Β.
735 3849 827 3900 Maria
847 3848 968 3916 Vergine
989 3857 1072 3901 tratte
1092 3848 1167 3901 dalle

63 3937 237 3990 Catacombe
251 3938 344 4002 Rom,
358 3938 455 4003 Roma,
472 3935 538 4001 1863
550 3952 558 4002 ;
577 3933 697 3998 Lehner,
715 3935 770 3986 Die
786 3934 1055 4000 Marienverehrung
1069 3933 1096 3985 in
1110 3934 1166 3987 den

61 4034 156 4077 ersten
170 4019 398 4093 Jahrhunderten
409 4040 420 4090 ;‘
437 4023 565 4084 Statan,
578 4022 640 4074 The
655 4023 686 4074 B.
696 4022 730 4074 V.
740 4019 768 4072 in
782 4022 829 4073 the
844 4021 1024 4085 Catacombs,
1038 4037 1065 4088 p.
1079 4033 1111 4085 32
1122 4037 1164 4089 sq.

96 4109 189 4165 ⁴Lric.
207 4111 229 4174 I,
242 4111 285 4179 48.
324 4109 408 4178 Quod
421 4108 473 4176 ipsi
490 4111 683 4162 Protestantes
703 4123 856 4173 agnoscere
871 4116 1015 4173 coguntur,
1030 4116 1059 4159 ut
1072 4106 1168 4160 videre

47 4184 104 4252 ‘est
117 4197 193 4265 apud
206 4198 312 4263 Scbqffi
326 4196 446 4264 History
458 4197 491 4249 of
498 4195 546 4249 the
561 4193 706 4249 Christian
719 4193 846 4262 Church,
856 4193 915 4247 vol.
926 4190 1131 4260 mmuh}
1171 4194 1181 4222 z
1242 4172 1264 4279 1
