2684 4634
133 160 195 211 418
587 160 728 214 CAPUT
745 161 771 214 1.

207 361 294 440 Art.
316 359 345 439 Ι.
400 358 603 438 Divinitas
623 359 775 437 Christi
795 385 844 434 ex
867 355 1090 457 prophetiis
1110 357 1152 432 in

304 509 306 511 ·
368 477 453 577 ipso
473 476 700 576 adimpletis
719 473 989 552 adumbratur.

167 659 207 710 33
247 641 283 700 In
301 641 349 697 Ir.
372 641 405 697 de
425 640 497 697 Vera
515 639 609 712 Relig.
632 639 772 712 (²29·²⁶5l
791 637 917 711 probata
935 645 979 696 est
998 637 1101 696 divina
1120 636 1224 696 Christi

133 727 234 786 missio
247 746 282 786 ex
294 727 458 800 prophetiis
471 727 501 783 in
514 727 580 800 ipso
592 725 761 800 adimpletis
778 747 784 783 :
814 725 861 782 hic
873 725 991 797 longius
1004 725 1173 798 procedere
1191 725 1226 780 in-

134 811 292 879 tendimus,
307 821 336 870 et
348 830 384 869 ex
396 811 508 869 eisdem
529 811 592 883 ejus
610 811 796 872 divinitatem
808 813 895 871 valde
915 812 1110 885 probabiliter
1129 812 1227 870 saltem

133 898 247 956 inferre.
280 898 327 955 Sic
336 898 416 956 enim
430 899 596 970 arguimus:
615 900 676 971 jam
689 900 924 959 demonstratum
937 900 992 959 fuit
1004 900 1161 959 Christum
1171 917 1227 958 esse

135 985 277 1044 Messiam
291 987 320 1042 in
333 987 370 1042 V.
385 986 578 1044 Testamento
591 987 728 1046 divinitus
741 989 920 1060 promissum
928 1009 935 1059 ;
960 986 1044 1058 atqui
1058 986 1142 1045 idem
1157 987 1227 1043 Mes-

134 1072 191 1130 sias
210 1084 242 1131 ut
257 1073 340 1131 Deus
355 1073 472 1145 Deique
492 1073 568 1131 filius
588 1093 605 1132 a
625 1075 759 1147 pluribus
782 1075 935 1149 prophetis
956 1074 1154 1133 annuntiatus
1175 1082 1227 1137 est;

134 1179 205 1232 ergo
226 1161 361 1220 Christus
382 1170 426 1218 est
449 1161 539 1219 Deus.
579 1161 679 1218 Minor
700 1162 799 1220 multis
822 1160 950 1220 textibus
972 1160 1090 1218 suaderi
1112 1169 1227 1233 potest:

135 1248 174 1318 (a)
187 1247 260 1303 locis
273 1247 302 1303 in
315 1247 423 1319 quibus
435 1247 566 1318 Angelus
574 1248 637 1304 Dei
647 1247 801 1306 exhibetur
813 1258 845 1306 ut
858 1249 971 1320 legatus
985 1247 1053 1314 Dei,
1069 1243 1228 1320 aJehovah

135 1333 301 1405 distinctus
318 1354 353 1392 ac
366 1346 466 1394 tamen
486 1336 512 1393 ei
532 1335 663 1408 aequalis,
679 1336 725 1392 cui
740 1336 839 1394 divina
852 1335 992 1394 attributa
1005 1334 1228 1403 adscribuntur3

135 1423 269 1493 quamvis
287 1423 367 1482 enim
389 1423 523 1481 nonnulli
545 1422 645 1480 dicant
664 1423 744 1480 hunc
764 1442 828 1482 esse
850 1423 990 1494 angelum
1011 1432 1156 1492 creatum,
1173 1418 1228 1492 qui,

135 1520 238 1582 utpote
253 1512 351 1570 Deum
365 1521 586 1584 repraesentans
601 1509 702 1568 divina
720 1511 843 1569 assumit
863 1509 1012 1581 attributa,
1029 1509 1116 1566 multi
1133 1509 1229 1565 Patres

135 1598 216 1657 haud
229 1599 462 1673 improbabiliter
474 1600 639 1658 docuerunt
651 1599 731 1656 hunc
743 1618 807 1658 esse
820 1600 954 1658 Verbum
967 1598 1060 1670 quod,
1075 1597 1164 1655 variis
1174 1615 1230 1653 ma-

136 1687 382 1758 nifestationibus,
393 1689 515 1762 Judaeos
529 1685 711 1759 praeparabat
723 1687 762 1744 ad
776 1688 946 1760 mysterium
960 1684 1181 1743 Incarnationis
1193 1685 1229 1741 fa·

135 1773 219 1832 cilius
232 1776 413 1834 credendum
426 1777 487 1849 (cfr.
503 1776 551 1832 De
562 1776 627 1832 Deo
640 1774 739 1841 Trina,
755 1793 781 1831 n.
797 1777 893 1846 34).-
903 1775 942 1847 (b)
957 1773 1046 1832 Locis
1059 1773 1110 1831 ubi
1125 1771 1230 1832 descri-

136 1861 214 1938 bitur
227 1863 376 1934 Sapientia
389 1883 407 1922 a
421 1865 488 1921 Deo
500 1863 608 1935 genita,
625 1862 809 1935 proindeque
822 1863 861 1920 ab
875 1861 920 1920 Eo
933 1861 1082 1931 distincta,
1098 1879 1136 1918 ac
1146 1860 1232 1918 simul

136 1948 295 2007 divinitatis
309 1951 471 2009 caracteres
490 1968 550 2022 prae
569 1966 600 2007 se
619 1950 724 2017 ferens,
740 1951 851 2009 scilicet
864 1950 922 2008 vim
936 1949 1104 2018 creativam,
1118 1949 1232 2007 aeterni-

136 2045 236 2107 tatem,
251 2055 422 2110 supremum
435 2037 618 2107 dominium;
637 2037 701 2094 haee
711 2038 790 2095 enim
805 2037 950 2110 sapientia
963 2055 1032 2094 cum
1047 2035 1153 2094 divino
1162 2037 1232 2094 Ver-

136 2122 183 2193 bo,
202 2125 231 2180 in
246 2125 372 2196 Prologo
384 2125 508 2198 Joannis
526 2125 683 2197 descripte,
700 2145 717 2183 a
731 2124 865 2183 Patribus
884 2123 1083 2182 identificatur
1094 2123 1158 2194 (Dc
1170 2123 1233 2179 Deo

140 2211 239 2279 Il'rino,
255 2232 281 2270 n.
298 2215 352 2286 67).
368 2247 398 2254 —
415 2215 453 2285 (c)
466 2214 561 2270 Variis
574 2213 701 2271 textibus
714 2212 794 2284 apud
808 2211 942 2269 Psalnros
954 2218 984 2268 et
998 2208 1172 2281 Prophetas
1181 2207 1231 2266 ubi

138 2301 261 2358 Messias
276 2301 358 2360 Deus
371 2312 421 2359 aut
435 2301 492 2359 Dei
506 2301 597 2358 Filius
612 2311 739 2372 vocatur,
752 2301 798 2358 vel
812 2299 919 2357 divinis
931 2296 1078 2356 attributis
1089 2297 1232 2368 praeditus

136 2384 297 2442 exhibetur.
339 2385 491 2443 Brevitatis
514 2395 613 2443 autem
633 2385 730 2456 causa,
746 2403 902 2456 arguemus
920 2385 1083 2459 praesertim
1097 2402 1135 2442 ex
1150 2385 1233 2440 Psal-

136 2491 181 2529 mo
191 2473 232 2544 ΙΙ,
244 2484 272 2531 et
284 2474 372 2531 [saia
380 2475 476 2546 capite
487 2474 541 2530 IX.
575 2475 713 2531 Fatemur
725 2482 824 2531 tamen
838 2473 1008 2545 hujusmodi
1021 2483 1232 2544 argumentum

136 2579 197 2618 non
217 2580 279 2620 esse
292 2562 433 2632 validum,
446 2563 500 2619 nisi
520 2561 682 2620 accedente
700 2560 812 2620 lumine
829 2563 912 2634 quod
931 2581 966 2621 ex
980 2563 1017 2620 N.
1033 2562 1234 2620 Testamento

136 2649 316 2730 Patrumque
330 2650 570 2723 interpretatione
590 2649 752 2720 derivatur;
780 2649 870 2707 unde
880 2668 941 2706 non
955 2648 1169 2706 contendimus
1181 2649 1236 2721 Ju-

135 2737 216 2795 dreos
230 2739 302 2797 illud
316 2739 403 2811 plene
417 2738 603 2808 intellexisse,
619 2736 672 2795 sed
685 2754 788 2795 eorum
802 2745 931 2794 mentem
946 2736 984 2794 ad
998 2736 1061 2807 ejus
1070 2735 1130 2792 vim
1141 2753 1234 2807 agno-

135 2829 275 2886 scendam
288 2829 432 2901 gradatim
446 2839 576 2901 paratam
591 2827 686 2885 fuisse.

498 2982 525 3036 Ι.
541 2980 599 3036 Ex
619 2977 769 3042 Psalmo
787 2976 853 3030 111.

169 3119 207 3170 34.
247 3105 449 3161 Praenotamus
469 3103 616 3175 psalmum
630 3101 711 3156 illurn
732 3109 858 3171 quatuor
877 3096 1004 3170 strophis
1022 3106 1183 3156 constare:
1205 3099 1235 3154 in

135 3191 230 3263 prima
243 3189 399 3261 exponitur
412 3188 592 3259 conspiratio
605 3198 707 3246 contra
722 3186 862 3244 Messian]
881 3185 1086 3244 rebellantium
1100 3187 1185 3259 (1-3);
1204 3189 1235 3244 in

170 3397 273 3448 1Hunc
296 3394 434 3463 psalmum
455 3393 540 3446 fuisse
560 3411 577 3445 a
599 3391 702 3444 David
720 3390 855 3460 scriptum
875 3389 1063 3443 communiter
1084 3389 1234 3444 creditur:

134 3484 173 3552 (a)
187 3501 220 3537 ex
236 3482 297 3535 Αέῖ.
317 3483 365 3548 IV,
382 3497 395 3532 2
400 3494 412 3549 5
431 3499 436 3533 :
464 3482 479 3506 ‘⁸
490 3480 544 3549 Qui
559 3480 664 3548 Spiritu
679 3480 705 3533 S.
715 3483 772 3548 per
782 3496 811 3531 os
819 3480 916 3547 patras
927 3478 1020 3530 nostri
1030 3477 1140 3543 Davial,
1155 3477 1235 3548 pueri

134 3572 181 3637 tui,
192 3569 284 3624 dixisti
303 3589 308 3623 ε
330 3569 424 3637 Quare
435 3570 613 3630 frerrraerant
626 3569 724 3621 Gentes
733 3564 747 3594 ’'
759 3587 765 3631 3
785 3564 825 3634 (b)
835 3582 869 3620 ex
882 3564 1064 3618 similitudine
1076 3565 1151 3619 inter
1160 3566 1235 3620 hunc

134 3677 174 3727 ps.
188 3669 216 3711 et
229 3675 270 3725 ps.
290 3673 338 3724 109
352 3656 457 3709 “Dixit
472 3655 609 3708 Dominus
619 3656 641 3721 '’‚
655 3655 702 3724 qui
716 3655 823 3723 absque
836 3651 922 3705 dubio
938 3651 1077 3707 Davidem
1087 3651 1234 3707 audiorem

133 3748 236 3811 habet;
256 3745 292 3812 (c)
306 3763 340 3800 ex
353 3745 541 3813 descriptione
555 3743 631 3812 regni
648 3741 819 3808 Messianici,
833 3758 896 3811 quae
909 3757 971 3794 aevo
984 3739 1116 3793 davidico
1130 3741 1236 3810 optime

133 3834 272 3903 congruit,
282 3850 368 3903 quum
383 3832 476 3885 David
496 3831 665 3885 constitutus
684 3840 727 3884 est
745 3847 792 3883 rex
805 3829 832 3881 in
846 3838 942 3882 monte
956 3828 1033 3894 Sion,
1046 3837 1110 3896 post
1130 3829 1236 3880 multas

132 3932 232 3990 gentes
240 3921 402 3974 debellatas.
436 3919 492 3972 Sed
501 3918 611 3971 etiamsi
622 3929 684 3986 post
694 3915 807 3971 exilium
816 3916 987 3985 compositus
997 3915 1087 3981 suerit,
1098 3925 1127 3968 ut
1138 3917 1236 3968 volunt

134 4010 208 4064 Novi
223 4009 317 4063 Critici
332 4009 459 4076 (cheyne,
472 4008 533 4060 The
543 4006 641 4074 Origin
656 4006 713 4058 and
726 4005 856 4073 religious
870 3995 1044 4057 contents'os
1054 4003 1102 4058 the
1116 4004 1237 4069 Psalter‚

135 4101 210 4165 1891,
221 4116 244 4166 p.
261 4097 332 4164 238),
345 4096 549 4165 argumentatio
564 4106 659 4149 nostra
672 4112 752 4149 suam
766 4094 822 4147 vim
841 4093 981 4158 retineret,
994 4109 1081 4161 quum
1099 4091 1189 4146 etiarn
1208 4092 1235 4145 in

126 4187 183 4239 boc
196 4203 264 4239 casu
278 4184 427 4255 prophetia
446 4194 578 4239 eventurn
597 4183 681 4250 longe
704 4180 904 4250 praecessisset.
942 4179 989 4232 Ad
1006 4178 1141 4233 fusiorem
1155 4180 1235 4249 hujus

114 4276 282 4344 argumenti
304 4276 520 4348 expositionem
537 4272 606 4328 vide
625 4271 786 4342 praecipuos
800 4268 980 4323 Psalmsrum
987 4267 1237 4337 §ommistione
