2684 4634
57 173 109 222 DE
128 172 454 224 RELATIONIBUS
473 173 729 225 DIVINARUM
750 173 1060 224 PERSONARUM.
1090 173 1156 225 255

53 352 100 433 (c)
116 353 196 415 Non
212 353 321 416 solnm
343 354 487 437 Spiritus
505 356 547 431 S,
562 357 621 419 sed
638 357 713 420 duae
731 357 804 419 aliae
820 354 971 439 personae
988 358 1083 421 nobis
1100 379 1158 439 per

52 456 196 536 gratiam
212 458 355 522 dantur:
376 463 392 490 “
404 459 535 522 adeum
550 459 716 523 veniemus
725 460 749 536 '',
766 471 802 524 ut
819 459 978 540 probatur
995 459 1027 520 in
1050 459 1102 521 Tr.
1120 459 1159 520 de

55 558 179 622 Gratici
200 560 245 641 (n.
276 562 357 644 146).
405 563 494 624 Hinc
520 563 556 626 S.
579 555 800 625 Athanasium
824 561 955 624 scribit:
979 568 996 595 ‘⁴
1008 560 1158 625 Proiecto

53 683 129 725 cnm
149 664 317 727 Dominus
333 667 398 728 ait:
422 667 585 729 veniemus
604 686 659 747 ego
679 677 710 728 et
731 667 839 740 Pater,
855 665 952 727 simul
974 667 1065 727 venit
1085 665 1158 745 Spi-

52 768 136 828 ritus
154 787 221 828 non
239 768 304 830 alio
321 770 422 832 modo
438 789 537 850 quam
555 779 592 832 ut
617 767 719 833 Filius
744 770 776 830 in
804 768 900 831 nobis
923 769 1157 830 habitaturus...

54 870 142 933 Cum
160 891 239 933 vero
257 871 359 934 Filius
373 874 405 935 in
419 874 514 936 nobis
525 884 585 948 est,
599 875 696 936 Pater
708 894 838 955 quoque
850 872 948 935 simul
959 881 1018 948 est,
1028 872 1159 934 dicente

55 973 143 1035 Filio
159 997 166 1035 :
193 993 257 1054 ego
273 976 305 1036 in
324 977 421 1044 Patre
436 986 470 1040 et
486 979 582 1040 Pater
598 979 629 1039 in
644 979 726 1040 me''.

99 1109 169 1190 164
206 1113 277 1194 ¹(B)
292 1113 617 1196 Rationerheologica
633 1113 865 1176 confirmatur:
890 1113 945 1175 Ad
968 1113 1158 1175 missionem

57 1215 236 1294 requiritur
251 1225 287 1279 ut
303 1236 444 1297 persona
459 1218 579 1294 divina,
595 1217 637 1280 ab
652 1218 716 1279 alia
740 1217 930 1298 procedens,
949 1237 1035 1279 novo
1059 1218 1160 1279 modo

58 1319 185 1381 existat
202 1320 235 1380 in
252 1321 422 1395 creaturis;
446 1322 547 1402 atqui,
564 1342 622 1403 per
636 1323 778 1404 gratiam
795 1318 1069 1395 sandiificantem,
1087 1321 1160 1401 Spi-

58 1421 140 1483 ritus
160 1421 191 1484 S.
210 1442 297 1484 novo
319 1423 419 1486 modo
441 1423 570 1487 habitat
595 1426 627 1487 in
651 1424 756 1501 nobis,
772 1424 897 1488 scilicet
920 1434 956 1488 ut
979 1426 1104 1487 amicus
1127 1433 1160 1486 et

58 1524 215 1603 specialis
231 1523 404 1606 proteetor.
451 1525 550 1608 Quod
567 1528 614 1590 sic
630 1529 756 1609 optime
781 1528 816 1591 S.
838 1528 977 1590 Thomas
995 1529 1160 1595 declarat:

59 1628 149 1705 “Est
166 1629 257 1690 enim
274 1650 358 1692 unus
374 1633 560 1693 communis
576 1632 694 1693 modus
711 1651 777 1712 quo
794 1632 886 1693 Deus
898 1643 949 1694 est
961 1634 993 1693 in
1006 1631 1160 1694 omnibus

59 1730 160 1792 rebus
184 1752 245 1812 per
270 1734 458 1810 essentiam,
484 1736 679 1815 potentiam,
706 1744 740 1797 et
769 1737 1007 1816 praesentiam...
1054 1735 1161 1815 Super
1245 1749 1246 1752 ’

60 1834 162 1895 istum
179 1845 291 1897 autem
305 1837 442 1899 modum
455 1856 665 1897 communem
678 1845 728 1898 est
742 1856 825 1898 unus
841 1836 1001 1916 specialis,
1012 1836 1067 1917 qui
1084 1856 1160 1897 con·

59 1940 153 2000 venit
170 1950 297 2003 naturae
314 1941 476 2016 rationali,
492 1941 524 2002 in
541 1945 607 2022 qua
624 1941 715 2003 Deus
731 1942 850 2003 dicitur
865 1959 937 2002 esse
952 1941 1037 2002 sicut
1049 1940 1161 2020 cogni-

60 2050 131 2103 tum
151 2042 183 2102 in
201 2054 431 2124 cognoscente,
447 2055 481 2107 et
496 2054 643 2112 amatum
660 2044 692 2105 in
709 2053 849 2106 amante.
896 2043 940 2104 Et
953 2043 1030 2124 quia
1040 2063 1161 2124 cogno-

41 2163 44 2168 ·
60 2145 187 2207 scendo
202 2156 236 2208 et
253 2149 407 2223 amando,
415 2157 566 2209 creatura
578 2143 744 2208 rationalis
756 2150 815 2209 sua
825 2147 1017 2227 operatione
1027 2147 1162 2227 attingit

61 2246 232 2328 adipsum
252 2250 371 2325 Deum,
382 2249 569 2313 secundum
587 2251 684 2312 istum
703 2251 879 2332 specialem
906 2251 1042 2313 modum
1069 2251 1161 2312 Deus

61 2368 128 2411 non
148 2351 256 2413 solum
272 2354 392 2416 dicitur
406 2374 479 2416 esse
494 2354 693 2416 increatural
708 2354 869 2428 rationali,
881 2355 939 2416 sed
952 2356 1052 2416 ctiam
1069 2354 1163 2418 habi-¹

62 2461 133 2514 tare
151 2455 183 2514 in
201 2459 239 2516 ea
255 2457 340 2519 sicut
357 2457 389 2518 in
404 2457 531 2537 templo
547 2466 653 2519 suo2...
708 2456 762 2519 Ad
779 2458 949 2519 dationem
968 2458 1111 2539 Spiritus
1128 2460 1160 2522 S.

63 2575 128 2616 non
148 2556 268 2620 sufficit
285 2560 374 2639 quod
391 2561 434 2622 sit
450 2579 537 2622 nova
553 2558 677 2638 relatio
694 2559 945 2641 qualiscumque
961 2571 1019 2635 est,
1035 2570 1161 2623 creatu·

63 2678 107 2718 rae
123 2658 167 2720 ad
186 2660 313 2738 Deum;
337 2663 394 2725 sed
411 2672 546 2744 oportet
561 2665 650 2744 quod
668 2663 827 2725 referatur
843 2664 875 2726 in
893 2665 1000 2745 ipsum
1019 2665 1103 2727 sicut
1119 2665 1165 2726 ad

63 2759 222 2839 labriam,
237 2765 315 2845 quia
336 2766 426 2846 quod
451 2768 551 2829 datur
574 2766 680 2842 alicui,
695 2766 835 2830 habetur
859 2768 970 2849 aliquo
996 2768 1096 2831 modo
1120 2769 1162 2831 ab

63 2863 130 2927 illo.
184 2867 328 2930 Persona
344 2879 455 2932 autem
472 2871 585 2932 divina
600 2890 666 2932 non
684 2880 794 2950 potest
809 2871 922 2933 haberi
938 2892 958 2933 a
981 2872 1075 2934 nobis
1099 2874 1161 2935 nisi

63 2966 115 3028 vel
132 2968 175 3030 ad
193 2968 334 3039 frudium
350 2970 542 3054 perfeetum,
557 2982 591 3034 et
606 2975 653 3034 sic
669 2974 809 3038 habetur
825 2995 884 3056 per
899 2977 1024 3038 donum
1038 2977 1162 3057 glorice,

63 3082 121 3134 aut
138 3074 320 3136 secundum
339 3073 479 3139 fructum
497 3074 737 3157 imperfectum,
754 3087 787 3140 et
803 3079 849 3140 sic
865 3079 1006 3142 habetur
1021 3101 1079 3161 per
1103 3083 1161 3144 do·

63 3195 143 3238 num
156 3177 279 3257 gratice
293 3188 425 3258 gratum
442 3179 645 3242 facientis’'3.

107 3314 175 3394 165.
223 3318 346 3381 Modus
359 3329 469 3382 autem
484 3319 635 3400 specialis
648 3338 714 3398 quo
727 3317 869 3398 Spiritus
882 3319 913 3378 in
928 3318 1023 3379 nobis
1033 3319 1163 3383 habitat

63 3443 121 3502 per
137 3422 280 3503 gratiam
298 3423 329 3484 in
346 3443 386 3484 eo
402 3423 552 3485 consistit
568 3423 657 3503 quod
674 3422 803 3483 veniat:
830 3421 879 3502 (a)
890 3431 927 3482 ut
938 3422 1061 3483 airricus
1073 3424 1161 3504 apud

62 3525 231 3587 amicum:
258 3525 410 3607 “Siquis
427 3524 568 3588 audierit
584 3544 699 3587 vocem
718 3544 836 3598 meam,
852 3532 885 3585 et
902 3526 1065 3604 aperuerit
1082 3527 1161 3589 mihi

60 3629 210 3709 januam,
228 3628 372 3691 introibo
388 3629 429 3691 ad
448 3629 539 3691 illum
557 3637 589 3691 et
605 3627 746 3690 coenabo
762 3646 836 3688 cum
863 3626 928 3701 illo,
943 3637 977 3688 et
1001 3629 1070 3709 ipse
1095 3651 1162 3692 me-

62 3733 200 3809 cum''4;
225 3732 276 3813 (b)
293 3742 330 3795 ut
338 3734 499 3814 protector
511 3731 672 3812 specialis
688 3751 765 3792 narn
782 3732 824 3791 de
840 3731 967 3792 ratione
992 3733 1089 3793 amici
1112 3744 1162 3796 est

62 3847 98 3900 ut
114 3857 216 3920 super
232 3836 375 3922 amicum
390 3835 525 3918 speciali
542 3835 642 3897 modo
658 3834 780 3915 vigilet,
797 3854 939 3914 eumque
955 3835 997 3897 ab
1013 3835 1162 3900 hostibus

63 3950 239 4022 protegat:
266 3938 355 4026 quod
381 3959 460 4002 sane
489 3939 581 4000 Deus
606 3939 736 4018 egregie
763 3945 908 4017 praestat,
934 3938 1033 4017 juxta
1059 3938 1161 4003 illud:

95 4129 105 4161 ¹
119 4123 153 4176 S.
170 4108 309 4174 Albanas.
325 4121 362 4174 ad
377 4121 473 4188 Serap.
491 4137 533 4187 ep.
551 4120 571 4185 l,
586 4134 627 4187 31.
665 4120 729 4170 Alia
743 4119 904 4181 testimonia
918 4120 1020 4187 profert
1041 4120 1163 4172 Franze-

62 4212 114 4273 lin,
131 4211 174 4263 th.'
189 4216 230 4274 43.
242 4205 347 4262 --²S.
366 4207 413 4261 Th.
431 4209 451 4260 1.
467 4225 493 4276 q.
510 4222 553 4274 43,
570 4224 595 4258 a.
612 4222 635 4274 3.
650 4237 684 4244 —
703 4205 713 4238 ³
735 4208 766 4258 ln
790 4207 799 4258 l
822 4205 884 4258 dist.
907 4220 944 4271 14,
965 4223 989 4275 q.
1005 4222 1030 4269 2,
1046 4225 1071 4259 a.
1089 4223 1113 4259 2.
1131 4239 1164 4246 —

63 4298 172 4367 ⁴Ap0c.
194 4296 249 4362 lll,
264 4311 303 4348 20.
