2684 4634
205 173 262 223 DE
279 172 583 241 constecrhmls
600 173 845 234 UTRIUSQUE
864 174 1080 224 MYSTERII.
1125 176 1199 226 ’607

142 353 219 433 289.
259 366 302 416 2⁰
320 353 448 429 Gratia,
463 353 501 415 B.
517 353 642 415 Maria
654 352 777 428 collata,
792 364 1001 434 augmentant
1015 354 1152 434 suscepit
1166 355 1200 415 r’a

104 451 186 528 vita,
195 453 321 535 trajalr'ci
325 455 509 536 prasertim
520 455 612 516 inodo
621 481 631 514 .·
653 454 704 536 (a)
720 476 779 537 per
789 457 880 519 adius
889 457 1075 520 meritorias.
1123 457 1200 520 Cer-

106 563 178 618 tum
195 566 246 620 est
262 558 334 620 illos
350 556 555 622 actus-fuisse
572 578 674 639 prope
690 561 883 635 innuamus,
895 562 973 640 quia
985 581 1043 642 per
1052 561 1198 642 vigiliam

105 658 225 723 saltem
242 681 309 723 non
326 662 457 724 fuerunt
474 662 656 743 interrupti,
673 671 706 724 et
728 664 863 725 eosdem
888 663 987 725 luisse
994 664 1199 743 feruentissi-

105 782 181 838 mas,
198 774 334 846 propter
349 763 623 846 perfeetissimam
640 766 821 841 caritatem,
837 770 903 846 qua
920 766 1199 844 informabantur;

103 887 140 930 ac
158 867 301 948 proinde
317 869 352 930 Β.
370 869 476 949 Virgo
491 869 610 931 meruit
627 868 824 931 immensum
842 870 957 949 gratiae
973 880 1199 950 augmentum,

101 969 255 1052 qualibet
266 972 320 1034 die
337 972 443 1053 magis
459 991 496 1032 ac
514 971 619 1052 magis
635 973 848 1048 accrescens;'
864 973 940 1047 imo,
954 971 1054 1051 juxta
1071 980 1199 1047 Suara,

100 1093 163 1155 per
188 1094 306 1137 omnes
328 1084 362 1137 et
385 1074 533 1155 singulos
558 1071 652 1137 actus
677 1073 891 1154 probabiliter
914 1075 1034 1137 meruit
1056 1077 1197 1155 gratiam

100 1177 211 1258 duplo
227 1178 387 1258 majorem
399 1197 499 1259 quam
513 1178 655 1259 gratiam
666 1186 765 1239 antea
780 1176 938 1252 habitam,
950 1187 1085 1258 propter
1095 1178 1200 1241 servo-

100 1300 176 1342 rem
193 1300 260 1360 quo
275 1300 333 1343 eos
349 1279 507 1361 perfecit:
542 1279 612 1341 haec
636 1288 687 1341 est
710 1279 808 1353 enim,
825 1279 941 1358 inquit,
958 1279 1014 1341 lex
1036 1281 1199 1361 generalis

100 1384 196 1466 quod
220 1384 360 1465 quilibet
386 1381 480 1446 adius
501 1382 618 1456 bonus,
634 1401 708 1443 cum
734 1382 884 1442 maximo
908 1382 1034 1444 fervore
1061 1383 1198 1457 elicituS,

100 1495 272 1549 mereatur
286 1488 427 1568 gratiam
444 1484 506 1546 sibi
523 1484 659 1547 omnino
676 1483 854 1565 aequalem;
878 1505 906 1546 v.
919 1504 949 1564 g.
962 1482 1055 1546 aetus
1073 1486 1199 1548 fervens

100 1599 140 1652 ut
157 1600 309 1670 quatuor,
326 1590 479 1672 producit
493 1589 635 1670 gratiam
652 1597 688 1670 ut
704 1597 855 1668 quatuor.

100 1692 157 1774 (b)
184 1694 247 1756 Per
270 1693 533 1755 Incaraatianem
564 1690 662 1753 Verbi
692 1691 725 1751 in
754 1691 824 1770 ejus
852 1692 941 1752 sinu:
980 1691 1199 1753 communiter
1240 1705 1241 1709 ’

100 1797 195 1858 enim
213 1795 395 1859 admittunt
418 1794 563 1874 theologi
588 1794 787 1856 immensum
811 1793 951 1873 gradum
968 1793 1084 1873 gratiae
1101 1793 1199 1854 colla-

102 1909 178 1961 tum
203 1897 304 1961 fuisse
319 1899 354 1961 B.
371 1899 410 1960 V.
428 1898 459 1959 in
477 1897 533 1958 illo
557 1897 711 1972 instanti;
746 1905 779 1957 et
796 1896 932 1971 merito;
966 1896 992 1955 si
1017 1895 1105 1956 enim
1129 1896 1200 1958 sola

106 2002 285 2082 praesentia
301 2002 423 2066 Christi
439 2003 603 2082 Joannem
630 1999 817 2080 Baptistam
843 1994 1071 2073 sanetificavit,
1089 1999 1120 2059 in
1147 1999 1200 2061 die

105 2106 325 2181 VisitationiS,
341 2125 467 2185 nosque
483 2102 667 2167 sandiificat
691 2104 722 2163 in
748 2111 956 2164 sacramento
973 2101 1200 2178 Eucharistiae,

105 2217 234 2290 quanto
251 2209 356 2289 magis
369 2208 456 2269 idem
470 2206 624 2287 praestitit
637 2204 827 2267 incarnatio
839 2204 940 2266 Verbi
955 2204 987 2264 in
999 2204 1071 2266 sinu
1084 2204 1200 2266 Mariae

106 2321 138 2373 et
154 2311 227 2391 ejus
243 2310 516 2373 commemoratio
532 2328 590 2389 per
606 2328 725 2370 novem
743 2308 891 2369 menses?

106 2413 155 2494 (c)
167 2414 231 2475 Per
248 2412 460 2476 Sacramenta
476 2433 550 2493 quae
567 2413 706 2494 recepit;
728 2412 883 2474 videlicet
900 2413 1109 2493 Baptismum
1127 2433 1200 2493 pro-

106 2515 261 2579 babiliter
276 2516 429 2597 suscepit,
447 2536 512 2577 non
529 2516 664 2596 quidem
682 2526 718 2577 ut
735 2516 917 2577 remedium
935 2518 1105 2598 originalis
1122 2539 1197 2598 pec-

107 2621 181 2697 cati,
198 2622 255 2683 sed
272 2629 432 2700 tanquam
449 2620 579 2700 signum
597 2638 663 2698 quo
679 2618 852 2698 signantur
868 2620 1017 2681 membra
1035 2620 1202 2693 Ecclesiae,

106 2735 139 2787 et
163 2723 249 2786 fiunt
274 2733 355 2805 apta
381 2724 423 2784 ad
451 2723 640 2803 recipienda
666 2731 775 2783 cetera
793 2722 1015 2785 Sacramenta.
1063 2725 1202 2805 Insuper

107 2829 232 2908 recepit
248 2826 501 2900 Eucharistiam,
512 2845 586 2906 quae
603 2826 665 2906 ipsi
682 2826 867 2886 ministrata
880 2825 941 2887 suit
954 2835 1029 2907 post
1044 2828 1201 2889 Penteco-

107 2942 180 2995 sten
198 2952 257 3014 per
268 2930 471 3013 Apostolum
484 2931 656 3010 Joannem.
690 2929 831 3010 Accepit
847 2930 947 2991 etiam
959 2930 1200 3010 plenitudinem

107 3037 272 3098 donorum
290 3035 345 3116 Sp.
364 3033 478 3098 Sandii
495 3036 527 3095 in
545 3035 598 3096 die
617 3036 837 3098 Pentecostes

148 3201 221 3267 290,
269 3183 325 3245 Ex
352 3183 403 3244 his
428 3183 583 3245 omnibus
611 3193 748 3264 apparet
777 3184 812 3245 B.
833 3183 1006 3263 Virginem
1035 3185 1153 3246 merito
1184 3206 1202 3244 a

109 3286 263 3350 Patribus
278 3287 387 3348 vocari
405 3287 528 3366 gratia
548 3287 706 3365 abyssum,
724 3306 813 3348 mare
837 3288 986 3349 omnium
1011 3288 1200 3367 gratiarum.

108 3388 193 3469 Ejus
209 3388 346 3451 virtutes
363 3388 518 3469 praeclare
535 3389 708 3469 descripsit
726 3390 760 3452 S.
777 3389 989 3450 ambrosian
1006 3413 1012 3451 :
1037 3377 1127 3470 Quid
1145 3410 1201 3450 no-

107 3492 205 3556 bilius
223 3492 286 3554 Dei
303 3492 428 3554 matre?
444 3493 522 3572 quid
540 3492 745 3572 splendidius
769 3497 807 3552 ea
830 3512 931 3572 quam
950 3492 1115 3573 Splendor
1138 3492 1202 3554 ele-

107 3597 175 3678 git?
223 3594 310 3677 Quid
328 3596 450 3657 castius
467 3600 506 3656 ea
522 3615 596 3675 quae
612 3614 730 3675 corpus
754 3595 824 3655 sine
841 3595 986 3674 corporis
1003 3595 1203 3675 contagione

107 3699 298 3779 generavit?
353 3698 440 3759 Nam
469 3699 510 3759 de
533 3698 650 3759 ceteris
674 3697 745 3777 ejus
771 3697 942 3758 virtutibus
962 3696 1041 3776 quid
1069 3696 1202 3776 loquar?

107 3914 320 3986 propinquiores
329 3913 420 3982 magis
434 3913 602 3983 participant
617 3913 671 3967 Dei
685 3913 848 3967 bonitatem.
887 3911 972 3981 Atqui
987 3914 1019 3966 B.
1036 3912 1122 3981 Virgo
1141 3930 1204 3981 pro-

107 4001 295 4074 pinquissima
315 4001 366 4054 suit
380 4002 500 4067 Christo,
513 4001 612 4069 gratiae
629 4000 708 4063 sonti,
724 4000 769 4069 qui
791 4017 824 4053 ex
845 4000 878 4053 erl
901 4010 1030 4053 naturam
1050 4000 1203 4054 humanam

107 4100 357 4162 accepturuserat;
376 4105 450 4156 ergo.
491 4089 605 4156 Quanta
618 4105 682 4142 vero
696 4087 777 4142 fuerit
791 4089 838 4141 illa
847 4088 947 4156 gratiae
957 4087 1102 4156 plenitudo
1115 4087 1203 4141 fusius

108 4181 235 4237 declarat
247 4178 276 4233 in
290 4178 418 4246 Exposit.
434 4178 465 4228 ia
477 4176 563 4227 salat.
578 4177 669 4244 angel.

139 4264 358 4333 1DeVirginib.
372 4266 387 4318 l.
402 4282 426 4331 2,
440 4281 463 4318 c,
480 4281 503 4318 2.
517 4283 543 4317 n.
559 4265 575 4317 6
590 4264 631 4325 (P.
648 4266 676 4319 L.
693 4265 746 4318 XV
750 4265 773 4333 l,
787 4281 814 4319 n.
829 4263 907 4334 zopl
