2684 4634
452 232 453 236 ,
483 179 732 229 euAEFATIO.
1118 180 1161 226 ix.

56 359 288 440 intelligentes
312 360 464 448 eamdem
490 361 635 422 dilucide
659 359 812 422 fidelibus
835 360 1039 441 exponatis:
1072 361 1161 440 quod

57 462 179 543 logicis
195 462 424 537 divisionibus
441 462 530 543 stylo
546 463 690 543 simplici
708 462 887 543 multisque
909 463 1163 543 comparationi-

58 565 120 626 bus
138 574 300 644 praestare
316 566 483 638 contendi,
499 565 634 645 auspice
651 565 685 625 B.
704 565 842 644 Virgine
860 565 976 627 Marii.

103 667 141 730 Si
159 666 237 747 quis
252 686 350 741 error,
367 675 488 746 praeter
503 665 647 729 auctoris
665 667 896 741 intentionem,
906 667 937 728 in
955 667 1054 728 hasce
1071 668 1163 748 pagi-

59 789 120 829 nas
138 769 317 848 irrepserit,
333 789 352 829 a
368 769 539 830 benevolis
554 768 734 832 lettoribus
750 771 954 833 emendetur.

103 872 310 948 Baltimorae‚
325 872 379 933 die
396 879 430 950 7a
446 872 559 934 Martii
581 875 670 951 1894,
687 875 719 934 in
737 873 822 935 sesto
840 874 872 936 S.
890 874 1030 935 Thomae
1048 874 1112 955 Aq.

444 1058 623 1139 ΜΘΝ]
628 1059 776 1140 TUM.

103 1233 231 1296 Nostra
243 1232 383 1295 iacimus
394 1235 493 1296 verba
507 1236 650 1297 Perrone
661 1235 713 1316 (de
732 1235 763 1298 V
760 1235 815 1298 eret
828 1237 933 1316 Relr'g.
937 1247 970 1316 p.
982 1256 1047 1311 r,n.
1059 1238 1136 1319 177)
1150 1261 1161 1300 .·

61 1337 203 1397 “Moneo
214 1337 307 1415 quod,
317 1356 388 1397 cam
401 1337 449 1398 ad
458 1337 603 1399 aaliores
614 1347 838 1418 protestantes
849 1340 985 1413 remitte,
994 1359 1027 1401 eo
1036 1340 1164 1401 coasilia

60 1440 234 1518 alsaciam
251 1448 289 1499 ut
302 1439 440 1500 indicem
450 1460 501 1500 eos
511 1440 618 1519 quide
629 1440 739 1520 aliquo
749 1443 1162 1523 argarnerrtoscrr'pseruat,·

59 1543 109 1604 ad
120 1563 200 1622 quos
215 1552 433 1603 cunctantem
451 1563 611 1604 recurrere
619 1553 774 1624 poterant
787 1545 951 1607 auditores
965 1567 1064 1626 qaum
1079 1546 1164 1609 debi-

60 1654 131 1705 tam
138 1644 334 1722 facultatem
345 1644 592 1724 impetraverint
602 1670 613 1708 :
634 1646 723 1725 qaod
734 1656 765 1709 et
778 1647 816 1708 de
828 1647 990 1709 catholicis
1004 1648 1163 1728 scriptori-

60 1744 121 1804 bus
137 1742 354 1822 accipiendam
373 1751 428 1816 est,
443 1763 579 1823 qaorum
595 1755 688 1824 opera
704 1745 738 1806 ia
754 1745 897 1808 Indicam
915 1746 1018 1808 relata
1033 1756 1109 1808 suat
1119 1748 1141 1806 ''.

142 2109 400 2190 Praefatio
431 2109 484 2187 in
512 2082 755 2208 quartam
786 2111 1085 2232 editionem.

104 2281 219 2368 Quum
237 2281 299 2341 hoc
316 2301 399 2360 opus
416 2288 576 2353 nostrum,
592 2280 836 2359 qualecumque
852 2280 903 2354 sit,
920 2299 987 2341 non
1004 2282 1111 2342 solum
1130 2283 1161 2342 in

61 2384 231 2457 America,
247 2383 304 2445 sed
322 2383 423 2444 etiam
442 2383 474 2442 in
491 2382 656 2463 plerisque
680 2382 833 2443 catholici
853 2383 942 2443 orbis
966 2384 1164 2462 regionibus

61 2486 187 2548 multos
201 2494 360 2565 patronos
376 2485 438 2545 sibi
455 2484 690 2558 conciliaverit,
706 2484 795 2564 apud
812 2484 936 2545 clerum
954 2499 1022 2546 tam
1037 2485 1165 2566 regula-

61 2610 131 2650 rem
168 2608 271 2668 quam
306 2589 509 2661 mutarem,
539 2598 692 2667 quartam
724 2588 906 2648 editionem
938 2598 1163 2669 stereotypam
1233 2593 1235 2598 '

62 2692 160 2753 edere
185 2698 411 2770 opportunum
435 2691 603 2752 duximus.
652 2690 689 2750 ln
714 2693 780 2768 qua
804 2690 964 2750 nonnulla
985 2692 1165 2753 emendata

61 2793 112 2855 vel
140 2793 258 2854 addita
282 2802 368 2865 sunt,
385 2792 453 2853 sive
477 2794 518 2854 ad
543 2813 630 2854 noua
653 2794 787 2853 decreta
806 2790 939 2855 Sandtae
956 2793 1053 2854 Sedis
1081 2792 1132 2854 ref
1150 2830 1162 2839 -

63 2898 174 2969 reuda,
190 2896 260 2955 sive
272 2894 313 2954 ad
331 2913 435 2955 novos
451 2914 575 2955 errores
592 2894 831 2968 confutandos;
855 2895 1090 2955 hodiernorum
1108 2915 1164 2975 pa-

63 3000 140 3061 riter
155 2995 330 3059 auctorum
346 2997 455 3071 verba,
471 3018 546 3078 quae
563 2997 689 3077 vulgari
707 2998 866 3059 idiomate
884 2998 915 3057 in
940 2997 1027 3058 notis
1044 2997 1166 3077 allega-

64 3101 192 3174 bamus,
210 3099 316 3161 latino
340 3117 493 3159 sermone
509 3117 603 3158 uersa
628 3116 688 3157 suo
712 3097 785 3157 loco
806 3106 976 3177 apparent,
994 3106 1030 3157 ut
1053 3098 1100 3157 sic
1123 3098 1165 3158 ab

64 3203 219 3264 omnibus
244 3201 384 3280 intelligi
409 3199 550 3260 valeant.
598 3198 686 3279 Quia
714 3219 790 3259 vero
816 3199 938 3259 conscii
966 3219 1079 3260 sumus
1103 3199 1165 3260 hoc

65 3305 161 3367 breve
179 3304 425 3384 Compendium
443 3321 509 3363 non
532 3322 603 3362 esse
620 3301 774 3362 omnibus
797 3301 941 3362 numeris
967 3300 1166 3371 absolutum,

65 3411 163 3469 enixe
179 3427 335 3488 rogamus
352 3417 388 3468 ut
404 3425 530 3478 omneS,
545 3405 601 3484 qui
619 3406 660 3466 de
677 3403 748 3483 ejus
765 3404 1087 3464 emendationesunt
1103 3403 1165 3464 sol-

67 3510 153 3582 liciti,
164 3523 258 3570 suam
273 3517 418 3570 mentem
435 3507 577 3568 candide
594 3505 688 3567 uobis
706 3507 831 3586 aperire
849 3505 958 3580 velint,
974 3525 1077 3584 quum
1091 3526 1165 3585 pru-

67 3611 216 3674 dentium
232 3610 358 3689 judicio
375 3628 501 3671 morem
524 3625 638 3688 gerere
655 3609 761 3688 parati
779 3608 890 3668 simus.
939 3608 1166 3668 intereavero

67 3716 186 3794 gratias
213 3733 277 3794 ago
303 3713 469 3774 maximas
498 3711 536 3772 iis
564 3712 720 3773 omnibus
748 3712 813 3790 qui,
830 3707 926 3772 dictis
953 3709 1003 3771 vel
1025 3711 1165 3790 scriptis

68 3836 146 3896 opus
174 3815 361 3887 laudarunt,
386 3815 438 3875 vel
466 3814 589 3875 menda
614 3814 768 3893 quaedam
795 3814 991 3892 corrigenda
1019 3813 1163 3893 benigne

69 3920 144 3981 mihi
162 3917 416 3980 notaiecerunt.

107 4022 308 4094 Baltimorae,
321 4020 375 4082 die
390 4021 423 4081 6³
438 4019 587 4099 januarii
609 4021 698 4096 1899,
713 4020 743 4078 in
760 4017 951 4098 Epiphania
969 4017 1117 4077 Domini.
