<?xml version="1.0" encoding="UTF-8"?>
<!DOCTYPE html PUBLIC "-//W3C//DTD XHTML 1.0 Transitional//EN"
    "http://www.w3.org/TR/xhtml1/DTD/xhtml1-transitional.dtd">
<html xmlns="http://www.w3.org/1999/xhtml" xml:lang="en" lang="en">
 <head>
  <title>
</title>
<meta http-equiv="Content-Type" content="text/html;charset=utf-8" />
  <meta name='ocr-system' content='tesseract 3.04.00' />
  <meta name='ocr-capabilities' content='ocr_page ocr_carea ocr_par ocr_line ocrx_word'/>
</head>
<body>
  <div class='ocr_page' id='page_1' title='image "./synopsistheolog00tanqgoog_0433.png"; bbox 0 0 2684 4620; ppageno 0'>
   <div class='ocr_carea' id='block_1_1' title="bbox 26 4063 320 4152">
    <p class='ocr_par' dir='ltr' id='par_1_1' title="bbox 26 4063 320 4152">
     <span class='ocr_line' id='line_1_1' title="bbox 26 4063 320 4152; baseline -0.014 -18"><span class='ocrx_word' id='word_1_1' title='bbox 26 4063 30 4071; x_wconf 74' lang='grc'><strong>’</strong></span> <span class='ocrx_word' id='word_1_2' title='bbox 164 4069 320 4152; x_wconf 89' lang='lat' dir='ltr'><strong>mysterii.</strong></span> 
     </span>
    </p>
   </div>
   <div class='ocr_carea' id='block_1_2' title="bbox 448 199 862 284">
    <p class='ocr_par' dir='ltr' id='par_1_2' title="bbox 448 199 862 284">
     <span class='ocr_line' id='line_1_2' title="bbox 448 199 862 284; baseline -0.005 -21"><span class='ocrx_word' id='word_1_3' title='bbox 448 200 537 265; x_wconf 83' lang='lat' dir='ltr'>ART</span> <span class='ocrx_word' id='word_1_4' title='bbox 557 203 579 264; x_wconf 89' lang='lat'>1.</span> <span class='ocrx_word' id='word_1_5' title='bbox 598 201 653 264; x_wconf 89' lang='lat' dir='ltr'>Ex</span> <span class='ocrx_word' id='word_1_6' title='bbox 670 199 862 284; x_wconf 87' lang='lat' dir='ltr'>prophetiis</span> 
     </span>
    </p>
   </div>
   <div class='ocr_carea' id='block_1_3' title="bbox 185 357 976 492">
    <p class='ocr_par' dir='ltr' id='par_1_3' title="bbox 185 357 976 492">
     <span class='ocr_line' id='line_1_3' title="bbox 447 357 976 440; baseline -0.006 -19"><span class='ocrx_word' id='word_1_7' title='bbox 447 360 590 422; x_wconf 85' lang='lat' dir='ltr'>ARTII</span> <span class='ocrx_word' id='word_1_8' title='bbox 557 358 718 421; x_wconf 81' lang='lat' dir='ltr'>ILEx</span> <span class='ocrx_word' id='word_1_9' title='bbox 689 379 758 440; x_wconf 75' lang='lat' dir='ltr'>ejus</span> <span class='ocrx_word' id='word_1_10' title='bbox 774 357 976 421; x_wconf 90' lang='lat' dir='ltr'>testimonio</span> 
     </span>
     <span class='ocr_line' id='line_1_4' title="bbox 185 429 357 492; baseline -0.006 0"><span class='ocrx_word' id='word_1_11' title='bbox 185 429 312 492; x_wconf 75' lang='lat' dir='ltr'>CAPUT</span> <span class='ocrx_word' id='word_1_12' title='bbox 334 430 357 491; x_wconf 90' lang='grc' dir='ltr'>Ι</span> 
     </span>
    </p>
   </div>
   <div class='ocr_carea' id='block_1_4' title="bbox 142 515 971 597">
    <p class='ocr_par' dir='ltr' id='par_1_4' title="bbox 142 515 971 597">
     <span class='ocr_line' id='line_1_5' title="bbox 142 515 971 597; baseline 0 -21"><span class='ocrx_word' id='word_1_13' title='bbox 142 515 183 577; x_wconf 88' lang='lat' dir='ltr'>de</span> <span class='ocrx_word' id='word_1_14' title='bbox 217 515 345 578; x_wconf 90' lang='lat' dir='ltr'>Divinit</span> <span class='ocrx_word' id='word_1_15' title='bbox 332 525 400 579; x_wconf 90' lang='lat' dir='ltr'>tate</span> <span class='ocrx_word' id='word_1_16' title='bbox 444 517 535 579; x_wconf 85' lang='lat' dir='ltr'>ART.</span> <span class='ocrx_word' id='word_1_17' title='bbox 556 517 618 578; x_wconf 94' lang='grc' dir='ltr'>ΙΙΙ.</span> <span class='ocrx_word' id='word_1_18' title='bbox 637 516 736 578; x_wconf 85' lang='lat' dir='ltr'>Ex</span> <span class='ocrx_word' id='word_1_19' title='bbox 708 537 778 597; x_wconf 75' lang='lat' dir='ltr'>ejus</span> <span class='ocrx_word' id='word_1_20' title='bbox 796 515 971 578; x_wconf 85' lang='lat' dir='ltr'>miraculis.</span> 
     </span>
    </p>
   </div>
   <div class='ocr_carea' id='block_1_5' title="bbox 206 601 1181 755">
    <p class='ocr_par' dir='ltr' id='par_1_5' title="bbox 206 601 1181 755">
     <span class='ocr_line' id='line_1_6' title="bbox 206 601 1181 755; baseline 0.022 -46"><span class='ocrx_word' id='word_1_21' title='bbox 206 601 336 666; x_wconf 55' lang='lat' dir='ltr'>Chnstl</span> <span class='ocrx_word' id='word_1_22' title='bbox 445 673 536 736; x_wconf 72' lang='lat' dir='ltr'>ART.</span> <span class='ocrx_word' id='word_1_23' title='bbox 555 675 612 737; x_wconf 88' lang='lat' dir='ltr'>[V.</span> <span class='ocrx_word' id='word_1_24' title='bbox 631 676 685 737; x_wconf 85' lang='lat' dir='ltr'>Ex</span> <span class='ocrx_word' id='word_1_25' title='bbox 704 673 944 755; x_wconf 88' lang='lat' dir='ltr'><strong>Apostolorum</strong></span> <span class='ocrx_word' id='word_1_26' title='bbox 962 670 1181 753; x_wconf 72' lang='lat' dir='ltr'>praedicationi</span> 
     </span>
    </p>
   </div>
   <div class='ocr_carea' id='block_1_6' title="bbox 446 829 1117 913">
    <p class='ocr_par' dir='ltr' id='par_1_6' title="bbox 446 829 1117 913">
     <span class='ocr_line' id='line_1_7' title="bbox 446 829 1117 913; baseline -0.005 -20"><span class='ocrx_word' id='word_1_27' title='bbox 446 831 535 894; x_wconf 85' lang='lat' dir='ltr'>ART</span> <span class='ocrx_word' id='word_1_28' title='bbox 553 833 594 896; x_wconf 93' lang='lat' dir='ltr'>V.</span> <span class='ocrx_word' id='word_1_29' title='bbox 611 832 666 894; x_wconf 90' lang='lat' dir='ltr'>Ex</span> <span class='ocrx_word' id='word_1_30' title='bbox 684 831 748 894; x_wconf 88' lang='lat' dir='ltr'>fide</span> <span class='ocrx_word' id='word_1_31' title='bbox 765 832 932 913; x_wconf 85' lang='lat' dir='ltr'>primaevae</span> <span class='ocrx_word' id='word_1_32' title='bbox 950 829 1117 891; x_wconf 75' lang='lat' dir='ltr'>Ecclesiae.</span> 
     </span>
    </p>
   </div>
   <div class='ocr_carea' id='block_1_7' title="bbox 748 1003 1106 1067">
    <p class='ocr_par' dir='ltr' id='par_1_7' title="bbox 748 1003 1106 1067">
     <span class='ocr_line' id='line_1_8' title="bbox 748 1003 1106 1067; baseline -0.011 0"><span class='ocrx_word' id='word_1_33' title='bbox 748 1005 900 1067; x_wconf 82' lang='lat' dir='ltr'>Notio</span> <span class='ocrx_word' id='word_1_34' title='bbox 867 1012 900 1065; x_wconf 91' lang='lat' dir='ltr'>e</span> <span class='ocrx_word' id='word_1_35' title='bbox 916 1003 1006 1065; x_wconf 85' lang='lat' dir='ltr'>exist</span> <span class='ocrx_word' id='word_1_36' title='bbox 1008 1011 1066 1064; x_wconf 85' lang='lat' dir='ltr'>ent</span> <span class='ocrx_word' id='word_1_37' title='bbox 1069 1003 1106 1064; x_wconf 90' lang='lat' dir='ltr'>ia.</span> 
     </span>
    </p>
   </div>
   <div class='ocr_carea' id='block_1_8' title="bbox 471 1010 969 1225">
    <p class='ocr_par' dir='ltr' id='par_1_8' title="bbox 471 1010 961 1225">
     <span class='ocr_line' id='line_1_9' title="bbox 500 1010 724 1195; baseline -0.009 -57"><span class='ocrx_word' id='word_1_38' title='bbox 500 1075 590 1138; x_wconf 78' lang='lat' dir='ltr'>ART.</span> <span class='ocrx_word' id='word_1_39' title='bbox 613 1075 636 1137; x_wconf 93' lang='grc' dir='ltr'>Ι</span> <span class='ocrx_word' id='word_1_40' title='bbox 710 1010 724 1195; x_wconf 65' lang='lat' dir='ltr'>l</span> 
     </span>
     <span class='ocr_line' id='line_1_10' title="bbox 471 1159 969 1225; baseline -0.006 -1"><span class='ocrx_word' id='word_1_41' title='bbox 471 1163 513 1224; x_wconf 88' lang='lat' dir='ltr'>de</span> <span class='ocrx_word' id='word_1_42' title='bbox 531 1161 664 1225; x_wconf 92' lang='lat' dir='ltr'>Unione</span> <span class='ocrx_word' id='word_1_43' title='bbox 747 1159 969 1225; x_wconf 74' lang='lat' dir='ltr'>Consectaria.</span> 
     </span>
    </p>
   </div>
   <div class='ocr_carea' id='block_1_9' title="bbox 153 1610 381 1694">
    <p class='ocr_par' dir='ltr' id='par_1_9' title="bbox 153 1610 381 1694">
     <span class='ocr_line' id='line_1_11' title="bbox 153 1610 381 1694; baseline 0.013 -22"><span class='ocrx_word' id='word_1_44' title='bbox 153 1610 196 1674; x_wconf 91' lang='lat' dir='ltr'>de</span> <span class='ocrx_word' id='word_1_45' title='bbox 220 1613 381 1694; x_wconf 86' lang='lat' dir='ltr'>Mysterio</span> 
     </span>
    </p>
   </div>
   <div class='ocr_carea' id='block_1_10' title="bbox 140 1662 1094 1763">
    <p class='ocr_par' dir='ltr' id='par_1_10' title="bbox 140 1662 1094 1763">
     <span class='ocr_line' id='line_1_12' title="bbox 140 1662 1094 1763; baseline -0.028 -13"><span class='ocrx_word' id='word_1_46' title='bbox 140 1698 392 1763; x_wconf 62' lang='lat' dir='ltr'>lucamatfonis</span> <span class='ocrx_word' id='word_1_47' title='bbox 746 1664 788 1726; x_wconf 92' lang='lat' dir='ltr'>de</span> <span class='ocrx_word' id='word_1_48' title='bbox 804 1663 943 1726; x_wconf 74' lang='lat' dir='ltr'>scientia</span> <span class='ocrx_word' id='word_1_49' title='bbox 961 1662 1094 1726; x_wconf 89' lang='lat' dir='ltr'>Christi.</span> 
     </span>
    </p>
   </div>
   <div class='ocr_carea' id='block_1_11' title="bbox 472 1817 1183 2006">
    <p class='ocr_par' dir='ltr' id='par_1_11' title="bbox 472 1817 1183 2006">
     <span class='ocr_line' id='line_1_13' title="bbox 482 1817 1183 1919; baseline -0.031 -16"><span class='ocrx_word' id='word_1_50' title='bbox 482 1856 574 1919; x_wconf 85' lang='lat' dir='ltr'>ART.</span> <span class='ocrx_word' id='word_1_51' title='bbox 594 1856 657 1918; x_wconf 38' lang='grc' dir='ltr'>ΠΙ,</span> <span class='ocrx_word' id='word_1_52' title='bbox 747 1821 789 1883; x_wconf 89' lang='lat' dir='ltr'>de</span> <span class='ocrx_word' id='word_1_53' title='bbox 815 1820 886 1901; x_wconf 85' lang='lat' dir='ltr'>ejus</span> <span class='ocrx_word' id='word_1_54' title='bbox 914 1817 1101 1895; x_wconf 65' lang='lat' dir='ltr'>sanctitate,</span> <span class='ocrx_word' id='word_1_55' title='bbox 1127 1819 1183 1882; x_wconf 90' lang='lat' dir='ltr'>libe</span> 
     </span>
     <span class='ocr_line' id='line_1_14' title="bbox 472 1907 1085 2006; baseline -0.041 -15"><span class='ocrx_word' id='word_1_56' title='bbox 472 1945 514 2006; x_wconf 71' lang='lat' dir='ltr'>de</span> <span class='ocrx_word' id='word_1_57' title='bbox 539 1944 667 2006; x_wconf 58' lang='lat' dir='ltr'>Natura</span> <span class='ocrx_word' id='word_1_58' title='bbox 791 1917 860 1970; x_wconf 90' lang='lat' dir='ltr'>tate</span> <span class='ocrx_word' id='word_1_59' title='bbox 877 1915 910 1969; x_wconf 90' lang='lat' dir='ltr'>et</span> <span class='ocrx_word' id='word_1_60' title='bbox 927 1907 1085 1986; x_wconf 72' lang='lat' dir='ltr'>potentia</span> 
     </span>
    </p>
   </div>
   <div class='ocr_carea' id='block_1_12' title="bbox 479 2032 1183 2145">
    <p class='ocr_par' dir='ltr' id='par_1_12' title="bbox 479 2032 1183 2145">
     <span class='ocr_line' id='line_1_15' title="bbox 479 2032 1183 2145; baseline 0.024 -39"><span class='ocrx_word' id='word_1_61' title='bbox 479 2032 658 2112; x_wconf 57' lang='lat' dir='ltr'><strong>assumpffi·</strong></span> <span class='ocrx_word' id='word_1_62' title='bbox 747 2063 834 2126; x_wconf 95' lang='lat' dir='ltr'>de</span> <span class='ocrx_word' id='word_1_63' title='bbox 806 2084 877 2145; x_wconf 76' lang='lat' dir='ltr'>ejus</span> <span class='ocrx_word' id='word_1_64' title='bbox 892 2063 1044 2144; x_wconf 88' lang='lat' dir='ltr'>appetitu</span> <span class='ocrx_word' id='word_1_65' title='bbox 1058 2062 1183 2125; x_wconf 90' lang='lat' dir='ltr'>sensitiv</span> 
     </span>
    </p>
   </div>
   <div class='ocr_carea' id='block_1_13' title="bbox 442 2220 1040 2458">
    <p class='ocr_par' dir='ltr' id='par_1_13' title="bbox 442 2220 1040 2458">
     <span class='ocr_line' id='line_1_16' title="bbox 748 2220 1040 2302; baseline -0.011 -18"><span class='ocrx_word' id='word_1_66' title='bbox 748 2220 837 2284; x_wconf 90' lang='lat' dir='ltr'>de</span> <span class='ocrx_word' id='word_1_67' title='bbox 808 2240 879 2302; x_wconf 72' lang='lat' dir='ltr'>ejus</span> <span class='ocrx_word' id='word_1_68' title='bbox 895 2240 1040 2300; x_wconf 89' lang='lat' dir='ltr'>corpore.</span> 
     </span>
     <span class='ocr_line' id='line_1_17' title="bbox 442 2392 946 2458; baseline -0.004 0"><span class='ocrx_word' id='word_1_69' title='bbox 442 2394 532 2458; x_wconf 83' lang='lat' dir='ltr'>ART</span> <span class='ocrx_word' id='word_1_70' title='bbox 551 2395 573 2456; x_wconf 93' lang='grc' dir='ltr'>Ι.</span> <span class='ocrx_word' id='word_1_71' title='bbox 591 2393 743 2457; x_wconf 91' lang='lat' dir='ltr'>Notioet</span> <span class='ocrx_word' id='word_1_72' title='bbox 759 2392 946 2457; x_wconf 85' lang='lat' dir='ltr'>necessitas</span> 
     </span>
    </p>
   </div>
   <div class='ocr_carea' id='block_1_14' title="bbox 491 2565 949 2700">
    <p class='ocr_par' dir='ltr' id='par_1_14' title="bbox 491 2565 949 2700">
     <span class='ocr_line' id='line_1_18' title="bbox 491 2565 949 2700; baseline -0.007 -70"><span class='ocrx_word' id='word_1_73' title='bbox 491 2636 582 2700; x_wconf 83' lang='lat' dir='ltr'>ART</span> <span class='ocrx_word' id='word_1_74' title='bbox 605 2637 648 2699; x_wconf 78' lang='lat' dir='ltr'><em>H</em></span> <span class='ocrx_word' id='word_1_75' title='bbox 749 2565 949 2629; x_wconf 88' lang='lat' dir='ltr'>Existentia.</span> 
     </span>
    </p>
   </div>
   <div class='ocr_carea' id='block_1_15' title="bbox 441 2722 1002 2788">
    <p class='ocr_par' dir='ltr' id='par_1_15' title="bbox 441 2722 1002 2788">
     <span class='ocr_line' id='line_1_19' title="bbox 441 2722 1002 2788; baseline 0 -2"><span class='ocrx_word' id='word_1_76' title='bbox 441 2725 482 2786; x_wconf 92' lang='lat' dir='ltr'>de</span> <span class='ocrx_word' id='word_1_77' title='bbox 502 2722 698 2788; x_wconf 72' lang='lat' dir='ltr'>satisfactio·</span> <span class='ocrx_word' id='word_1_78' title='bbox 750 2723 1002 2787; x_wconf 90' lang='lat' dir='ltr'>Universalitas.</span> 
     </span>
    </p>
   </div>
   <div class='ocr_carea' id='block_1_16' title="bbox 477 2811 923 2943">
    <p class='ocr_par' dir='ltr' id='par_1_16' title="bbox 477 2811 915 2943">
     <span class='ocr_line' id='line_1_20' title="bbox 477 2811 665 2874; baseline -0.013 -1"><span class='ocrx_word' id='word_1_79' title='bbox 477 2831 519 2873; x_wconf 86' lang='lat' dir='ltr'>ne</span> <span class='ocrx_word' id='word_1_80' title='bbox 535 2811 665 2874; x_wconf 90' lang='lat' dir='ltr'>Christi.</span> 
     </span>
     <span class='ocr_line' id='line_1_21' title="bbox 752 2877 923 2943; baseline -0.006 0"><span class='ocrx_word' id='word_1_81' title='bbox 752 2877 923 2943; x_wconf 76' lang='lat' dir='ltr'>Perfettio</span> 
     </span>
    </p>
   </div>
   <div class='ocr_carea' id='block_1_17' title="bbox 141 2812 400 3084">
    <p class='ocr_par' dir='ltr' id='par_1_17' title="bbox 141 2812 399 3066">
     <span class='ocr_line' id='line_1_22' title="bbox 167 2812 373 2875; baseline -0.01 0"><span class='ocrx_word' id='word_1_82' title='bbox 167 2812 344 2875; x_wconf 69' lang='lat' dir='ltr'>CAPUTII</span> <span class='ocrx_word' id='word_1_83' title='bbox 330 2812 373 2874; x_wconf 91' lang='grc' dir='ltr'>Ι.Ι</span> 
     </span>
     <span class='ocr_line' id='line_1_23' title="bbox 141 2897 399 2980; baseline 0 -21"><span class='ocrx_word' id='word_1_84' title='bbox 141 2897 183 2960; x_wconf 92' lang='lat' dir='ltr'>de</span> <span class='ocrx_word' id='word_1_85' title='bbox 237 2899 399 2980; x_wconf 91' lang='lat' dir='ltr'>Mysterio</span> 
     </span>
     <span class='ocr_line' id='line_1_24' title="bbox 185 2985 400 3084; baseline 0 -38"><span class='ocrx_word' id='word_1_86' title='bbox 185 2985 400 3084; x_wconf 74' lang='lat' dir='ltr'>Redemptio-</span> 
     </span>
    </p>
   </div>
   <div class='ocr_carea' id='block_1_18' title="bbox 184 3052 964 3134">
    <p class='ocr_par' dir='ltr' id='par_1_18' title="bbox 184 3052 964 3134">
     <span class='ocr_line' id='line_1_25' title="bbox 184 3052 964 3134; baseline -0.013 -10"><span class='ocrx_word' id='word_1_87' title='bbox 184 3071 242 3134; x_wconf 78' lang='lat' dir='ltr'>nis</span> <span class='ocrx_word' id='word_1_88' title='bbox 443 3055 532 3117; x_wconf 81' lang='lat' dir='ltr'>ART</span> <span class='ocrx_word' id='word_1_89' title='bbox 551 3054 614 3116; x_wconf 93' lang='grc' dir='ltr'>Ι.ΙΙ</span> <span class='ocrx_word' id='word_1_90' title='bbox 631 3053 674 3115; x_wconf 91' lang='lat' dir='ltr'>de</span> <span class='ocrx_word' id='word_1_91' title='bbox 691 3053 814 3116; x_wconf 88' lang='lat' dir='ltr'>Merito</span> <span class='ocrx_word' id='word_1_92' title='bbox 831 3052 964 3117; x_wconf 87' lang='lat' dir='ltr'>Christi.</span> 
     </span>
    </p>
   </div>
   <div class='ocr_carea' id='block_1_19' title="bbox 443 3186 1184 3549">
    <p class='ocr_par' dir='ltr' id='par_1_19' title="bbox 443 3186 1184 3549">
     <span class='ocr_line' id='line_1_26' title="bbox 443 3186 1090 3299; baseline -0.008 -8"><span class='ocrx_word' id='word_1_93' title='bbox 443 3229 534 3299; x_wconf 82' lang='lat' dir='ltr'>ART.</span> <span class='ocrx_word' id='word_1_94' title='bbox 554 3228 611 3289; x_wconf 87' lang='lat' dir='ltr'>IV.</span> <span class='ocrx_word' id='word_1_95' title='bbox 628 3226 671 3288; x_wconf 91' lang='lat' dir='ltr'>de</span> <span class='ocrx_word' id='word_1_96' title='bbox 688 3206 858 3289; x_wconf 88' lang='lat' dir='ltr'>Sacrificio</span> <span class='ocrx_word' id='word_1_97' title='bbox 875 3225 1008 3289; x_wconf 87' lang='lat' dir='ltr'>Christi</span> <span class='ocrx_word' id='word_1_98' title='bbox 1087 3186 1090 3191; x_wconf 18' lang='grc' dir='ltr'>Ι</span> 
     </span>
     <span class='ocr_line' id='line_1_27' title="bbox 447 3311 1182 3393; baseline -0.012 -14.491"><span class='ocrx_word' id='word_1_99' title='bbox 447 3313 600 3378; x_wconf 79' lang='lat' dir='ltr'>Coroll.</span> <span class='ocrx_word' id='word_1_100' title='bbox 623 3315 665 3375; x_wconf 89' lang='lat' dir='ltr'>de</span> <span class='ocrx_word' id='word_1_101' title='bbox 686 3313 807 3375; x_wconf 88' lang='lat' dir='ltr'>Titulis</span> <span class='ocrx_word' id='word_1_102' title='bbox 831 3311 955 3376; x_wconf 87' lang='lat' dir='ltr'>Christi</span> <span class='ocrx_word' id='word_1_103' title='bbox 979 3312 1182 3393; x_wconf 89' lang='lat' dir='ltr'>Redemptor</span> 
     </span>
     <span class='ocr_line' id='line_1_28' title="bbox 531 3396 1184 3549; baseline -0.009 -86"><span class='ocrx_word' id='word_1_104' title='bbox 531 3401 765 3549; x_wconf 51' lang='lat' dir='ltr'>ffffigeffla</span> <span class='ocrx_word' id='word_1_105' title='bbox 787 3400 830 3462; x_wconf 88' lang='lat' dir='ltr'>de</span> <span class='ocrx_word' id='word_1_106' title='bbox 851 3400 978 3462; x_wconf 92' lang='lat' dir='ltr'>motivo</span> <span class='ocrx_word' id='word_1_107' title='bbox 1000 3396 1091 3460; x_wconf 88' lang='lat' dir='ltr'>finali</span> <span class='ocrx_word' id='word_1_108' title='bbox 1116 3399 1184 3460; x_wconf 87' lang='lat' dir='ltr'>Inca</span> 
     </span>
    </p>
   </div>
   <div class='ocr_carea' id='block_1_20' title="bbox 445 3657 908 3723">
    <p class='ocr_par' dir='ltr' id='par_1_20' title="bbox 445 3657 908 3723">
     <span class='ocr_line' id='line_1_29' title="bbox 445 3657 908 3723; baseline -0.011 0"><span class='ocrx_word' id='word_1_109' title='bbox 445 3661 535 3723; x_wconf 77' lang='lat' dir='ltr'>ART.</span> <span class='ocrx_word' id='word_1_110' title='bbox 557 3660 580 3721; x_wconf 95' lang='grc' dir='ltr'>Ι.</span> <span class='ocrx_word' id='word_1_111' title='bbox 597 3658 640 3720; x_wconf 86' lang='lat' dir='ltr'>de</span> <span class='ocrx_word' id='word_1_112' title='bbox 657 3658 757 3722; x_wconf 93' lang='lat' dir='ltr'>Cultu</span> <span class='ocrx_word' id='word_1_113' title='bbox 776 3657 908 3722; x_wconf 91' lang='lat' dir='ltr'>Christi.</span> 
     </span>
    </p>
   </div>
   <div class='ocr_carea' id='block_1_21' title="bbox 139 3809 1136 4064">
    <p class='ocr_par' dir='ltr' id='par_1_21' title="bbox 139 3809 1136 4064">
     <span class='ocr_line' id='line_1_30' title="bbox 170 3809 1136 3896; baseline -0.011 -11"><span class='ocrx_word' id='word_1_114' title='bbox 170 3809 296 3873; x_wconf 76' lang='lat' dir='ltr'>CAPUT</span> <span class='ocrx_word' id='word_1_115' title='bbox 316 3810 373 3873; x_wconf 86' lang='lat' dir='ltr'>lV</span> <span class='ocrx_word' id='word_1_116' title='bbox 444 3817 535 3880; x_wconf 84' lang='lat' dir='ltr'>ART.</span> <span class='ocrx_word' id='word_1_117' title='bbox 555 3816 597 3878; x_wconf 87' lang='lat'>11.</span> <span class='ocrx_word' id='word_1_118' title='bbox 615 3816 657 3878; x_wconf 90' lang='lat' dir='ltr'>de</span> <span class='ocrx_word' id='word_1_119' title='bbox 674 3814 826 3879; x_wconf 87' lang='lat' dir='ltr'>CultuB.</span> <span class='ocrx_word' id='word_1_120' title='bbox 846 3814 963 3876; x_wconf 82' lang='lat' dir='ltr'>Mariae</span> <span class='ocrx_word' id='word_1_121' title='bbox 980 3814 1136 3896; x_wconf 88' lang='lat' dir='ltr'>Virginis.</span> 
     </span>
     <span class='ocr_line' id='line_1_31' title="bbox 139 3895 400 3960; baseline -0.004 -2"><span class='ocrx_word' id='word_1_122' title='bbox 139 3897 180 3958; x_wconf 92' lang='lat' dir='ltr'>de</span> <span class='ocrx_word' id='word_1_123' title='bbox 219 3895 400 3960; x_wconf 75' lang='lat' dir='ltr'>Consecta-</span> 
     </span>
     <span class='ocr_line' id='line_1_32' title="bbox 163 3970 1002 4064; baseline -0.007 -25"><span class='ocrx_word' id='word_1_124' title='bbox 163 3982 401 4064; x_wconf 83' lang='lat' dir='ltr'>riisutriusque</span> <span class='ocrx_word' id='word_1_125' title='bbox 445 3973 535 4035; x_wconf 84' lang='lat' dir='ltr'>ART.</span> <span class='ocrx_word' id='word_1_126' title='bbox 555 3974 599 4035; x_wconf 94' lang='grc' dir='ltr'>ΙΙ.</span> <span class='ocrx_word' id='word_1_127' title='bbox 615 3973 657 4035; x_wconf 94' lang='lat' dir='ltr'>de</span> <span class='ocrx_word' id='word_1_128' title='bbox 674 3973 774 4036; x_wconf 89' lang='lat' dir='ltr'>Cultu</span> <span class='ocrx_word' id='word_1_129' title='bbox 792 3970 1002 4037; x_wconf 68' lang='lat' dir='ltr'>Sanctorum.</span> 
     </span>
    </p>
   </div>
   <div class='ocr_carea' id='block_1_22' title="bbox 446 4128 1185 4283">
    <p class='ocr_par' dir='ltr' id='par_1_22' title="bbox 446 4128 1185 4283">
     <span class='ocr_line' id='line_1_33' title="bbox 446 4128 1185 4210; baseline -0.012 -16"><span class='ocrx_word' id='word_1_130' title='bbox 446 4129 537 4194; x_wconf 75' lang='lat' dir='ltr'>ART.</span> <span class='ocrx_word' id='word_1_131' title='bbox 555 4130 615 4192; x_wconf 87' lang='lat' dir='ltr'>IV.</span> <span class='ocrx_word' id='word_1_132' title='bbox 630 4131 671 4192; x_wconf 90' lang='lat' dir='ltr'>de</span> <span class='ocrx_word' id='word_1_133' title='bbox 688 4129 766 4193; x_wconf 92' lang='lat' dir='ltr'>Cult</span> <span class='ocrx_word' id='word_1_134' title='bbox 753 4138 788 4191; x_wconf 92' lang='lat' dir='ltr'>tu</span> <span class='ocrx_word' id='word_1_135' title='bbox 806 4128 1036 4210; x_wconf 89' lang='lat' dir='ltr'>Reliquiarum</span> <span class='ocrx_word' id='word_1_136' title='bbox 1052 4137 1087 4191; x_wconf 91' lang='lat' dir='ltr'>et</span> <span class='ocrx_word' id='word_1_137' title='bbox 1104 4129 1185 4203; x_wconf 81' lang='lat' dir='ltr'>Imag</span> 
     </span>
     <span class='ocr_line' id='line_1_34' title="bbox 494 4237 590 4283; baseline -0.012 0"><span class='ocrx_word' id='word_1_138' title='bbox 494 4237 590 4283; x_wconf 87' lang='lat' dir='ltr'>num.</span> 
     </span>
    </p>
   </div>
   <div class='ocr_carea' id='block_1_23' title="bbox 176 1003 1170 2288">
    <p class='ocr_par' dir='ltr' id='par_1_23' title="bbox 176 1003 1165 2288">
     <span class='ocr_line' id='line_1_35' title="bbox 459 1198 725 1385; baseline -0.005 -75"><span class='ocrx_word' id='word_1_139' title='bbox 459 1198 725 1385; x_wconf 50' lang='lat' dir='ltr'>hypostatica]</span> 
     </span>
     <span class='ocr_line' id='line_1_36' title="bbox 747 1316 1170 1382; baseline -0.017 0"><span class='ocrx_word' id='word_1_140' title='bbox 747 1318 933 1382; x_wconf 88' lang='lat' dir='ltr'>Concordia</span> <span class='ocrx_word' id='word_1_141' title='bbox 950 1337 1025 1379; x_wconf 94' lang='lat' dir='ltr'>cum</span> <span class='ocrx_word' id='word_1_142' title='bbox 1044 1316 1170 1377; x_wconf 86' lang='lat' dir='ltr'>ratione.</span> 
     </span>
     <span class='ocr_line' id='line_1_37' title="bbox 176 1003 1023 2288; baseline -0.023 -718"><span class='ocrx_word' id='word_1_143' title='bbox 176 1526 302 1589; x_wconf 81' lang='lat' dir='ltr'>CAPUT</span> <span class='ocrx_word' id='word_1_144' title='bbox 321 1526 363 1590; x_wconf 78' lang='lat'>11⁸</span> <span class='ocrx_word' id='word_1_145' title='bbox 409 1003 725 2288; x_wconf 52' lang='lat' dir='ltr'>{Arm}</span> <span class='ocrx_word' id='word_1_146' title='bbox 547 1493 589 1557; x_wconf 87' lang='lat'>11.</span> <span class='ocrx_word' id='word_1_147' title='bbox 605 1492 648 1554; x_wconf 92' lang='lat' dir='ltr'>de</span> <span class='ocrx_word' id='word_1_148' title='bbox 665 1494 809 1554; x_wconf 77' lang='lat' dir='ltr'>Persona</span> <span class='ocrx_word' id='word_1_149' title='bbox 824 1499 1023 1553; x_wconf 89' lang='lat' dir='ltr'>assumente.</span> 
     </span>
    </p>
   </div>
   <div class='ocr_carea' id='block_1_24' title="bbox 0 0 1346 4620">
    <p class='ocr_par' dir='ltr' id='par_1_24' title="bbox 0 0 1346 4620">
     <span class='ocr_line' id='line_1_38' title="bbox 0 0 1346 4620; baseline 0 0"><span class='ocrx_word' id='word_1_150' title='bbox 0 0 1346 4620; x_wconf 95' lang='lat' dir='ltr'> </span> 
     </span>
    </p>
   </div>
  </div>
 </body>
</html>
