2684 4634
205 165 274 214 456
655 163 797 214 CAPUT
815 164 856 212 11.

202 366 259 407 seu
277 366 335 426 per
349 346 562 407 concordiam
577 345 798 418 voluntatum,
808 354 867 406 aut
882 364 941 425 per
954 345 1124 426 gratiam;
1147 363 1216 404 non
1232 340 1297 420 legi·
1329 383 1334 389 -

202 460 256 512 tur
271 450 359 511 enim
375 455 392 480 ‘¹
414 449 551 512 Verbum
576 449 611 511 in
626 471 722 511 carne
737 446 863 512 sactum
887 457 939 510 est
949 449 975 522 '’,
989 449 1051 510 sed
1077 447 1225 509 Verbum
1238 465 1298 506 caro
1329 467 1334 525 i

203 549 327 613 fadtum
345 560 411 626 est;
443 551 594 630 jamvero
614 552 831 633 quantumvis
846 549 938 614 ardta
953 554 996 614 sit
1011 550 1203 612 concordia
1225 549 1298 609 inter
1330 592 1334 627 ·.

202 656 286 717 duos
302 655 436 729 amicos,
450 676 477 716 v.
493 677 524 736 g.
541 657 628 719 inter
643 656 784 719 Paulum
806 665 840 719 et
855 656 1031 736 Joannem,
1047 673 1228 734 nunquam
1249 672 1297 732 po
1330 644 1334 648 ⁴

202 767 267 821 test
278 759 343 820 dici
360 759 512 821 “Paulus
529 756 635 821 ladius
651 768 702 822 est
716 761 864 840 Joannes
876 759 899 822 ”.
948 760 1034 822 Item
1050 759 1134 820 unio
1149 778 1225 819 cum
1235 757 1298 816 Deo

202 884 260 944 per
275 865 416 944 gratiam
429 875 478 926 est
490 865 624 945 quidem
638 862 831 940 ardtissima
843 865 901 928 sed
914 883 1087 944 nunquam
1104 871 1224 924 tamen
1234 880 1297 941 pro

202 978 315 1049 pterea
338 968 446 1029 dicere
470 966 520 1029 sas
543 979 618 1031 est:
657 975 673 1000 “
687 969 779 1030 Deus
794 966 902 1032 fastus
921 978 972 1030 est
988 967 1181 1040 Abraham,
1198 962 1296 1027 faetus

201 1081 251 1132 est
264 1071 382 1144 David,
392 1068 498 1132 sactus
513 1082 564 1134 est
577 1072 698 1134 Paulus
709 1071 742 1151 '';
766 1091 846 1153 ergo
857 1072 937 1134 unio
945 1071 1049 1135 Verbi
1058 1090 1142 1132 cum
1160 1067 1298 1130 humana

201 1179 320 1235 natura
336 1193 401 1235 non
419 1183 470 1235 est
486 1175 620 1238 moralis
638 1184 780 1236 tantum.

244 1278 305 1357 (B)
329 1277 390 1338 Illa
406 1278 485 1339 unio
501 1298 567 1339 non
584 1286 635 1340 est
651 1279 773 1359 pariter
788 1278 972 1350 naturalis;
998 1294 1077 1337 nam
1100 1274 1186 1334 unio
1207 1281 1295 1333 natu·

201 1381 276 1442 ralis
301 1400 366 1441 non
391 1379 428 1442 fit
452 1382 514 1442 nisi
538 1382 658 1463 triplici
683 1381 793 1455 modo,
815 1380 940 1443 scilicet
972 1399 1031 1461 per
1064 1377 1297 1438 conversionem

201 1484 297 1544 unius
310 1483 505 1545 substantiae
522 1484 553 1545 in
567 1484 716 1557 alteram,
725 1484 776 1544 vel
790 1503 848 1564 per
859 1482 1116 1546 commixtionem
1130 1480 1298 1558 utriusque

200 1587 404 1660 substantiae,
428 1587 479 1648 vel
503 1607 561 1667 per
583 1586 857 1666 compositionem·
895 1585 988 1668 atqui
1021 1583 1094 1645 haec
1132 1583 1198 1645 tria
1226 1589 1297 1643 sunt

199 1691 337 1752 omnino
353 1690 570 1770 impossibilia
587 1692 619 1752 in
631 1710 709 1752 casu
726 1700 847 1753 nostro.
893 1689 944 1774 (a)
955 1687 1104 1752 Verbum
1123 1707 1189 1747 nrm
1197 1694 1299 1766 potest

199 1795 342 1856 converti
352 1795 384 1855 in
399 1793 579 1856 humanam
594 1795 841 1875 naturam‚quia
853 1803 903 1857 est
915 1788 1145 1866 immutabile;
1168 1788 1298 1852 aliunde

201 1906 320 1959 natura
332 1897 480 1959 humana
493 1917 559 1958 non
577 1897 639 1960 suit
655 1918 815 1960 conversa
831 1899 863 1959 in
880 1897 1027 1961 divinam
1044 1903 1216 1969 naturam,
1226 1893 1298 1975 quia

199 2003 225 2063 si
243 2023 293 2064 res
311 2002 356 2063 ita
373 2022 408 2063 se
424 2001 604 2077 habuisset,
621 2003 838 2083 Evangelista
853 2002 962 2063 dicere
977 1997 1171 2061 debuisset:
1195 2003 1213 2028 ‘⁴
1226 2017 1298 2058 caro

200 2104 286 2168 lafita
302 2114 353 2167 est
369 2104 519 2166 Verbum
534 2105 557 2165 ’'.
603 2104 655 2185 (b)
672 2107 797 2168 Pariter
813 2125 875 2166 non
890 2102 1002 2182 adfuit
1013 2099 1212 2175 commixtio,
1228 2121 1297 2181 quae

200 2208 236 2269 fit
259 2229 302 2269 ex
326 2207 500 2269 elementis
518 2206 682 2287 persedtis,
699 2210 758 2270 sed
777 2205 1016 2280 transmutatis,
1030 2203 1109 2285 quia
1125 2202 1201 2265 haec
1225 2224 1297 2285 sup-

199 2313 293 2392 ponit
309 2311 537 2372 alterationem
552 2311 721 2392 utriusque
736 2321 879 2386 naturae;
899 2309 991 2390 atqui
1004 2305 1158 2370 Verbum
1175 2306 1295 2370 nullam

199 2415 427 2475 alterationem
453 2414 521 2494 pati
546 2423 664 2493 potest.
711 2414 759 2494 (e)
775 2413 928 2474 Tandem
945 2431 1007 2472 non
1021 2408 1137 2488 adsuit
1149 2409 1295 2490 composi·

199 2518 250 2591 tio,
267 2537 341 2596 quae
359 2515 395 2577 fit
411 2536 453 2575 ex
471 2517 644 2576 elementis
661 2515 872 2596 incompletis
888 2514 929 2575 ad
947 2513 1072 2593 aliquid
1090 2513 1292 2593 completum

198 2619 407 2681 efficiendum
426 2619 534 2692 unitis
551 2620 629 2699 quia
652 2620 851 2700 compositio
874 2617 1033 2699 supponit
1048 2624 1231 2697 utramque
1246 2637 1292 2677 na·

198 2735 305 2786 turam
330 2733 588 2803 componentem
612 2745 685 2785 esse
709 2720 936 2804 impersedtam
971 2729 1006 2782 et
1040 2719 1290 2801 incompletam;

198 2829 289 2908 atqui
315 2837 406 2888 certo
431 2836 548 2888 natura
565 2827 668 2889 Verbi
691 2836 742 2888 est
765 2824 941 2907 completa,
964 2833 998 2885 et
1020 2822 1157 2884 aliunde
1182 2834 1289 2885 natura

198 2931 343 2992 humana
359 2950 456 3010 quam
472 2929 533 2990 sibi
551 2931 664 3003 univit,
675 2931 706 2991 in
721 2951 781 2992 suo
793 2949 914 3010 genere
926 2937 996 2989 erat
1008 2926 1197 3008 completa;
1220 2946 1288 3007 ergo

197 3035 275 3094 unio
299 3034 489 3112 hujusmodi
516 3054 581 3094 non
606 3043 655 3096 est
680 3033 854 3108 naturalis;
892 3032 1027 3093 aliunde
1061 3050 1123 3092 nec
1153 3031 1285 3093 moralis.

198 3137 288 3216 Ergo
306 3147 454 3198 remanet
471 3147 507 3198 ut
524 3137 602 3198 unio
618 3136 719 3198 Verbi
736 3156 812 3197 cum
837 3139 955 3197 natura
978 3135 1126 3197 humana
1142 3136 1186 3199 sit
1202 3136 1286 3214 hypo-

195 3241 319 3314 statica,
336 3261 392 3301 seu
417 3241 448 3300 in
475 3245 624 3320 persona,
642 3241 686 3302 ita
704 3249 740 3302 ut
757 3261 800 3301 ex
824 3241 946 3302 unione
970 3239 1143 3319 utriusque
1168 3251 1283 3303 naturae

196 3343 292 3406 unica
309 3344 445 3404 resultet
463 3364 630 3423 persona.x

236 3502 285 3566 86.
340 3517 374 3582 30
392 3503 423 3566 S.
443 3503 563 3564 Paulus
587 3502 833 3566 humiliationes
858 3503 980 3568 Christi
1004 3503 1207 3581 describens,
1223 3506 1281 3566 haec

194 3608 293 3668 habet
313 3631 318 3667 :
344 3607 434 3686 “Qui
453 3627 527 3667 cum
546 3608 577 3666 in
586 3606 701 3684 ferruci
718 3607 785 3668 Dei
798 3617 893 3682 esset,
904 3627 970 3669 non
988 3608 1139 3688 rapinam
1157 3609 1281 3671 arbitra·

194 3717 246 3768 tus
264 3715 313 3766 est
329 3726 400 3765 esse
416 3725 451 3765 se
468 3705 630 3784 aequalem
650 3705 724 3766 Deo
743 3729 748 3767 :
784 3706 843 3768 sed
860 3706 1078 3787 semetipsum
1096 3706 1280 3776 exinanivit,

192 3811 331 3871 sormam
357 3810 439 3869 servi
463 3810 635 3890 accipiens,
653 3810 684 3869 in
709 3808 961 3871 similitudinem
977 3807 1153 3871 hominum
1180 3807 1281 3880 ladius,

193 3922 225 3973 et
242 3911 356 3972 habitu
375 3913 528 3973 inventus
545 3922 581 3973 ut
598 3912 708 3986 homo,
726 3911 914 3974 humiliavit
937 3911 1158 3992 semetipsum
1185 3910 1280 3974 ladius

191 4102 295 4156 {adium
310 4113 361 4167 est,
376 4103 392 4154 i.
410 4121 432 4155 e.
448 4105 542 4165 homo,
559 4115 588 4156 ut
610 4104 793 4170 Evangelista
813 4114 943 4168 testatur,
957 4103 1134 4173 impossibile
1153 4116 1198 4159 est
1216 4101 1282 4174 quod
1331 4110 1334 4163 ἐ

192 4191 275 4243 Verbi
293 4189 345 4241 Dei
360 4202 387 4241 et
402 4190 474 4242 illius
488 4191 611 4243 hominis
625 4191 679 4242 sint
695 4191 758 4242 dnae
774 4208 910 4258 personae,
921 4191 966 4244 vel
984 4191 1049 4244 duae
1059 4191 1237 4260 hypostases,
1248 4189 1281 4242 vel

190 4279 246 4330 duo
260 4277 404 4344 supposita
416 4274 436 4329 ''.
