2684 4634
528 170 585 222 DE
602 169 789 222 HOMINE.
968 180 974 188 '
1138 169 1204 221 ³5³

106 363 217 419 rentes
249 358 284 418 in
310 364 401 419 statu
421 353 543 435 grania
569 361 603 417 et
631 351 832 434 integritatis
862 350 962 415 luisse
992 351 1202 428 constitutos,

108 472 145 520 2⁰
160 458 320 541 illumque
336 468 460 522 statum
476 477 550 520 esse
564 456 842 537 supernaturalem
858 451 891 541 (ᾗ
911 451 994 539 ΙΙΙ).

150 599 216 668 153
263 605 291 649 10
324 590 423 649 iteris
453 600 489 648 ι·
511 611 523 648 .·
561 586 843 663 Protoparentes
878 582 914 646 in
948 586 1048 646 statu
1076 582 1204 662 gratiae

108 685 296 753 constituti
309 686 455 751 fuerunt
464 705 483 748 ¹.
529 686 581 749 Da
587 685 659 767 fide
673 705 712 748 ax
723 682 913 747 Tridentino
923 682 1015 765 (sess.
1026 705 1054 746 v.
1067 704 1136 745 can.
1151 682 1183 764 1)
1195 708 1202 745 ε

108 785 172 849 “Si
188 787 264 867 quis
279 807 346 849 non
362 786 540 852 confitetur
555 790 699 870 primum
714 787 884 850 hominem
903 785 1065 849 Adam...
1083 783 1202 849 saniti-

109 896 211 952 tatem
237 899 272 952 et
295 889 469 970 justitiam,
489 892 522 954 in
550 896 616 973 qua
640 891 840 954 constitutus
864 891 978 967 fuerat,
994 892 1144 953 amisisse

110 991 148 1056 A.
165 992 218 1058 S.''
265 995 395 1058 Dicitur
409 995 582 1071 constituti,
597 1004 639 1058 ut·
656 993 860 1076 significetur
875 995 948 1056 illos
964 988 1071 1075 aliqua
1085 995 1199 1056 saltam

111 1104 245 1177 tempore
266 1099 373 1179 gratiis
398 1098 559 1161 habituali
586 1098 686 1161 iuisse
708 1106 853 1171 ornatos,
868 1117 934 1159 non
959 1107 1070 1160 autem
1097 1098 1203 1173 creati,

111 1196 184 1275 quia
207 1216 275 1260 non
299 1182 451 1261 absolute
466 1206 598 1261 constat
620 1218 678 1261 eos
704 1218 723 1259 a
746 1198 854 1278 primo
876 1198 1013 1262 instanti
1029 1199 1203 1261 creationis

112 1300 249 1377 gratiam
265 1301 438 1382 accepisse.

149 1401 270 1483 Script.
286 1402 345 1485 (A)
361 1405 401 1466 In
426 1404 491 1467 Vct.
513 1403 544 1465 T
540 1413 592 1466 est.
609 1402 793 1485 probabilia
814 1415 1010 1486 argumenta
1027 1404 1097 1485 jam
1114 1406 1203 1468 inve-

112 1503 225 1581 nimus,
238 1506 417 1571 accedente
432 1507 614 1589 praesertim
630 1507 764 1569 Patrum
776 1506 1053 1589 interpretatione.
1101 1505 1149 1586 (a)
1164 1506 1202 1566 In

114 1606 245 1670 thrsi²
260 1608 380 1690 legitur
397 1632 404 1672 ε
427 1610 632 1672 “Faciamus
656 1608 825 1671 hominem
847 1608 888 1670 ad
914 1609 1094 1689 imaginem
1111 1618 1144 1671 et
1160 1611 1201 1671 si·

111 1710 330 1773 militudinem
355 1721 502 1775 nostram
515 1711 542 1788 '’,
558 1732 624 1788 seu,
638 1711 739 1791 juxta
759 1712 826 1774 vim
850 1712 995 1774 hebraici
1019 1721 1143 1785 textus,
1160 1714 1201 1776 ad

109 1812 289 1894 imaginem
312 1816 516 1878 simillimam
538 1824 687 1877 nostram
696 1837 703 1892 ;
737 1817 839 1896 atqui,
854 1837 898 1878 ex
924 1816 1025 1878 modo
1045 1817 1202 1897 loquendi

108 1915 298 1997 Scripturae,
323 1918 378 1980 illa
401 1919 585 1981 similitudo
609 1918 650 1979 de
677 1919 783 1999 gratia
809 1919 947 2001 intelligi
975 1920 1089 1996 debet;
1116 1941 1203 1996 nam,

106 2018 183 2083 licet
198 2042 259 2102 per
279 2032 431 2085 naturam
448 2022 664 2104 aliquomodo
681 2023 745 2084 Dei
763 2024 942 2104 imaginem
961 2025 992 2085 in
1009 2025 1121 2086 animi
1145 2046 1202 2086 no-

105 2125 174 2184 stra
189 2142 354 2204 geramus,
370 2145 436 2187 non
453 2124 613 2187 efficimur
629 2135 740 2188 tamen
759 2127 819 2209 ipsi
841 2124 984 2208 perfette
1000 2128 1123 2190 similes
1141 2130 1202 2190 nisi

105 2246 164 2305 per
179 2228 324 2307 gratiam
341 2238 375 2290 et
390 2228 546 2310 gloriam,‘
557 2238 594 2291 ut
609 2238 741 2292 constat
757 2250 800 2292 ex
813 2230 864 2292 his
876 2240 909 2293 et
921 2230 1084 2292 similibus
1102 2233 1202 2294 texti-

105 2330 167 2410 bus
180 2354 187 2392 ε
210 2335 229 2362 “
238 2330 285 2394 Ut
294 2351 352 2413 per
363 2332 434 2395 haec
444 2332 548 2413 (dona
558 2333 687 2414 gratiae)
700 2333 888 2395 efficiamini
899 2333 1020 2395 divinae
1033 2344 1203 2396 consortes

106 2444 260 2496 naturaes
337 2436 461 2498 similes
477 2437 507 2498 ei
523 2437 654 2511 erimus,
665 2438 823 2517 quoniam
840 2436 1028 2499 videbimus
1050 2458 1124 2498 eum
1142 2440 1202 2499 sic-

106 2538 153 2599 uti
171 2538 287 2616 est’'4;
317 2559 362 2601 ex
377 2558 444 2619 quo
460 2548 553 2620 patet
570 2560 630 2601 nos
646 2538 714 2601 fieri
732 2536 855 2599 similes
873 2537 948 2598 Deo
967 2556 1025 2616 per
1040 2537 1201 2598 visionem

107 2638 305 2717 beatificam,
321 2642 363 2704 ad
386 2662 485 2723 quarn
507 2642 561 2723 jus
584 2643 712 2705 confert
736 2642 842 2723 gratia
868 2640 1055 2703 habitualis,
1102 2641 1201 2722 Quod

106 2743 321 2808 confirmatur
335 2747 504 2809 communi
516 2748 651 2810 Patrum
669 2746 957 2827 interpretatione;
980 2744 1035 2805 alii
1046 2747 1143 2820 enim,
1154 2747 1201 2806 in-

106 2856 156 2909 ter
178 2849 358 2930 imaginem
382 2859 415 2912 et
439 2849 685 2917 similitudinem
710 2850 963 2929 distinguentes
991 2849 1132 2928 priorem
1160 2851 1202 2911 de

107 2953 234 3028 natura,
258 2953 472 3033 posteriorem
497 2955 539 3016 de
560 2957 665 3035 gratia
689 2954 896 3035 intelligunt3
938 2953 992 3014 alii
1022 2955 1201 3034 imaginem

106 3053 249 3117 simulet
265 3055 515 3118 similitudinem
533 3059 575 3119 ad
592 3060 729 3121 modum
747 3059 843 3121 unius
857 3058 1201 3138 accipientesutram-

106 3176 169 3237 que
184 3158 228 3220 de
243 3160 350 3239 gratit
365 3160 631 3242 interpretantur.
680 3162 771 3223 Inter
795 3161 919 3241 priores
936 3161 1037 3222 citare
1061 3161 1203 3224 sufficiat

106 3262 323 3325 Anastasinm
340 3262 459 3326 Sirtait.
473 3273 486 3319 5
500 3288 511 3327 :
543 3269 559 3297 “
573 3266 611 3327 Id
629 3266 763 3345 quidem
781 3265 870 3344 quod
888 3274 938 3327 est
955 3266 996 3326 ad
1021 3266 1200 3346 imaginem

107 3365 279 3428 Trinitatis
295 3366 327 3442 in
343 3369 486 3429 essentia
502 3369 623 3431 animae
646 3377 768 3430 nostrae
784 3388 900 3428 omnes
924 3368 1075 3429 homines
1102 3370 1201 3431 habe-

138 3501 202 3556 ¹Cs.
216 3501 248 3554 S.
268 3502 372 3570 Tana,
387 3503 407 3556 1.
422 3519 448 3572 q.
462 3516 504 3572 95,
521 3521 546 3557 a.
563 3521 588 3569 15
615 3504 717 3572 Quodl.
736 3506 758 3567 Ι,
774 3503 837 3568 a.8;
865 3507 981 3566 suares,
993 3503 1028 3555 de
1043 3504 1136 3570 Opere
1150 3522 1198 3558 sex

105 3588 220 3656 dierum,
237 3589 255 3642 l.
274 3589 330 3653 ΙΙΙ,
345 3603 423 3655 c.17;
442 3591 587 3660 Petavins,
599 3593 635 3646 de
649 3591 769 3660 Opificio
783 3609 831 3645 sex
845 3591 910 3644 dier.
925 3592 941 3643 l.
954 3592 991 3656 ΙΙ,
1004 3607 1026 3643 c.
1047 3606 1100 3659 1-43
1120 3593 1201 3644 iliter-

106 3677 182 3743 selln,
195 3694 222 3730 n.
237 3679 290 3743 694
303 3693 359 3745 sq.;
385 3677 533 3745 Palmieri,
550 3678 588 3732 th.
602 3678 649 3746 48;
680 3677 856 3740 Ullatlrarne,
873 3678 935 3729 The
951 3677 1154 3730 Endowments
1174 3679 1206 3730 of

106 3779 176 3829 man,
189 3764 208 3817 l.
226 3762 331 3828 11-111;
349 3763 444 3827 Pescla,
459 3781 487 3818 n.
505 3764 554 3832 169
569 3782 610 3835 sq.
623 3775 677 3803 -2
688 3766 752 3817 Gen.
770 3765 791 3831 Ι,
809 3766 850 3817 26.
867 3794 901 3801 -
913 3765 1050 3816 ³IIPetr.
1068 3765 1090 3826 Ι,
1106 3779 1130 3828 4.

136 3845 246 3921 ⁴IJaa.
264 3851 320 3916 ΙΙΙ,
333 3867 358 3904 2.
397 3852 530 3905 Attamen
542 3863 736 3920 argumentum
749 3869 782 3906 ex
799 3852 899 3904 Genesi
910 3867 959 3918 per
973 3867 1071 3902 senon
1087 3861 1129 3902 est
1143 3867 1201 3902 cer-

105 3948 170 4001 tum,
184 3935 253 4009 quia
265 3953 352 4005 quum
370 3935 468 3991 autlor
486 3954 566 3993 sacer
584 3939 620 3991 ibi
641 3938 783 3992 describat
803 3936 940 4004 originem
959 3937 1056 3989 mundi
1070 3937 1200 4002 visibiles,

103 4024 194 4079 forsan
207 4024 280 4077 nihil
293 4023 369 4077 aliud
382 4024 540 4093 significare
553 4025 649 4091 voluit,
657 4043 707 4093 per
719 4026 795 4077 illam
807 4025 967 4091 imaginem,
979 4023 1032 4076 nisi
1047 4022 1202 4076 dominium

103 4129 184 4183 super
193 4121 338 4165 creaturas
346 4110 497 4178 interiores,
507 4113 543 4166 de
557 4129 611 4181 quo
625 4115 716 4180 agitur
729 4111 895 4180 insequenti
908 4129 989 4164 verso
1003 4129 1009 4164 :
1029 4112 1092 4163 “Et
1106 4111 1201 4179 praesit

103 4199 225 4267 piscibus
237 4196 346 4251 maris”
358 4207 411 4252 etc.
451 4198 493 4252 Cf.
508 4200 722 4270 Hntnmelaner,
741 4200 769 4255 in
785 4201 900 4269 Genes,
912 4199 963 4269 lbi,
975 4218 1005 4271 p.
1021 4217 1085 4254 uo.

135 4285 243 4351 ⁵Anag.
260 4284 445 4351 contempl.,l.
465 4286 510 4338 Vl.

198 4396 323 4439 &nomia
330 4394 362 4441 11.
376 4420 401 4429 -
415 4411 446 4455 ²3
