2684 4634
282 189 339 239 DE
359 188 575 238 MYSTERIO
593 186 940 239 chRNATIoms.
1095 186 1161 236 495

53 307 106 313 ..-
394 307 1048 315 -.-------
1083 306 1161 311 ..--

53 369 163 431 batur
173 370 233 451 (A)
242 391 286 432 ex
295 371 464 454 Patribus,
476 372 561 433 inter
572 386 655 452 quos
671 371 784 432 audire
800 367 942 431 sufficiat
955 368 989 431 S.
1006 366 1162 446 Cyrillrrm

55 472 157 534 Alex.
173 472 217 534 de
231 473 491 553 Jesudicentem
507 486 537 535 1:
561 473 746 534 “eximiam
762 473 883 534 divinae
900 481 1026 535 naturae
1043 491 1162 552 praero-

57 576 212 654 gativam
228 577 363 638 sortitus
383 585 442 649 est,
458 576 613 637 nimirum
635 594 700 636 non
725 594 822 655 posse
845 595 980 656 peccare
993 576 1016 637 ’'.
1063 575 1160 656 Quod

62 676 222 757 Origenes
243 679 299 752 (de
324 679 505 759 Principiis,
527 677 545 740 l.
563 678 608 751 Il,
631 697 656 738 c.
672 678 708 754 6)
731 679 977 758 comparatione
1000 677 1162 740 illustrat:
1263 747 1264 751 Ἰ

60 780 117 841 “si
133 800 216 860 ergo
232 800 342 842 massa
357 780 468 862 aliqua
484 779 559 842 ferri
580 799 710 859 semper
726 779 758 840 in
775 780 852 860 igne
867 782 910 842 sit
926 783 1043 861 posita,
1059 781 1162 842 omni-

61 882 123 944 bus
147 883 217 943 suis
239 883 328 963 poris
351 882 573 962 omnibusque
595 883 687 943 venis
711 883 821 963 ignem
847 885 1015 964 recipiens,
1036 895 1069 946 et
1092 894 1163 947 tota

63 985 150 1064 ignis
167 982 293 1059 effeita,
310 1006 417 1066 neque
433 986 505 1066 ipsa
528 984 571 1045 ab
595 984 671 1063 igne
694 993 872 1065 separetur,
890 1006 1058 1066 nunquam
1076 987 1163 1049 dice-

62 1105 137 1149 mus
153 1087 248 1164 hanc,
264 1108 339 1169 quae
355 1091 473 1150 natura
489 1087 624 1166 quidem
641 1084 716 1146 ferri
734 1106 842 1148 massa
858 1096 916 1162 est,
933 1089 965 1149 in
983 1089 1060 1168 igne
1076 1090 1162 1169 posi-

62 1197 131 1249 tam
149 1200 184 1252 et
200 1191 424 1252 indesinenter
438 1189 620 1260 ardentem,
637 1208 733 1267 posse
757 1189 859 1269 frigus
882 1188 1061 1271 aliquando
1085 1192 1163 1253 reci-

62 1311 166 1370 pere...
215 1292 291 1354 Hoc
306 1311 386 1372 ergo
402 1292 503 1353 modo
519 1291 620 1352 etiam
638 1290 693 1351 illa
709 1292 828 1366 anima,
841 1312 916 1373 quae
933 1295 1025 1374 quasi
1043 1294 1161 1356 sermm

62 1393 92 1453 in
111 1394 199 1474 igne,
215 1395 260 1456 sic
277 1414 407 1475 semper
423 1393 458 1454 in
469 1391 591 1466 Verbo,
604 1412 735 1473 semper
751 1393 782 1454 in
800 1395 971 1474 sapientia,
984 1416 1114 1477 semper
1130 1399 1161 1457 in

63 1495 137 1557 Deo
154 1498 264 1576 posita
278 1506 338 1571 est,
354 1500 454 1558 omne
469 1497 558 1576 quod
576 1496 655 1576 agit,
671 1497 759 1575 quod
777 1498 886 1569 sentit,
901 1500 991 1578 quod
1009 1500 1164 1580 intelligit

65 1597 156 1659 Deus
172 1607 222 1660 est
236 1620 243 1674 ;
266 1607 300 1660 et
321 1599 399 1660 ideo
413 1618 472 1659 nec
489 1597 711 1659 convertibilis
728 1608 761 1659 et
778 1600 947 1661 mutabilis
963 1602 1028 1664 dici
1045 1596 1163 1683 potest,

60 1720 136 1778 quae
155 1700 501 1763 inconvertibilitatem
518 1720 562 1763 ex
579 1700 679 1761 Verbi
705 1701 768 1761 Dei
792 1703 920 1764 unitate
941 1705 1165 1769 indesinenter

60 1802 168 1883 ignita
183 1803 332 1883 possedit
345 1802 368 1865 ’'.

102 1904 166 1984 (B)
180 1906 260 1968 Rat.
277 1905 365 1968 theol.
411 1905 461 1986 (a)
477 1925 520 1966 ex
538 1904 659 1966 visione
674 1905 817 1987 beateficcl
831 1931 842 1969 .·
866 1908 920 1969 ille
935 1918 985 1971 est
1002 1911 1162 1992 impecca-

61 2008 136 2071 bilis
153 2007 211 2088 qui
229 2008 340 2070 Deum
356 2008 508 2071 intuitive
524 2008 633 2069 videt:
661 2008 746 2068 clare
769 2010 857 2071 enim
882 2011 1036 2093 intelligit
1054 2016 1161 2078 Deum

60 2131 133 2172 csse
150 2110 251 2173 finem
268 2111 417 2173 maxime
433 2111 624 2183 amandum,
635 2111 730 2189 eique
742 2111 889 2174 adhaeret
905 2114 989 2176 sicut
1006 2136 1092 2179 nunc
1109 2139 1164 2180 ne-

59 2215 206 2275 cessario
222 2214 346 2275 bonum
364 2215 396 2275 in
413 2233 534 2295 genere
550 2214 739 2293 appetimus
755 2236 760 2287 ;
777 2216 869 2294 atqui
883 2215 1033 2281 Christus
1050 2221 1093 2282 ab
1105 2223 1163 2282 ini-

60 2317 107 2376 tio
124 2315 279 2377 intuitive
297 2316 407 2378 Deum
424 2315 508 2377 vidit
524 2324 557 2376 et
573 2314 707 2395 quidem
734 2316 836 2378 modo
859 2318 1046 2398 perfectiori
1064 2343 1163 2402 quam

61 2418 157 2479 Beati
183 2419 216 2479 in
240 2418 346 2493 coelo;
369 2437 456 2498 ergo.
502 2417 553 2496 (b)
571 2417 626 2478 Ex
644 2418 760 2479 unzbne
774 2420 970 2498 hypostatice
983 2448 994 2485 .·
1011 2427 1164 2488 meritum

59 2532 92 2582 et
108 2520 309 2582 demeritum
326 2517 494 2582 adtionum
512 2519 633 2582 Christi
651 2520 795 2582 hominis
817 2524 849 2585 in
871 2545 1046 2605 personam
1063 2529 1163 2590 Verbi

60 2622 260 2695 redundant,
287 2641 389 2702 quum
414 2622 549 2701 dirigat,
571 2622 730 2701 gubernet
754 2644 792 2684 ac
819 2647 897 2688 suas
922 2627 1023 2689 saciat
1049 2650 1165 2691 omnes

30 2796 34 2803 ,
60 2724 210 2788 ειξὶίοηεε
223 2723 377 2786 humanae
391 2734 517 2787 naturae
531 2736 711 2804 assumptae
725 2749 731 2786 :
756 2730 848 2808 atqui
862 2743 1025 2810 repugnat
1036 2743 1072 2794 ut
1084 2734 1164 2794 Ver-

61 2829 140 2891 bum
156 2827 262 2908 possit
278 2827 342 2889 dici
359 2837 514 2909 peccator
527 2849 534 2902 ;
558 2847 637 2907 ergo
660 2829 864 2909 impossibile
887 2842 936 2893 est
960 2843 997 2894 ut
1020 2834 1165 2897 humana

60 2943 180 2994 natura
199 2931 319 2994 Christi
336 2940 452 3013 peccet
462 2943 482 2993 2.
983 2941 986 2947 ’

104 3078 174 3146 137.
214 3077 258 3153 ¹30
273 3065 409 3128 Certum
426 3074 477 3128 est
494 3063 661 3126 Christum
684 3065 788 3126 nullos
802 3067 951 3130 habuisse
966 3069 1163 3134 inordinatus

62 3167 315 3249 concupescentirc
343 3177 462 3240 motus,
493 3167 557 3228 inco
586 3170 798 3230 communiter
825 3179 951 3233 tenetur
979 3195 1034 3235 nec
1062 3175 1165 3254 ipsum

61 3271 222 3333 debuisse,
231 3269 382 3348 fomitem
412 3270 672 3349 concupiscentur,
704 3293 761 3334 seu
799 3276 984 3354 potentiam
1022 3278 1165 3340 habendi

63 3383 175 3438 motus
192 3373 406 3437 inordinatos.

102 3472 237 3535 Probat.
286 3468 342 3557 (a)
368 3472 424 3534 Ex
439 3473 561 3546 dinin-
585 3496 662 3537 nam
680 3480 949 3559 concupiscentia
966 3491 1016 3543 est
1032 3484 1166 3563 sequela

544 3593 602 3601 —

94 3653 103 3675 ¹
120 3651 153 3703 ln
166 3650 260 3716 loen,
272 3650 359 3718 Vlll,
376 3666 416 3718 29.

92 3745 104 3768 ²
119 3736 198 3791 Hinc
212 3737 243 3790 S.
260 3736 382 3790 Thomas
394 3737 433 3804 (in
449 3738 494 3791 Ill
507 3738 570 3792 dist.
586 3757 624 3805 12,
635 3758 659 3810 q.
671 3757 695 3806 2,
706 3759 732 3794 a:
745 3744 769 3809 1)
784 3744 819 3797 de
834 3745 946 3798 Christo
960 3746 1017 3800 ait:
1035 3746 1050 3772 ‘⁶
1063 3749 1164 3800 Secun-

57 3825 129 3879 dum
142 3823 221 3892 quod
239 3823 292 3881 luit
312 3825 399 3890 Deus,
412 3836 439 3878 et
453 3825 548 3879 anima
561 3828 620 3895 ejus
638 3839 665 3880 et
683 3846 783 3898 corpus
803 3830 912 3885 luerunt
932 3833 1012 3903 quasi
1031 3851 1165 3901 organum

56 3910 186 3977 deitatis,
207 3910 363 3965 secundum
384 3912 460 3981 quod
482 3913 573 3966 deitas
595 3915 711 3983 regebat
732 3915 866 3983 animam,
885 3929 912 3971 et
932 3920 1027 3973 anima
1048 3937 1165 3987 corpus:

57 3999 136 4055 unde
149 4015 208 4051 non
221 4007 331 4068 poterat
344 4009 493 4067 peccatum
506 4001 644 4068 attingere
658 4003 693 4054 ad
708 4004 768 4070 ejus
781 4005 913 4072 animam,
932 4005 1003 4060 sicut
1020 4024 1072 4061 nec
1088 4010 1166 4061 Deus

56 4096 154 4155 potest
161 4086 310 4155 peccare”.
319 4117 354 4124 —
363 4087 496 4141 Attamen
508 4088 647 4142 sententia
658 4090 734 4142 Scoti
745 4090 928 4158 atheologica
938 4094 1057 4146 censurat
1068 4093 1165 4146 immu-

56 4173 103 4228 nis
122 4182 177 4235 est,
192 4188 228 4227 ex
247 4172 437 4228 declaratione
457 4175 485 4228 S.
502 4174 735 4245 Congregationis
751 4176 831 4245 jussu
853 4178 929 4231 Pauli
946 4179 1069 4233 Veditrt.
1110 4181 1165 4233 Cfr.

60 4260 159 4326 Perrh,
174 4276 202 4313 n.
219 4271 284 4327 302..
