2684 4634
202 185 246 234 62
644 178 785 230 CAPUT
803 178 845 225 11.

201 361 352 424 revelatis
383 381 481 442 super
511 359 624 422 omnia
654 358 808 421 firmam:
839 355 946 439 gratia
971 354 1060 417 enim
1088 372 1194 415 novas
1218 351 1293 415 vires

128 526 132 531 .
201 463 413 526 facultatibus
429 464 549 526 nostris
566 463 700 544 praebet‚
716 481 854 543 quarum
872 481 936 542 ope
951 480 1012 522 suo
1027 455 1168 539 objet'to'
1179 456 1295 518 firmius

201 565 368 629 adhaerere
392 566 525 642 valent;
546 565 623 626 hinc
647 564 689 626 ab
704 563 887 626 Innocentio
901 564 963 625 XI
974 564 1136 626 damnata
1158 570 1210 624 est
1230 558 1296 620 haec

201 670 383 751 propositio
402 693 408 732 :
432 669 625 732 “Voluntas
641 689 707 729 non
725 677 835 749 potest
852 667 980 729 efficere
999 675 1036 728 ut
1054 684 1211 728 assensus
1227 661 1296 725 fidei

201 770 233 831 in
251 771 360 851 seipso
376 771 418 832 sit
435 771 540 852 magis
557 769 669 833 firmus
686 793 785 852 quam
804 781 967 834 mereatur
982 770 1113 851 pondus
1137 768 1297 830 rationum

201 873 243 934 ad
274 893 444 935 assensum
477 874 716 954 impellentium
728 876 743 900 '⁸
773 875 892 952 (Denn.
924 895 953 936 n.
989 860 1091 952 1036).
1140 870 1296 933 Attamen

201 956 327 1034 merito
334 972 568 1037 animadvertit
584 976 623 1038 K
624 977 704 1039 ilben
720 973 756 1061 (l.
769 998 794 1039 c.
812 998 841 1057 p.
855 978 939 1057 576),
952 995 1124 1038 assensum
1142 974 1220 1036 fidei
1238 993 1296 1035 non

200 1096 272 1137 esse
288 1075 474 1152 firmiorem,
491 1078 591 1140 etiam
609 1101 652 1141 ex
670 1091 762 1162 parte
779 1080 987 1156 adhaesionis,
1003 1099 1140 1142 assensu
1158 1077 1296 1146 veritati·

200 1179 261 1241 bus
283 1179 518 1261 metaphysicis
540 1183 749 1246 evidentibus
766 1186 866 1263 dato;
888 1204 965 1245 nam
983 1183 1015 1244 in
1032 1165 1113 1244 vero*
1128 1181 1296 1262 metaphy-

201 1281 265 1343 siee
281 1282 425 1346 evidenti
443 1283 657 1347 immobiliter
672 1307 710 1349 ac
727 1282 989 1372 indubitabiliter
1004 1286 1091 1348 sistit
1107 1306 1147 1347 ac
1164 1284 1296 1366 quiescit

201 1383 393 1448 intellectus

245 1510 310 1575 126.
359 1513 429 1574 Nec
459 1513 588 1577 dicatur
618 1516 717 1579 fidem
749 1526 896 1579 nostram
928 1518 1100 1580 certiorem
1133 1536 1201 1578 non
1233 1536 1297 1578 esse
1341 1494 1342 1576 Ῐ

200 1637 300 1698 quam
318 1617 441 1678 motiva
457 1618 694 1694 credibilitatis
710 1639 785 1700 quae
806 1620 964 1682 moralem
985 1627 1116 1681 tantum
1134 1619 1296 1681 certitudi-

201 1728 276 1782 'nem
294 1721 463 1800 praebent;
487 1741 563 1783 nam
588 1723 713 1784 motiva
729 1722 957 1785 credibilitatis
974 1731 1051 1785 sunt
1067 1721 1175 1785 solum
1195 1722 1298 1785 media

200 1823 316 1902 quibus
332 1824 564 1904 cognoscimus
581 1825 691 1886 Deum
709 1825 855 1887 locutum
873 1825 987 1902 fuisse3
1011 1825 1173 1888 motivum
1191 1836 1297 1888 autem

200 1935 334 2008 propter
350 1928 439 2007 quod
456 1928 628 2003 credimus,
645 1937 695 1990 est
711 1922 783 2008 ipsa
798 1925 977 1990 auctoritas
995 1928 1068 2004 Dei,
1080 1947 1156 2008 quae
1171 1927 1297 1990 absolu-

200 2039 269 2092 tam
294 2031 523 2093 certitudinem
548 2031 683 2094 confert.
731 2033 797 2092 Res
821 2033 1069 2112 comparatione
1091 2031 1298 2095 declaratur:

200 2134 227 2194 si
244 2133 326 2212 quis,
343 2132 439 2195 scalae
456 2153 528 2214 ope,
545 2131 669 2195 tectum
689 2133 809 2195 domtls
833 2133 1026 2208 ascenderit,
1042 2132 1177 2196 firmiori
1203 2135 1299 2200 stabit

200 2236 419 2298 fundamento
438 2257 536 2316 quam
559 2236 647 2298 scala
670 2238 764 2318 ipsa;
786 2237 832 2298 ita
856 2237 985 2318 pariter,
1001 2237 1145 2318 quando,
1162 2240 1299 2301 motivo-

201 2359 272 2400 rum
290 2338 516 2401 credibilitatis
533 2360 604 2420 ope,
617 2339 789 2402 veritatem
807 2341 987 2420 attigimus,
999 2360 1074 2421 quae
1087 2341 1129 2403 ab
1142 2341 1216 2422 ipso
1230 2343 1300 2404 Deo

200 2441 342 2504 revelata
368 2441 436 2517 fuit,
460 2462 533 2503 eam
558 2439 788 2522 amplectimur
812 2451 946 2523 propter
969 2440 1202 2507 auctoritatem
1232 2445 1301 2521 Dei,

200 2567 275 2627 quae
291 2544 424 2606 firmiori
441 2545 557 2606 nititur
573 2544 791 2606 fundamento
808 2546 908 2625 quam
927 2546 1052 2608 motiva
1064 2546 1300 2611 credibilitatis.

201 2649 356 2723 Aliunde,
380 2645 528 2730 spectata
552 2648 616 2710 Dei
640 2648 860 2730 providentia,
885 2648 1044 2728 majorem
1068 2649 1301 2713 certitudinem

200 2753 362 2832 attingere
394 2751 541 2813 valemus
573 2771 673 2831 quam
705 2772 780 2832 quae
811 2749 935 2814 diredte
974 2751 1140 2834 praebetur
1170 2755 1302 2817 motivis

200 2855 436 2930 credibilitatis,
467 2856 617 2936 sequenti
650 2855 804 2917 videlicet
841 2865 1067 2936 argumento:
1098 2857 1303 2937 Impossibile

200 2969 250 3020 est
272 2967 308 3019 ut
330 2958 428 3031 Dens,
445 2978 540 3019 verns
563 2967 593 3019 et
613 2957 748 3036 snpn'ens,
770 2959 943 3038 permittat
967 2958 1084 3020 falsam
1109 2958 1302 3040 religionem

200 3061 373 3123 hominum
391 3058 467 3120 fidei
484 3060 624 3141 proponi
642 3081 717 3122 cum
735 3061 963 3123 credibilitatis
983 3061 1124 3138 motivis,
1141 3083 1218 3143 quae
1236 3085 1302 3127 mo·

200 3164 301 3227 ralem
319 3164 549 3226 certitudinem
572 3164 707 3244 gignere
731 3166 877 3245 possint;
898 3165 925 3226 si
949 3167 1037 3227 enim
1055 3165 1117 3227 hoc
1133 3169 1303 3247 permitte-

200 3278 257 3343 ret,
271 3279 314 3329 eo'
328 3268 399 3348 ipso
416 3287 476 3327 nos
493 3267 660 3347 deciperet
677 3268 709 3328 in
728 3289 760 3329 re
777 3268 818 3330 ad
837 3253 977 3330 salutem
995 3269 1173 3349 pertiuenti
1188 3292 1195 3347 ;
1213 3272 1303 3353 atqui

201 3371 359 3451 mysteria
376 3368 452 3431 fidei
474 3379 605 3443 nostrae,
621 3391 649 3431 v.
667 3389 695 3450 g.
716 3371 905 3432 lncarnatio
928 3380 961 3433 et
978 3371 1191 3453 Redemptio,
1208 3375 1303 3436 nobis

200 3473 364 3536 credenda
382 3481 609 3553 proponuntur
625 3492 700 3535 cum
719 3475 850 3535 motivis
863 3474 1100 3549 credibilitatis,
1113 3495 1190 3555 quae
1203 3476 1303 3540 talem

200 3576 431 3639 certitudinem
445 3596 580 3637 causare
591 3575 709 3638 valent.
749 3577 849 3656 Ergo,
862 3581 992 3639 attenta
1006 3577 1070 3639 Dei
1084 3579 1304 3659 providentia,

201 3678 404 3760 impossibile
420 3688 470 3740 est
487 3678 542 3740 illa
559 3680 717 3759 mysteria
734 3700 806 3741 esse
822 3679 913 3742 falsa.

472 3818 521 3873 ΙΙ.
545 3817 600 3874 De
621 3816 708 3874 fidei
728 3817 1030 3876 infallibilitate!

245 3946 308 4013 127.
361 3949 391 3996 10
409 3936 501 3999 Fidei
520 3935 734 3997 infallibilitas
751 3935 903 3997 consistit
925 3935 958 3996 in
980 3937 1165 3998 necessaria
1182 3959 1303 4002 conne-

201 4042 301 4102 xione
317 4059 468 4102 assensus
486 4060 561 4101 cum
574 4041 720 4115 veritate,
734 4040 780 4100 ita
793 4048 829 4100 ut
842 4049 986 4119 nequeat
1002 4037 1078 4102 fidei
1095 4040 1234 4104 subesse
1247 4043 1303 4105 lal-

235 4226 243 4254 1
258 4211 299 4262 Cf.
313 4212 342 4262 S.
360 4209 454 4262 Thone.
468 4225 492 4261 2.
506 4226 528 4264 2.
545 4228 572 4279 q.
589 4225 609 4278 1,
626 4227 651 4263 a.
664 4225 695 4277 3;
714 4212 802 4281 Lnga,
817 4212 888 4282 disp.
907 4213 965 4276 lV;
986 4212 1153 4266 Salmantic.
1169 4213 1244 4283 disp.
1263 4213 1301 4276 11;

199 4299 352 4365 Monada,
365 4315 392 4351 n.
408 4299 457 4367 617
488 4315 514 4367 q.
