2684 4634
461 120 464 127 *
581 161 720 212 CAPUT
738 160 797 210 111.

306 338 430 396 “Aurea
444 338 539 410 prima
552 347 614 395 sata
627 347 672 396 est
684 346 762 408 aetas,
780 353 847 408 quae
859 333 978 393 vindice
991 332 1077 403 nullo

307 425 421 496 Sponte
435 442 488 482 sua
501 423 598 482 fidens
613 424 786 496 rettumque
799 421 964 481 colebat''¹.

129 563 406 642 Protoparentum
426 558 618 643 felicitatem
636 561 669 622 in
686 559 841 642 paradiso
864 557 910 620 sic
926 556 1060 638 poetice
1076 552 1219 617 describit

129 664 163 727 S.
180 662 417 744 Augustinus:
451 663 626 725 “Vivebat
643 663 745 725 homo
762 663 795 724 in
813 661 969 743 paradiso
985 659 1075 721 sicut
1089 656 1218 731 volebat

126 766 286 848 quamdiu
302 765 366 827 hoc
382 764 524 842 volebat,
547 767 636 846 quod
656 766 749 828 Deus
762 764 907 846 jusserat
926 786 933 826 ι
967 761 1106 825 vivebat
1122 758 1218 822 fruens

127 870 211 945 De0,
223 889 265 931 ex
278 889 344 950 quo
358 867 459 930 homo
472 877 544 930 erat
554 868 661 931 bonus
677 891 683 931 :
706 868 840 931 vivebat
850 866 922 929 sine
934 864 1001 928 ulla
1012 873 1172 946 egestate,
1183 863 1218 925 ita

125 992 256 1052 semper
267 971 377 1032 vivere
390 971 516 1033 habens
527 972 559 1033 in
571 980 747 1053 potestate.
772 971 874 1036 Cibus
887 968 1012 1044 aderat,
1025 988 1071 1031 ne
1082 967 1219 1042 esuriret

125 1083 233 1156 potus,
251 1093 292 1135 ne
308 1075 432 1151 sitiret3
467 1073 594 1154 lignum
611 1075 698 1150 vitae,
714 1095 755 1137 ne
769 1074 861 1136 illum
878 1062 1013 1136 senetta
1025 1069 1219 1134 dissolveret

125 1177 216 1240 Nihil
234 1176 456 1258 corruptionis
473 1177 506 1238 in
524 1197 671 1259 corpore,
681 1178 734 1240 vel
751 1198 794 1240 ex
807 1197 945 1259 corpore
961 1174 1048 1238 ullas
1061 1174 1221 1238 molestias

124 1279 198 1342 ullis
222 1279 293 1360 ejus
317 1279 468 1341 sensibus
492 1280 671 1361 ingerebat.
719 1280 839 1343 Nullus
861 1279 1060 1341 intrinsecus
1086 1278 1221 1355 morbus,
1256 1364 1258 1369 Ι

124 1384 233 1446 nullus
257 1380 340 1445 ittus
355 1384 567 1470 'metuebatur
590 1384 806 1458 extrinsecus
822 1401 954 1443 summa
970 1381 1002 1442 in
1019 1401 1123 1442 carne
1147 1379 1222 1442 sani·

123 1492 183 1558 tas
201 1483 233 1543 in
261 1483 373 1543 anima
396 1491 468 1545 tota
491 1481 724 1564 tranquillitas.
772 1480 866 1545 Sicut
894 1481 927 1542 in
945 1479 1105 1562 paradiso
1123 1478 1222 1542 nullus

123 1595 224 1648 aestus
247 1595 304 1647 aut
321 1584 434 1666 frigus,
447 1585 493 1649 ita
517 1587 549 1646 in
573 1585 645 1666 ejus
668 1584 857 1647 habitatore
873 1583 965 1647 nulla
981 1604 1026 1646 ex
1044 1584 1223 1666 cupiditate

121 1689 174 1751 vel
199 1690 317 1751 timore
342 1689 523 1768 accedebat
539 1690 636 1752 bonae
652 1689 833 1766 voluntatis
849 1687 1000 1753 offensio.
1048 1688 1144 1750 Nihil
1162 1708 1222 1750 om-

124 1793 205 1853 nino
221 1792 325 1866 triste,
342 1791 423 1852 nihil
440 1801 511 1854 erat
526 1792 669 1855 inaniter
687 1791 800 1854 laetum
810 1812 818 1870 ;
841 1791 1000 1872 gaudium
1016 1811 1098 1854 vero
1115 1807 1222 1874 perpe·

122 1896 278 1958 tuabatur
302 1917 345 1957 ex
364 1897 446 1972 De0,
463 1898 496 1957 in
521 1917 620 1978 quem
645 1896 808 1977 flagrabat
830 1895 953 1958 caritas
974 1895 1013 1957 de
1033 1896 1130 1958 corde
1137 1907 1222 1976 puro,

120 2009 152 2061 et
171 1983 361 2061 corrscieutid
388 1998 477 2075 baud,
499 2008 531 2062 et
543 2000 616 2081 fide
635 2021 696 2063 uon
711 1997 815 2081 fimi
844 2008 944 2080 atque
970 1998 1057 2061 inter
1084 2020 1121 2062 se
1151 2019 1221 2062 con·

118 2102 236 2184 jugum
264 2101 331 2165 fida
359 2122 402 2164 ex
435 2103 578 2165 honesto
609 2123 722 2165 amore
753 2101 904 2180 societaS,
922 2122 1075 2180 ¹concors
1107 2103 1222 2165 mentis

121 2205 333 2286 corporisque
371 2205 500 2286 vigilia,
538 2215 571 2268 et
610 2206 760 2269 mandati
800 2207 870 2269 sine
909 2205 1022 2269 labore
1066 2208 1222 2271 custodia.

123 2309 199 2370 Non
228 2307 391 2371 lassitudo
418 2307 582 2390 fatigabat
609 2311 764 2386 otiosum,
793 2330 859 2373 non
888 2330 1025 2373 somnus
1053 2312 1222 2393 premebat

122 2412 263 2473 invitum
278 2411 293 2437 '’
306 2424 328 2473 ².

167 2559 227 2624 160
291 2560 352 2641 (E)
365 2559 495 2641 Quibus
512 2561 691 2646 privilegiis
708 2563 861 2643 quintum
879 2563 957 2628 addi
975 2572 1096 2647 potest,
1111 2563 1220 2628 videli-

120 2674 173 2726 cet
189 2663 357 2726 doruz'uuru
373 2663 408 2725 iu
425 2664 642 2741 animalium
659 2664 752 2748 cujus
769 2667 897 2729 homini
914 2688 981 2730 non
998 2669 1102 2731 invite
1125 2669 1220 2749 subji-

120 2769 303 2844 ciebantur;
322 2768 413 2830 Deus
427 2768 786 2852 siquidem,postquam
799 2771 970 2850 hominem
981 2772 1220 2848 creavit,dixit:

121 2878 136 2904 “
149 2874 265 2934 Praesit
282 2873 427 2953 piscibus
444 2873 544 2934 maris
561 2884 593 2936 et
606 2874 797 2939 volatilibus
814 2875 898 2952 coeli,
915 2885 949 2938 et
964 2875 1080 2938 bestiis
1096 2876 1219 2939 univer-

120 2997 232 3056 saeque
256 2985 360 3051 terrae,
385 2977 543 3057 omnique
568 2979 674 3059 reptili
699 2983 788 3062 quod
813 2991 967 3043 movetur
989 2981 1022 3043 in
1046 2982 1218 3044 terra...'’³.

121 3079 223 3159 Cujus
247 3081 408 3141 rationem
427 3081 472 3141 sic
487 3081 596 3144 reddit
615 3084 649 3146 S.
672 3084 812 3147 Thomas
830 3086 869 3168 (l,
885 3106 914 3167 q.
931 3087 982 3164 96,
998 3106 1025 3148 a
1043 3081 1079 3172 Ι)
1099 3106 1106 3149 :
1131 3086 1219 3149 dece-

27 3221 30 3226 ·
120 3183 177 3244 bat
202 3182 364 3262 siquidem
390 3193 436 3257 ut,
453 3185 612 3263 quamdiu
638 3186 740 3249 homo
758 3189 832 3250 Deo
855 3189 1071 3265 subdebatur,
1087 3209 1127 3252 ea
1150 3211 1219 3272 quae

120 3285 315 3347 naturaliter
338 3285 464 3347 homini
489 3298 566 3352 sunt
590 3289 755 3365 inferiora,
780 3291 842 3372 ipsi
878 3291 1058 3354 obedirent.
1118 3291 1219 3374 Atqui

120 3388 277 3449 animalia
294 3389 489 3450 naturaliter
505 3400 582 3452 sunt
598 3391 725 3453 homini
743 3392 912 3475 subjetta:
940 3393 991 3477 (a)
1007 3415 1086 3456 nam
1104 3395 1218 3478 imper·

119 3490 255 3554 sedtiora
272 3493 394 3554 cedunt
412 3492 443 3553 in
462 3513 557 3554 usum
576 3491 818 3574 persedtorum:
851 3519 879 3561 v.
897 3518 926 3578 g.
943 3497 1069 3579 plantae
1086 3508 1218 3562 utuntur

119 3599 205 3658 terra
222 3597 328 3657 adsui
346 3597 592 3669 nutrimentum,
609 3599 766 3661 animalia
782 3621 860 3662 vero
874 3600 1006 3682 plantis,
1022 3610 1055 3663 et
1068 3601 1218 3666 homines

119 3700 240 3781 plantis
266 3709 299 3761 et
316 3699 533 3777 animalibus;
557 3700 607 3782 (b)
625 3702 758 3784 insuper
774 3705 857 3767 ordo
874 3704 1097 3790 Providentiae
1113 3716 1164 3770 est
1186 3714 1219 3769 ut

118 3804 270 3866 inferiora
287 3825 345 3885 per
362 3805 531 3886 superiora
543 3806 720 3886 gubernet;
744 3808 841 3885 unde,
854 3828 930 3870 cum
946 3808 1048 3870 homo
1064 3808 1109 3872 sit
1124 3829 1218 3892 supra

118 4044 141 4081 c.
151 4047 189 4095 10,
201 4029 297 4097 Origin
308 4030 339 4083 os
351 4027 434 4092 Mam
452 4028 550 4094 leer'n,
560 4028 702 4082 Christian
717 4028 932 4096 anthropology,
942 4044 968 4080 n.
981 4027 1030 4094 138
1044 4044 1101 4098 sq.;
1112 4027 1214 4097 Lr'r'ken,

117 4115 280 4168 Traditions
291 4116 326 4168 de
340 4117 514 4170 l’Humanite
529 4127 546 4170 t.
563 4118 583 4183 l,
599 4134 625 4184 p.
642 4132 749 4185 94-111.

146 4208 157 4238 1
170 4203 266 4272 Ouzd,
279 4205 399 4258 Metam.
432 4246 439 4274 ,
452 4205 495 4276 89.
511 4236 545 4243 -
557 4209 567 4232 ²
577 4205 624 4258 De
637 4204 719 4257 Civit.
733 4204 798 4271 Dei,
809 4204 856 4256 lib.
869 4205 948 4271 XIV,
961 4221 984 4259 c.
1000 4207 1042 4260 26.

133 4294 223 4348 ³Guu.
243 4292 267 4367 Ι,
286 4295 386 4369 26-28;
408 4297 443 4354 ci.
462 4296 554 4351 Eccli.
567 4294 670 4361 Xlill,
683 4308 708 4359 q.

440 4558 699 4587 ,ω’
