2684 4634
133 185 209 235 ors
227 178 371 236 vanno
388 172 644 236 lucanus-ro
662 183 713 232 er
732 182 1040 233 REDEMPTORE.
1083 183 1152 234 409

43 373 179 421 nostrum
193 366 296 438 Jesum
308 364 470 432 Christum,
482 381 584 422 verum
599 363 703 421 'Deum
723 371 867 430 nostrum,
879 379 973 419 unum
987 361 1025 419 de
1040 361 1150 426 sandi,

44 452 72 507 et
83 451 332 510 consubstantiali
351 461 381 510 et
399 451 466 509 vitae
484 449 629 520 originem
648 447 800 521 praebente
813 448 967 519 Trinitate,
984 448 1149 520 perrectum

44 535 73 592 in
95 536 216 607 deitate,
240 546 270 595 et
291 536 455 609 perlectum
476 536 616 595 eumdem
640 536 669 592 in
692 534 886 604 humanitate,
909 536 1007 593 Deum
1029 553 1098 592 vere
1118 547 1146 592 et

44 621 200 682 bominem
213 642 290 692 vere,
303 625 443 682 eumdem
464 643 499 682 ex
516 623 617 680 animai
629 623 764 681 rationali
777 633 806 680 et
819 640 955 694 corpore;
971 623 1149 680 consubstan-

45 710 143 768 tialem
156 708 250 769 Patri
259 710 410 770 smundum
423 710 564 782 deitatem,
579 719 608 768 et
617 711 883 769 consubstantialem
903 711 982 767 nobis
999 710 1150 767 secundum

43 799 278 868 burrianitatem,
296 819 348 872 per
366 801 468 857 omnia
484 799 610 857 similem
629 798 716 856 nobis
728 797 843 870 absque
864 809 999 870 peccat03
1018 810 1086 856 ante
1099 816 1149 854 sae·

45 886 112 942 cula
120 886 243 958 quidem
255 906 289 947 ex
301 889 386 945 Patre
396 887 530 959 genitum
541 886 706 944 secundum
718 886 869 955 deitatem,
880 886 909 942 in
921 886 1031 943 ultimis
1044 884 1149 943 diebus

10 1048 12 1053 Ι
44 985 146 1032 autem
161 975 301 1033 eumdem
315 985 436 1048 propter
448 992 503 1032 nos
521 983 550 1031 et
569 982 690 1046 propter
707 983 836 1031 nostram
850 973 975 1030 salntem
988 973 1027 1030 de
1039 972 1148 1043 Spiritu

10 1064 12 1069 '
44 1061 150 1119 sancio
164 1072 194 1120 et
207 1062 303 1120 Mariti
316 1062 439 1134 Virgine
446 1060 566 1133 proprie
585 1067 613 1116 et
629 1059 769 1117 ueraciter
779 1060 841 1116 Dei
853 1059 989 1130 genitrice
1000 1061 1149 1114 secundum

43 1147 257 1205 burnanitetem
267 1172 280 1217 ,·
301 1168 390 1207 rentem
406 1148 585 1218 eumdemque
604 1145 752 1204 Christum
770 1146 879 1203 Filium
894 1145 956 1202 Dei
971 1145 1149 1217 unigenitum

43 1233 72 1290 in
83 1235 202 1291 duabus
213 1235 329 1292 naturis
340 1235 491 1307 inconfuse,
501 1232 759 1298 inconvertibiliter,
774 1229 1013 1304 inseparabiliter,
1029 1231 1151 1289 indiuisa

41 1310 261 1392 cognoscendum
277 1340 418 1394 nusquam
437 1322 578 1380 exste'ng
596 1322 704 1376 lrarnm
722 1327 897 1377 naturarum
911 1319 1073 1391 eliffmulib
1081 1328 1149 1390 pro-

35 1413 110 1478 pter
124 1398 290 1477 unitionem,
301 1409 471 1480 salvatbqnc
488 1409 581 1480 magis
591 1408 771 1480 proprietate
788 1408 937 1479 utriusque
952 1415 1067 1464 natura
1078 1414 1106 1463 et
1117 1406 1149 1463 in

41 1512 138 1550 unam
150 1503 314 1566 personam,
328 1502 357 1552 et
373 1495 405 1552 in
421 1514 510 1553 unam
528 1495 738 1553 subsistentiam
756 1502 942 1564 concelerante,
956 1512 1012 1550 nan
1031 1493 1151 1550 induas

35 1590 184 1652 personas
190 1583 337 1654 partitum
350 1583 397 1642 vel
410 1571 547 1652 divisum,
560 1583 613 1641 sed
632 1600 725 1639 unum
744 1581 945 1652 eumdemque
963 1580 1148 1651 unigenitum

41 1668 168 1738 Filium,
189 1669 288 1728 Deum
306 1669 448 1741 Verbum,
469 1670 633 1726 Dominum
652 1669 755 1743 Jesum
775 1668 946 1738 Christum;
967 1668 1048 1738 iuxta
1066 1666 1149 1737 quod

40 1754 120 1811 olim
133 1754 289 1826 prophetae
301 1756 341 1814 de
352 1773 389 1814 eo
402 1765 431 1815 et
444 1757 508 1829 ipse
526 1774 581 1814 nos
601 1756 749 1813 Dominus
762 1756 848 1828 Jesus
868 1755 1002 1814 Christus
1015 1752 1149 1821 erudivit,

41 1851 73 1898 et
87 1841 270 1900 Sanctorum
284 1844 403 1902 Petrum
417 1842 504 1902 nobis
523 1843 644 1901 tradidit
661 1841 828 1914 symbolum
841 1861 849 1912 ;
868 1852 897 1900 et
915 1841 988 1898 eluas
1002 1840 1151 1897 naturales

41 1928 210 1985 uoluntates
221 1929 252 1986 in
265 1948 303 1999 eo,
315 1937 344 1986 el
359 1931 433 1987 duas
450 1931 600 1987 naturales
616 1930 792 2002 operationes
810 1929 939 1999 indivise,
955 1927 1149 1985 inconvertibi-

42 2014 131 2093 liter,
141 2014 380 2088 inseparabiliter,
402 2017 562 2089 inconfuse,·
579 2016 745 2076 secundum
765 2015 940 2073 Sandorum
960 2016 1079 2071 Patrum
1098 2013 1150 2071 do·

42 2101 186 2172 etrinam,
209 2102 334 2174 adaeque
356 2103 571 2176 praedicamus;
595 2113 625 2162 et
648 2103 723 2159 duas
747 2102 895 2159 naturales
915 2102 1074 2159 voluntates
1093 2118 1148 2156 nore

43 2187 221 2259 contrarias,
231 2189 317 2256 absit,
331 2190 414 2262 juxta
427 2191 510 2262 quod
523 2190 606 2263 impii
620 2198 806 2248 asseruerunt
819 2188 958 2254 haeretici,
973 2187 1025 2246 sed
1038 2205 1149 2258 sequen-

45 2282 103 2330 tem
117 2275 179 2346 ejus
189 2274 348 2334 humanam
361 2277 545 2346 voluntatem,
558 2288 587 2336 et
606 2294 667 2335 non
686 2277 870 2335 resistentem
885 2276 930 2333 vel
943 2274 1146 2343 reluctantem,

45 2361 103 2420 sed
116 2361 217 2433 potius
230 2371 259 2421 et
271 2363 422 2435 subjectam
434 2363 544 2421 debina
555 2364 616 2436 ejus
628 2370 712 2436 atque
723 2363 911 2435 oninipotenti
920 2361 1071 2420 voluntati.

84 2514 124 2567 19·
172 2497 347 2569 Oportebat.
363 2498 443 2557 enim
472 2498 568 2556 carnis
592 2499 775 2557 voluntatem
802 2499 921 2571 moveri,
949 2498 1055 2570 subjici
1079 2517 1148 2557 vero

46 2581 194 2640 voluntati
216 2584 333 2651 divinae,
353 2586 435 2656 iuxta
456 2585 704 2657 sapientissimum
725 2586 929 2643 Athanasium.
970 2587 1051 2643 Sicut
1069 2586 1148 2643 enim

46 2669 113 2740 ejus
125 2686 205 2741 caro,
220 2688 289 2728 caro
304 2671 359 2730 Dei
373 2668 464 2730 Verbi
478 2672 585 2730 dicitur
604 2682 633 2730 et
652 2682 706 2741 est,
718 2672 759 2729 ita
776 2681 805 2730 et
824 2672 964 2733 naturalis
976 2673 1071 2729 carnis
1085 2674 1148 2743 ejus

46 2755 187 2813 voluntas
205 2757 323 2829 propria
343 2758 399 2816 Dei
419 2757 510 2816 Verbi
525 2758 638 2818 dicitur
657 2769 686 2817 et
704 2770 757 2828 est,
776 2760 852 2817 sicut
871 2759 935 2831 ipse
952 2760 1011 2817 ait:
1041 2758 1148 2830 “Quia

46 2840 193 2901 descendi
204 2843 338 2914 decoe10,
348 2863 409 2902 non
421 2855 453 2902 ut
462 2845 754 2902 sacianr'oolnntatem
768 2865 866 2916 nicaen,
876 2846 927 2902 sed
931 2847 1000 2917 ejus,
1010 2845 1063 2917 qni
1070 2845 1151 2901 recisit

47 2947 100 2999 me,
118 2929 224 2987 Patris
236 2931 260 3002 ¹³,
280 2949 364 2990 suam
383 2932 533 3005 propriam
553 2933 656 2991 dicens
675 2934 870 3003 voluntatem,
888 2951 956 3004 quae
974 2943 1034 2990 erat
1052 2932 1148 2990 carnis

46 3013 122 3091 ejus.
150 3010 242 3091 ¹Nam
261 3024 291 3073 et
308 3034 377 3074 caro
396 3017 514 3089 propria
533 3018 596 3089 ejus
610 3017 687 3074 sabia
700 3026 751 3074 est.
790 3016 1055 3088 Quemadmodum
1067 3017 1146 3074 enirn

48 3098 235 3156 sanbiissima
253 3109 343 3172 atque
362 3101 551 3160 immaculata
563 3102 693 3177 animata
706 3105 770 3173 ejus
783 3120 851 3159 caro
864 3101 1008 3173 deificata,
1025 3121 1085 3160 non
1104 3114 1155 3160 est'

49 3195 214 3258 perempta,
237 3186 340 3246 sedin
363 3188 484 3261 proprio
505 3190 548 3246 sui
571 3198 647 3246 statu
669 3199 698 3247 et
723 3189 836 3247 ratione
855 3190 1034 3260 permansit:
1058 3190 1097 3246 ita
1119 3201 1148 3248 et

48 3269 181 3329 humana
190 3273 254 3343 ejus
267 3273 402 3332 voluntas
415 3274 561 3345 deificata,
572 3294 632 3332 non
646 3285 690 3334 est
703 3285 865 3348 perempta,
878 3276 987 3332 salvata
997 3286 1041 3332 est
1051 3286 1148 3333 autern

50 3359 153 3431 magis,
165 3362 330 3420 secundum
350 3363 519 3434 deiloquum
540 3364 725 3435 Gregorium,
748 3364 922 3421 dicentem:
943 3364 1051 3420 “Nam
1071 3365 1147 3420 illius

50 3447 116 3504 uelle
128 3447 212 3520 quod
224 3449 254 3506 in
268 3449 418 3509 salvatore
431 3450 612 3522 intelligitur,
622 3469 683 3508 non
697 3463 740 3508 est
754 3451 933 3508 contrarium
950 3451 1024 3519 Deo,
1037 3452 1146 3522 deifica-

50 3539 109 3591 tum
123 3541 213 3592 totum
224 3536 251 3593 ''.‘

82 3689 123 3753 ao.
162 3673 251 3729 Duas
274 3690 339 3730 uero
362 3673 512 3731 naturales
535 3672 709 3744 operationes
733 3673 862 3741 indivise,
887 3674 1146 3746 inconvertibiliter,

50 3758 200 3831 inconfuse,
223 3760 452 3832 inseparabiliter
475 3760 506 3818 in
529 3760 620 3817 coelem
647 3761 778 3818 Domino
801 3771 902 3818 nostro
923 3762 994 3833 Jesu
1017 3762 1143 3834 Christ0,

51 3863 118 3903 vero
145 3846 212 3904 Deo
237 3856 347 3917 nostro,
374 3847 582 3918 glorificamus,
604 3847 661 3903 hoc
682 3857 725 3904 est
748 3847 878 3904 diuinam
901 3849 1098 3920 operationem,
1122 3858 1150 3906 et

50 3928 209 3987 humanam
220 3931 420 4002 operationem,
435 3931 600 3988 secundum
620 3931 753 3989 divinum
768 3931 991 4002 praedicatorem
1006 3933 1147 3996 Leonem,

48 4016 233 4090 apertissime
251 4027 449 4076 asserentem:
473 4018 570 4089 “Agit
589 4017 668 4074 enim
689 4028 812 4088 utraque
831 4018 924 4074 forma
943 4037 1010 4074 cum
1029 4020 1147 4076 alterius

48 4103 262 4181 communione
274 4104 357 4175 quod
370 4105 498 4178 primum
512 4114 564 4174 est,
586 4104 677 4174 Verbo,
691 4104 810 4173 scilicet,
826 4106 959 4175 operanti
968 4106 1051 4176 quod
1067 4107 1151 4163 Verbi

47 4203 102 4264 est,
116 4201 245 4253 etcarne
254 4197 417 4263 exsequente
435 4191 518 4263 quod
537 4191 634 4247 earnis
646 4191 723 4248 est''.
764 4191 828 4248 Nec
847 4191 927 4248 enim
946 4192 975 4247 in
995 4210 1146 4263 quoquam

46 4297 141 4339 unam
153 4278 293 4340 dabimus
307 4278 470 4344 naturalem
488 4278 691 4349 operationem
713 4277 770 4334 Dei
790 4286 819 4335 et
838 4289 986 4347 creaturae,
1005 4289 1037 4336 ut
1051 4296 1148 4351 neque
