2684 4634
390 177 446 227 DE

464 175 649 228 OPIFICIO
671 175 832 226 MUNDI.

89 373 130 425 33.
172 357 249 414 Haec
262 355 423 414 concordia
436 353 478 413 sic
491 356 706 428 compendiose
720 354 850 414 exhiberi
866 362 964 425 potest
977 373 984 411 τ

89 501 113 536 r.
126 481 142 536 Ι
146 499 164 536 n
174 480 322 552 principio
332 498 409 537 crea-

54 569 95 624 vit
124 569 211 625 Deus
242 568 350 624 coelum
382 576 410 624 et

54 667 174 713 terram.

87 954 114 990 2.
128 934 223 991 Terra
236 942 335 990 autem
349 940 410 988 erat

55 1022 153 1078 inanis
167 1030 197 1079 et
210 1037 311 1089 vacua,
328 1028 357 1076 et
370 1028 410 1077 te-

56 1108 157 1168 nebrae
171 1116 254 1166 erant
271 1105 385 1178 superi
401 1139 410 1148 -

55 1198 133 1257 ciem
146 1195 255 1267 abyssi.

45 1312 47 1314 ’
84 1321 145 1375 3-5.
187 1301 293 1358 Prima
317 1301 377 1357 dies
400 1323 411 1358 .·

60 1390 231 1463 “Dixitque
247 1391 346 1448 Deus:
360 1389 410 1446 liat

55 1479 103 1534 lux
114 1478 167 1535 ”..

496 480 568 536 Huc
587 479 715 552 pertinet
734 478 844 535 creatio
858 475 986 533 materire
1000 475 1161 542 nebulosae,

460 576 489 623 et
508 577 654 625 astrorum
674 566 823 632 sonnati0,
846 573 932 636 prout
952 563 1127 621 describitur
1146 580 1163 620 a

460 653 593 726 Duplam,
609 654 734 724 aliisque
753 650 947 710 astronomis:
969 651 1010 708 sic
1023 651 1101 708 enim
1116 670 1162 709 αε-

460 741 520 796 lum
546 751 575 799 et
600 749 708 798 terram
734 739 810 797 sacta
833 739 921 796 luisse
943 738 1099 797 admittere
1122 737 1163 794 nil

463 827 621 897 prohibet¹.

496 930 584 987 Tunc
609 931 688 988 enim
715 940 788 987 terra
813 938 874 986 erat
899 946 993 1005 massa
1024 928 1161 999 quaedam

462 1017 604 1088 chaotica,
626 1018 655 1074 in
675 1019 735 1089 qua
754 1017 854 1074 omnia
873 1017 1020 1074 elementa
1039 1017 1162 1074 confusa

460 1114 561 1176 erant,
586 1106 667 1162 nulla
691 1115 752 1163 erat
778 1105 835 1175 lux,
861 1104 930 1175 quia
956 1103 1056 1161 deerat
1081 1104 1162 1160 calor

461 1192 617 1250 sufficiens.

495 1303 641 1362 Videlicet
660 1304 714 1359 lux
732 1303 798 1360 solis
816 1301 1007 1360 densissimos
1026 1319 1159 1375 vapores

460 1391 625 1462 quiterram
634 1390 868 1461 circumdabant,
878 1389 1069 1461 perfringens,
1078 1399 1160 1448 terrae

460 1479 646 1551 superficiem
660 1478 780 1549 aliquali
789 1477 920 1535 claritate
932 1476 1085 1545 illuminat,
1093 1478 1160 1536 licet

410 1611 412 1615 .
443 1565 524 1637 ⁴ipsa
535 1565 626 1637 fncz‘es
643 1564 718 1635 solii,
737 1574 858 1637 propter
880 1564 1003 1623 eosdem
1026 1583 1159 1637 vapores,

89 1770 149 1824 6-8.·
189 1765 316 1823 Secunda
329 1764 387 1821 dz'es
401 1784 411 1819 .·

59 1859 74 1908 ‘.‘
84 1855 169 1912 Dixit
178 1870 300 1925 quoque
310 1853 391 1910 Deus
403 1872 409 1907 ε

55 1944 106 2000 fiat
134 1943 355 1999 firmamentum
380 1940 409 1996 in

55 2031 159 2112 medio
196 2046 348 2101 aquarum,
381 2036 425 2084 et¹

55 2120 172 2179 dividat
200 2136 317 2189 ,aquas
371 2116 409 2173 ab

54 2194 196 2280 aquis...’'

91 2342 165 2394 9-13.
209 2320 307 2377 Tertia
327 2319 385 2376 dr'es
399 2340 410 2375 .·

56 2412 171 2469 “Dixit
195 2429 266 2468 vero
294 2410 377 2467 Deus
401 2429 408 2468 :

55 2509 276 2571 congregentur
288 2516 406 2569 aquae...

56 2591 86 2646 in
100 2589 201 2645 locum
211 2594 304 2643 unum
317 2594 347 2642 et
359 2603 408 2656 ap-

55 2686 158 2748 pareat
171 2673 282 2731 arida...
299 2673 337 2730 Et
350 2673 406 2730 a'it:

56 2763 214 2821 Germinet
243 2771 317 2818 terra
346 2759 409 2818 her-

56 2852 127 2910 bam
140 2847 335 2906 virentem...''

459 1652 612 1719 invisibilis
625 1653 805 1710 remanserit.

497 1769 691 1828 Densioribus
717 1769 876 1840 vaporibus
900 1770 960 1838 iarn
991 1768 1029 1826 ad
1053 1779 1158 1825 terram

460 1855 596 1927 delapsis,
613 1874 679 1928 pars
698 1867 797 1913 tamen
816 1873 960 1926 aquarum
981 1855 1010 1911 in
1030 1855 1159 1912 nubibus

460 1960 604 2015 suspensa
623 1944 746 2014 rnansit;
771 1961 843 2014 quas
863 1942 958 2000 nubes
975 1943 1090 2014 antiqui
1105 1943 1159 2013 fir-

460 2030 888 2088 momentumvocabant.—De
896 2029 1027 2102 piscibus
1035 2031 1074 2088 ad
1083 2030 1159 2087 hanc

460 2117 606 2188 epocham
625 2117 842 2190 pertinentibus
857 2116 977 2188 Moyses
991 2128 1076 2189 tacet,
1094 2136 1158 2190 pro-

460 2214 527 2276 pter
538 2205 682 2262 rationem
696 2221 785 2275 supra
798 2197 924 2261 allatam.

496 2322 690 2379 Interioribus
707 2332 790 2380 terrae
810 2322 903 2392 magis
921 2339 956 2378 ac
975 2321 1068 2393 magis
1081 2323 1158 2380 resri-

459 2409 657 2481 gescentibus,
673 2419 772 2468 cortex
791 2409 1154 2482 telluris'contrahebatur,

459 2506 489 2555 et
501 2496 608 2555 exinde
620 2497 698 2554 saeta
710 2506 755 2554 est
769 2497 894 2569 partium
909 2496 1086 2554 debiliorum
1096 2517 1158 2556 cor·

459 2583 524 2641 ticis
537 2584 634 2650 elatio,
648 2594 677 2643 et
687 2593 850 2642 ceterarum
859 2583 979 2641 relativa
989 2583 1157 2656 depressio:

459 2671 529 2728 hinc
542 2671 725 2729 continentia
738 2689 755 2728 e
767 2671 833 2728 sinu
847 2688 988 2742 aquarum
1009 2689 1158 2743 emergere

459 2768 622 2830 coeperunt,
645 2776 730 2830 aquae
750 2776 819 2817 vero
839 2758 868 2814 in
888 2759 1042 2830 depressas
1062 2770 1159 2830 partes

459 2846 592 2905 diffluere
599 2867 607 2918 ;
622 2845 691 2905 inde
702 2847 779 2904 sacta
792 2856 835 2904 est
848 2845 1001 2904 distinotio
1012 2847 1087 2904 inter
1099 2867 1159 2905 ma·

460 2935 501 2992 ria
515 2945 543 2992 et
556 2946 671 2994 terram.
706 2935 817 2993 Eterra
827 2943 927 2992 autern
937 2946 1158 2993 exsurrexerunt

385 3082 389 3090 ,
460 3024 569 3094 plantae
586 3022 712 3094 primum
726 3023 862 3093 humiles
878 3021 988 3082 deinde
1001 3023 1155 3096 giganteae,

88 3510 181 3564 14-19.
206 3488 409 3562 Quartudies:

59 3579 172 3636 “Dixit
188 3586 288 3634 autern
302 3575 407 3635 Deus:
440 3616 443 3621 -

56 3669 127 3725 fiant
140 3664 303 3722 luminaria
315 3663 344 3720 in
362 3663 413 3724 fir.

54 3761 210 3812 mamento
222 3748 332 3808 coeli...'’

458 3128 494 3168 ex
507 3110 615 3182 quibus
628 3110 789 3167 efformatae
808 3119 876 3167 sunt
894 3109 1058 3168 carbonum
1072 3119 1157 3169 terre-

458 3199 562 3256 strium
573 3199 708 3269 ingentes
718 3216 829 3255 massae.
838 3231 872 3239 -
883 3197 1047 3271 Pisces,qui
1059 3200 1088 3255 in
1099 3219 1157 3257 ma-

458 3285 539 3343 ribus
552 3297 624 3343 tunc
633 3285 807 3354 existebant,
814 3286 853 3343 ab
866 3286 987 3344 auctore
1001 3305 1083 3344 sacro
1097 3306 1157 3345 non

458 3382 737 3431 commemorantur.
818 3407 820 3410 <
866 3407 867 3410 =

496 3488 707 3560 Progrediente
738 3488 849 3546 telluris
874 3488 1100 3560 refrigeratione,
1129 3502 1158 3550 et

460 3577 587 3635 maxima
595 3576 732 3634 carbonis
743 3578 906 3648 quantitate
915 3595 967 3649 per
975 3577 1090 3648 plantas
1096 3578 1155 3648 jam

459 3663 1157 3737 absorptb,lugatisquevaporibus‚atmosphaera

460 3752 639 3810 translucida
658 3751 735 3809 satta
754 3762 814 3823 est,
833 3762 862 3810 et
881 3751 934 3822 sol,
954 3751 1023 3814 luna
1041 3751 1158 3824 aliaque

363 3887 365 3890 ⁴
459 3847 535 3895 astra
556 3836 677 3894 tandem
700 3846 919 3908 apparuerunt:
942 3835 1087 3894 hactenus
1106 3837 1157 3894 tel·

459 3924 529 3983 luris
542 3933 631 3982 strata
637 3923 797 3996 primaria.
811 3938 812 3941 ’

87 4117 155 4172 1Cs.
172 4096 286 4182 Satollz',
300 4131 344 4184 op
360 4113 405 4168 cit.
422 4113 493 4184 disp,
513 4115 567 4181 III,
582 4112 644 4167 lect.
662 4114 696 4178 6;
715 4112 843 4183 Laplaca
859 4112 1026 4182 Expositiou
1045 4113 1082 4166 du
1099 4131 1156 4181 sys-

53 4206 127 4260 teme
140 4204 180 4259 du
195 4200 313 4279 Monde,
328 4201 381 4254 vol.
397 4218 420 4269 2,
434 4202 450 4255 1.

53 4281 83 4348 of
92 4289 278 4360 Astronomy,
294 4306 321 4360 p.
338 4307 361 4358 2,
375 4306 399 4344 c.
415 4304 440 4358 9.

466 4202 516 4269 VI,
531 4218 552 4254 c.
568 4202 602 4264 6;
622 4200 658 4253 A.
673 4201 715 4254 M.
735 4198 846 4266 Clarke,
860 4198 887 4252 A
906 4201 1025 4269 popular
1039 4199 1157 4270 History
