2684 4634
274 185 330 235 DE
348 186 568 236 MYSTERIO
586 186 940 236 lucanrtffloms.
1091 184 1158 235 507

49 377 176 433 semper
188 361 278 420 habet
289 364 414 435 gratiam
426 363 577 422 efficacem
590 376 723 422 remanet
735 365 858 436 quidem
869 364 951 434 liber,
962 381 1055 435 quum
1065 361 1158 433 gratia

51 445 223 506 libertatem
237 450 359 508 minime
371 449 511 520 destruat,
528 462 559 508 ut
572 451 687 508 dicetur
700 451 730 507 in
747 451 796 508 Tr.
809 452 844 506 de
860 451 979 518 Gratill,
992 451 1044 507 sed
1058 460 1158 506 tamen

53 551 117 591 non
140 544 253 607 peccat,
275 554 327 594 seu
348 536 438 595 habet
459 537 645 609 privilegium
667 538 891 608 impeccantiae3
913 536 962 594 ille
983 548 1092 605 autem,
1111 534 1158 592 cui

52 619 186 679 debetur
198 622 263 678 talis
276 623 367 694 gratia
381 622 492 688 efficax,
508 641 568 679 non
587 624 683 680 solum
697 641 756 679 non
771 634 884 695 peccat,
900 623 953 680 sed
967 640 1023 680 nec
1036 638 1159 694 peccare

53 717 165 779 potest.
212 709 292 780 Ergo
314 709 448 768 Christus
470 710 567 781 potuit
592 728 655 767 esse
682 710 756 768 liber
779 710 866 767 simul
891 720 921 767 et
945 708 1156 781 impeccabilis.

54 794 152 868 Quod
164 796 207 854 sic
219 797 369 856 declarant
381 820 387 855 ι
401 808 560 868 antequam
578 797 713 856 Christus
726 795 872 855 moriendi
886 807 1067 868 praeceptum
1078 813 1160 854 acce·

55 882 158 953 pisset,
174 893 291 954 poterat
309 884 382 941 mori
403 885 449 941 vel
469 902 529 940 non
548 884 641 940 mori:
661 895 779 941 atvero
799 894 980 954 praeceptum
1003 883 1104 952 Patris,
1125 881 1161 937 ab

52 969 213 1026 extn'nseco
224 971 444 1042 superveniens,
457 971 534 1027 hanc
547 970 713 1028 libertatem
728 989 788 1027 non
801 969 931 1037 abstulit,
941 969 994 1027 sed
1005 969 1161 1027 efficaciter

54 1054 122 1124 ejus
140 1055 324 1113 voluntatem
340 1056 432 1114 movit
451 1057 489 1114 ad
507 1056 675 1128 eligendam
695 1066 819 1114 mortem
838 1056 953 1126 crucis3
971 1073 1051 1126 ergo,
1071 1055 1159 1112 etiam

55 1142 215 1213 supposito
231 1143 323 1200 Patris
336 1155 496 1215 praecepto,
509 1143 645 1202 Christus
658 1143 732 1200 liber
745 1144 893 1201 remansit.

93 1227 262 1286 Fatendum
276 1239 321 1286 est
334 1241 433 1287 tamen
447 1230 528 1287 hisce
541 1230 722 1300 argumentis
735 1248 795 1286 non
810 1229 928 1300 penitus
937 1229 1160 1286 tollidifficulta-

56 1325 128 1381 tem,
142 1325 171 1372 et
185 1333 246 1373 rem
259 1333 324 1374 esse
336 1317 475 1389 mysterio
489 1317 616 1388 plenam.
654 1317 682 1373 N
685 1335 720 1373 ec
734 1316 840 1373 mirum
854 1338 860 1373 :
881 1334 948 1372 nam
963 1316 1161 1386 quotiescum·

56 1418 117 1473 que
130 1402 227 1473 agitur
238 1404 277 1461 de
289 1403 477 1460 concilianda
488 1402 622 1461 libertate
632 1403 688 1461 Dei
700 1421 767 1459 cum
782 1404 846 1474 ejus
860 1402 1107 1471 immutabilitate,
1116 1401 1161 1459 vel

57 1486 192 1545 humana
202 1488 336 1548 libertate
349 1508 418 1547 cum
432 1490 617 1561 praescientia
629 1501 658 1547 et
671 1508 825 1558 concursu,
836 1489 1068 1547 imbecillitatem
1081 1489 1161 1559 inge-

57 1571 98 1627 nii
113 1573 205 1630 nostri
218 1591 378 1644 agnoscere
391 1574 550 1645 debemus;
563 1573 762 1631 irrationabile
774 1583 873 1630 autem
888 1583 965 1630 esset
975 1590 1082 1642 negare
1090 1571 1162 1628 veri-

57 1668 140 1729 tates
157 1678 281 1730 quarum
295 1660 450 1718 existentia
463 1670 544 1718 certo
557 1660 678 1717 aliunde
691 1669 815 1728 constat,
832 1661 867 1716 ed
886 1658 949 1716 sola
966 1659 1081 1715 ratione
1093 1657 1162 1730 quia

57 1745 135 1802 inter
147 1763 180 1804 se
192 1747 341 1804 conciliari
355 1758 518 1818 nequeunt.

93 1872 149 1930 155
190 1864 238 1935 (B)
255 1864 328 1920 Cum
341 1865 448 1922 vt'sr'one
459 1864 598 1936 beatificd.

94 1949 262 2007 Difficultas
275 1950 304 2007 in
318 1969 354 2009 eo
368 1951 423 2008 sita
435 1962 479 2009 est
493 1952 575 2022 quod
589 1952 718 2009 fruentes
728 1950 841 2007 visione
852 1949 988 2007 beatifica
998 1951 1163 2008 necessario

59 2037 159 2094 Deum
173 2047 293 2104 ament;
311 2038 394 2108 atqui
408 2037 544 2095 Christus
557 2037 708 2094 fruebatur
720 2037 834 2094 visione
848 2036 1003 2107 beatificlt;
1022 2054 1100 2108 ergo.

92 2123 143 2180 Ad
162 2123 336 2181 solvendam
356 2123 435 2180 hanc
454 2123 667 2190 difficultatem,
689 2123 840 2179 Thomr'stoe
858 2123 992 2179 nonnulli
1011 2123 1162 2195 duplicem

56 2227 192 2268 amorem
211 2209 398 2281 distinguunt
416 2211 445 2267 in
463 2211 591 2279 Christ0,
605 2228 698 2266 unum
716 2209 880 2280 regulatum
898 2211 1011 2267 visione
1027 2209 1164 2268 beatifici

55 2315 91 2355 ac
111 2296 240 2369 proinde
259 2297 466 2365 necessarium,
482 2297 604 2355 alterum
626 2298 790 2369 regulatum
807 2298 931 2356 scientia
949 2297 1045 2355 infusa
1058 2299 1103 2356 vel
1117 2316 1163 2356 ac·

57 2385 169 2458 quisita
180 2403 215 2441 ac
228 2384 354 2456 proinde
367 2384 501 2443 liberum.
543 2385 580 2442 Et
593 2403 694 2443 revera
706 2385 842 2444 Christus
855 2396 916 2443 erat
929 2386 1017 2442 simul
1030 2404 1163 2458 compre·

56 2471 169 2531 hensor
181 2481 210 2528 et
223 2471 316 2528 viator
328 2493 335 2538 ;
354 2481 501 2542 quatenus
514 2473 755 2544 comprehensor,
772 2472 870 2529 Deum
890 2472 1026 2530 intuitive
1044 2473 1164 2530 videbat

10 2580 14 2607 ··
55 2570 85 2618 et
107 2557 230 2615 amabat
252 2558 438 2625 necessario;
463 2570 611 2630 quatenus
636 2560 737 2629 viator,
763 2559 965 2629 cognoscebat
988 2560 1085 2617 Deum
1112 2578 1164 2631 per

11 2702 14 2713 ,
56 2645 214 2703 scientiam
227 2644 354 2702 infusam
368 2655 398 2702 et
410 2645 593 2716 acquisitam,
608 2655 636 2702 et
649 2663 717 2702 eum
732 2645 825 2703 libere
837 2645 988 2716 diligebat.
1028 2645 1163 2702 Salman-

55 2733 174 2789 ricenses
191 2742 291 2788 autem
310 2732 340 2802 (l.
363 2749 388 2788 c.
411 2750 438 2786 n.
459 2735 503 2802 53)
523 2749 584 2788 rem
603 2731 687 2788 aliter
706 2731 873 2802 explicant:
893 2731 1044 2802 duplicem
1063 2731 1162 2787 actum

54 2819 169 2876 amoris
182 2819 211 2875 in
226 2818 346 2876 Christo
358 2817 555 2889 distinguunt,
567 2819 667 2875 adium
681 2837 742 2890 quo
755 2818 855 2875 dilexit
867 2819 965 2874 Deum
980 2818 1057 2874 clare
1068 2818 1161 2874 visum

55 2905 282 2964 consideratum
296 2906 462 2963 secundum
477 2924 517 2972 se,
534 2917 562 2964 et
575 2906 624 2964 ille
637 2905 720 2963 actus
734 2906 916 2962 necessarius
929 2906 982 2962 fuit
989 2926 997 2977 3
1016 2917 1045 2963 et
1063 2906 1163 2962 actum

55 3011 120 3065 quo
133 2992 238 3050 dilexit
253 2992 352 3049 Deum
365 2993 586 3050 consideratum
605 2993 634 3048 in
648 2993 761 3049 ratione
774 2992 869 3049 ultimi
884 2992 951 3049 finis
964 2993 1089 3050 exercite
1103 3011 1163 3050 mo-

56 3080 156 3138 ventis
170 3079 209 3136 ad
223 3089 423 3136 creaturarum
437 3097 577 3149 amorem,
595 3090 624 3137 et
638 3080 687 3136 hic
699 3079 783 3136 adius
797 3079 870 3137 liber
883 3080 949 3151 fuit,
962 3097 1013 3137 seu
1028 3079 1091 3136 aliis
1103 3098 1163 3138 ver-

58 3168 104 3225 bis
124 3166 262 3225 Christus
281 3167 448 3224 necessario
466 3167 567 3224 dilexit
588 3168 686 3225 Deum
707 3166 871 3224 secundum
893 3185 924 3224 se
939 3177 968 3225 et
984 3178 1105 3239 propter
1121 3186 1161 3239 se,

55 3254 153 3312 libere
171 3270 240 3310 eum
257 3252 367 3308 amavit
386 3262 417 3308 ut
437 3262 606 3309 moventem
626 3251 664 3308 ad
684 3251 869 3322 diligendum
889 3262 1042 3309 creaturas.
1088 3252 1164 3324 Quae

55 3340 171 3399 solutio
183 3339 276 3411 magis
290 3337 416 3396 difficilis
430 3338 517 3396 nobis
530 3339 654 3396 videtur.

354 3501 403 3556 11.
429 3499 484 3557 De
509 3489 876 3572 potentiachrlsti1.

97 3638 242 3707 Christus,
257 3649 290 3695 ut
307 3638 356 3695 hic
373 3638 473 3707 hom0,
488 3648 586 3709 potest
605 3638 727 3709 quidem
747 3637 937 3708 omnipotens
955 3636 1022 3704 dici,
1039 3635 1065 3690 vi
1084 3653 1162 3691 com·

55 3725 269 3786 municationis
282 3725 477 3782 idiomatum:
496 3724 549 3781 sed
569 3724 690 3795 insuper
703 3724 828 3794 quaestio
842 3723 917 3780 inter
930 3721 1085 3791 theologos
1105 3721 1162 3792 agi-

57 3825 138 3873 tatur
151 3830 288 3884 quaenam
302 3811 435 3883 potentia
448 3811 565 3881 proprie
578 3810 759 3866 harmanz'tati
769 3809 878 3867 Christi
893 3818 1051 3879 competat.

95 3906 151 3971 156.
193 3914 221 3954 10
228 3899 340 3955 Anima
358 3897 468 3955 Carisa·
482 3916 530 3953 nec
540 3897 644 3952 habuit
655 3915 704 3952 nec
714 3896 814 3951 habere
820 3896 921 3967 potuit
930 3894 1162 3965 omnipotentiam

55 3988 233 4060 simpliciter.
273 3985 360 4055 Nam,
377 4003 412 4042 ex
426 3983 520 4055 diclis,
538 3985 568 4040 in
583 3984 694 4040 unione
707 3981 892 4053 hypostatica
910 3982 978 4038 duae
997 3992 1107 4037 naturae
1120 3980 1162 4035 in·

54 4111 162 4120 ...-—
443 4109 606 4116 ——-
627 4105 972 4113 ——.-.-.—.—-....
1031 4106 1070 4110 -.m
1103 4105 1155 4114 —q

95 4199 103 4222 ¹
118 4192 160 4246 Cf.
175 4193 205 4244 S.
221 4191 315 4244 Thom.
325 4207 350 4259 q.
369 4205 410 4259 13³
429 4190 546 4250 Suarea,
562 4188 633 4254 disp.
648 4186 760 4249 XXX13
780 4185 946 4236 Salmantic.
960 4182 1030 4249 disp.
1045 4183 1161 4244 XXlll;

56 4281 205 4342 l'etavius,
217 4278 234 4330 l.
252 4271 334 4338 Vlll,
350 4294 373 4330 c.
394 4291 437 4339 12,·
456 4276 603 4343 Stenlrap,
618 4275 657 4328 th.
675 4275 721 4339 853
742 4272 885 4339 Billuart,
901 4271 974 4324 diss.
984 4268 1076 4322 xllx.
