2684 4634
193 179 259 244 aaa
396 182 456 242 pu
475 191 555 241 urso
574 188 773 241 unaarum
792 171 844 238 ur
862 184 1104 238 agaunum-

201 309 267 316 .-

193 379 288 429 morte
297 370 496 443 captivitatem
511 370 566 427 sub
580 371 643 441 ejus
657 377 812 440 potestate,
823 366 875 440 qui
889 367 991 424 mortis
999 366 1111 425 deinde
1125 364 1235 422 habuit
1245 362 1295 420 inr-

194 457 317 529 perinm,
330 458 387 516 hoc
406 468 459 525 est,
474 458 595 526 diaboli,
609 465 752 528 totumque
766 457 871 526 Adam,
885 455 1032 527 perillam
1046 452 1295 526 praevaricationis

194 545 343 616 offensam,
367 547 532 604 secundum
551 553 651 616 corpus
670 555 698 603 et
716 544 847 600 animam
876 543 906 599 in
931 541 1054 598 detcn‘us
1076 550 1294 598 commutatum

195 633 283 692 fuisse
299 656 305 692 :
324 634 482 691 anathema
496 634 541 690 sit.

228 764 251 815 4.
295 744 367 801 Can.
383 765 408 801 2.
449 745 477 802 Si
496 745 563 816 quis
582 744 658 801 Adae
678 743 949 814 praevaricationem
962 739 1018 797 sibi
1031 739 1094 808 soli,
1112 748 1142 797 et
1162 755 1220 795 non
1239 738 1294 810 qus

189 832 354 902 propagini,
362 833 464 890 asserit
477 831 622 902 nocuisse,
640 842 668 889 et
681 841 836 903 acceptam
849 849 867 887 a
882 832 948 895 Deo
961 827 1162 897 sandtitatem,
1175 837 1204 885 et
1217 827 1292 897 justi-

195 917 275 985 tiam,
290 935 379 989 quam
393 917 531 991 perdidit,
546 918 601 975 sibi
621 918 683 989 soli,
701 928 730 975 et
749 936 809 975 non
829 917 908 974 nobis
927 917 1016 974 etiam
1035 933 1105 972 eum
1119 913 1293 986 perdidisse3

194 1015 245 1062 aut
256 1005 443 1076 inquinatum
454 1006 536 1063 illum
548 1023 599 1077 per
609 1005 820 1064 inobedientiae
832 1014 997 1077 peccatum,
1011 1012 1139 1060 mortem
1154 1012 1183 1060 et
1192 1018 1291 1073 poenas

195 1092 327 1163 corporis
341 1103 454 1150 tantum
469 1091 499 1149 in
512 1111 602 1150 omne
614 1111 708 1163 genus
726 1093 890 1157 humanum
904 1090 1105 1162 transfudisse,
1121 1108 1184 1147 non
1198 1103 1291 1147 autem

195 1187 379 1251 etpeccatum,
393 1181 476 1252 quod
486 1200 561 1239 triers
573 1188 615 1239 cst
626 1182 750 1237 anima:
763 1183 799 1237 A.
813 1181 840 1238 S.
854 1204 859 1239 :
873 1199 943 1238 cum
956 1178 1142 1238 contradicat
1151 1177 1292 1250 Apostolo

195 1266 328 1324 dicenti:
348 1269 432 1326 “Per
445 1286 537 1324 unum
557 1269 710 1327 hominem
730 1278 886 1339 peccatum
907 1266 1024 1324 intravit
1044 1266 1073 1322 in
1095 1265 1252 1335 mundum,
1266 1274 1292 1320 et

196 1371 247 1423 per
260 1364 414 1424 peccatum
428 1374 506 1413 mors
514 1375 522 1427 ;
550 1366 578 1413 et
598 1357 637 1414 ita
657 1356 686 1412 in
706 1374 811 1413 omnes
825 1355 961 1413 homines
977 1371 1057 1412 mors
1071 1351 1249 1425 pertransiit,
1264 1351 1291 1406 in

195 1457 249 1510 qua
260 1458 354 1498 onmes
360 1441 582 1513 peccaverunt''.

226 1562 252 1618 5.
291 1554 362 1611 Can.
372 1576 400 1627 3.
432 1556 468 1613 ·Si
481 1556 547 1627 quis
561 1556 619 1612 hoc
632 1555 708 1612 Adae
722 1564 885 1626 peccatum,
903 1535 987 1627 quod
1000 1554 1116 1626 origine
1129 1572 1224 1611 unum
1243 1561 1290 1621 est,

195 1648 224 1695 et
230 1644 447 1714 propagatione,
465 1662 526 1701 non
540 1642 712 1712 imitatione,
729 1643 909 1699 transfusum
928 1641 1074 1712 omnibus,
1092 1641 1170 1699 inest
1190 1639 1292 1697 unt'rui-

195 1741 247 1792 que
253 1728 418 1802 propriam,
431 1730 478 1788 vel
492 1729 691 1801 perhumanae
705 1739 817 1785 naturae
828 1727 909 1797 vires,
923 1728 969 1786 vel
980 1746 1032 1807 per
1041 1728 1122 1806 aliud
1131 1727 1292 1785 remedium

195 1817 296 1874 asserit
308 1819 382 1890 tolli,
395 1837 485 1890 quam
492 1827 548 1890 per
559 1819 692 1876 meritum
707 1818 793 1876 unius
802 1818 973 1876 mediatoris
988 1817 1112 1875 Domini
1124 1817 1217 1874 nostri
1228 1816 1292 1888 Jesu

196 1899 314 1973 Christi,
330 1903 380 1973 qui
395 1921 449 1961 nos
469 1903 533 1960 Deo
544 1902 745 1960 reconciliavit
758 1903 788 1959 in
802 1901 945 1974 sanguine
956 1920 1019 1971 suo,
1033 1900 1129 1958 faetus
1149 1899 1236 1958 nohis
1253 1900 1292 1970 ju-

196 1987 281 2056 stitia,
295 1990 499 2061 sanctificatio
512 2000 542 2047 et
557 1990 739 2062 redempti03
758 2000 808 2047 aut
823 2000 910 2062 negat
921 1990 1017 2061 ipsum
1031 1988 1140 2048 Christi
1152 1989 1224 2062 Jesu
1239 2005 1293 2044 me·

195 2074 282 2131 ritum
297 2093 350 2146 per
364 2077 508 2148 Baptismi
523 2077 748 2134 Sacramentum
764 2076 793 2132 in
807 2076 901 2134 forma
915 2075 1056 2154 Ecclesiae
1067 2075 1127 2133 >rite
1146 2075 1293 2141 collatum,

196 2170 256 2218 tam
274 2163 382 2221 adultis
401 2183 491 2237 quam
513 2163 639 2236 parvulis
659 2163 813 2234 applicari,
834 2165 869 2218 A.
882 2163 909 2219 S.
927 2183 932 2219 :
962 2162 1032 2234 quia
1045 2164 1133 2218 “non
1154 2171 1199 2218 est
1218 2159 1294 2217 aliud

196 2261 306 2302 nomen
315 2247 370 2303 sub
384 2241 461 2305 coelo
471 2248 573 2305 datum
583 2245 766 2316 hominibus,
781 2245 810 2301 in
820 2264 880 2316 quo
891 2255 1027 2316 oporteat
1038 2262 1092 2302 nos
1101 2244 1198 2301 salvos
1210 2242 1292 2300 fieri'’.

196 2333 288 2391 Unde
301 2333 349 2392 illa
362 2355 418 2394 vox
432 2360 437 2394 :
457 2338 565 2394 “Ecce
576 2336 680 2406 Agnus
700 2335 766 2400 Dei,
783 2333 916 2404 eccequi
931 2333 1006 2390 tollit
1019 2341 1143 2404 peccata
1156 2331 1261 2388 mundi
1272 2330 1293 2386 ''.

197 2421 236 2477 Et
249 2422 297 2479 illa
313 2444 318 2480 :
342 2424 557 2497 “Quicumque
571 2423 708 2495 baptizati
723 2422 801 2491 estis,
815 2421 969 2481 Christum
983 2419 1119 2478 induistis
1128 2420 1155 2478 ''.

230 2536 254 2587 ό.
297 2533 368 2591 Can.
383 2554 408 2605 4.
448 2535 478 2591 Si
492 2534 557 2606 quis
571 2533 708 2605 parvulos
722 2538 840 2588 recentes
852 2530 887 2586 ab
903 2531 992 2587 uteris
1003 2536 1138 2585 taratrum
1150 2528 1295 2600 baptizan-

197 2619 251 2675 dos
271 2614 366 2691 negat,
379 2623 468 2679 etiam
482 2623 504 2679 si
520 2622 628 2679 fuerint
640 2639 657 2677 a
671 2619 826 2692 baptizatis
841 2619 1012 2690 parentibus
1025 2617 1089 2688 orti,
1105 2628 1157 2675 aut
1176 2617 1249 2673 dicit
1268 2617 1294 2671 in

196 2699 399 2766 remissionem
413 2710 536 2781 quidem
550 2718 740 2781 peccatorum
761 2724 812 2763 eos
826 2705 975 2777 baptizari,
992 2706 1045 2763 sed
1059 2704 1139 2762 nihil
1149 2707 1186 2761 ex
1198 2704 1295 2761 Adam

197 2795 310 2851 trahere
321 2796 478 2866 originalis
485 2796 603 2867 peccati,
612 2794 693 2866 quod
704 2793 933 2864 regenerationis
944 2792 1060 2849 lavacro
1069 2809 1192 2849 necesse
1203 2793 1241 2848 sit
1252 2810 1296 2847 ex·

195 2882 327 2951 piariud
338 2884 429 2940 vitam
438 2891 574 2940 [eternam
582 2885 809 2952 consequendam,
823 2880 904 2937 unde
917 2879 948 2936 fit
958 2896 1153 2950 consequeus
1168 2890 1201 2935 ut
1210 2879 1240 2934 in
1252 2879 1292 2935 eis

197 2966 291 3023 forma
305 2969 503 3040 Baptismatis,
518 2971 547 3025 in
562 2967 766 3027 remissionem
781 2976 980 3039 peccatorum,
993 2983 1054 3022 non
1065 2983 1141 3036 vera,
1158 2966 1211 3022 sed
1226 2965 1296 3022 falsa

197 3053 386 3124 intelligatur;
409 3058 444 3112 A.
461 3057 486 3113 S.
502 3078 507 3112 :
537 3057 679 3127 quoniam
694 3074 754 3112 non
769 3054 853 3112 aliter
866 3053 1093 3124 intelligendum
1106 3062 1151 3110 est
1165 3053 1204 3122 id,
1216 3054 1296 3125 quod

198 3140 270 3198 dixit
284 3144 464 3213 Apostolus:
489 3144 573 3200 “Per
587 3161 679 3199 unum
694 3142 847 3199 hominem
862 3149 1018 3212 peccatum
1038 3139 1157 3196 intravit
1170 3138 1200 3195 in
1215 3158 1296 3195 mun-

198 3221 281 3299 dum,
296 3240 324 3287 et
338 3248 389 3301 per
402 3241 557 3302 peccatum
568 3250 658 3301 mors;
678 3241 706 3287 et
717 3231 756 3286 ita
767 3230 796 3286 in
806 3247 910 3286 omnes
920 3228 1057 3286 homines
1066 3245 1145 3285 mors
1153 3238 1296 3300 pertrans·

199 3317 239 3384 iit,
253 3317 282 3373 in
300 3335 360 3388 quo
372 3335 476 3375 omnes
490 3327 685 3389 peccaverunt
702 3317 716 3342 ’'
730 3337 735 3372 ε
765 3317 819 3372 nisi
834 3314 1090 3387 quemadmodum
1104 3314 1241 3372 Ecclesia
1254 3333 1296 3372 ca·

199 3403 307 3460 tholica
320 3396 430 3475 ubique
443 3405 548 3462 diffusa
561 3422 678 3476 semper
691 3403 843 3470 intellexit;
857 3414 977 3474 propter
990 3397 1155 3461 hancenim
1166 3403 1296 3474 regulam

199 3490 268 3548 fidei
281 3509 316 3548 ex
327 3491 483 3549 traditione
494 3492 707 3563 Apostolorum
723 3489 811 3546 etiam
824 3485 945 3561 parvuli,
959 3491 1010 3561 qui
1025 3489 1096 3546 nihil
1106 3499 1295 3561 peccatorum

200 3576 228 3633 iu
243 3578 408 3650 semetipsis
418 3578 517 3635 adhuc
527 3579 712 3634 committere
726 3586 894 3647 potuerunt,
908 3576 1014 3635 ideoin
1032 3576 1224 3659 remissionem
1237 3584 1295 3648 pec-

197 3672 324 3720 catorum
343 3666 480 3721 veraciter
495 3665 690 3736 baptizantur,
714 3675 745 3721 ut
764 3665 794 3721 in
814 3666 855 3721 eis
874 3663 1097 3736 regeneratione
1125 3651 1293 3735 inundetur,

198 3752 280 3822 quod
293 3752 482 3822 generatione
496 3762 713 3809 contraxerunt.
757 3752 849 3808 “Nisi
864 3752 944 3810 enim
954 3750 1020 3824 quis
1031 3760 1150 3808 renatus
1164 3751 1252 3809 fuerit
1264 3769 1296 3809 ex

198 3843 275 3911 aquai
284 3853 312 3899 et
326 3841 434 3913 Spiritu
446 3840 562 3910 Saudo,
580 3859 640 3897 non
652 3851 750 3913 potest
764 3840 883 3897 introire
894 3841 923 3895 in
937 3856 1061 3910 regnum
1077 3837 1133 3896 Dei
1146 3837 1171 3896 ”.

203 3966 254 4026 ’7.
297 3956 406 4025 Cara5.
447 3954 476 4011 Si
488 3954 553 4026 quis
568 3971 619 4024 per
632 3954 702 4024 Jesu
714 3951 823 4010 Christi
839 3950 961 4006 Domini
976 3948 1066 4006 nostri
1080 3947 1215 4019 gratiam,
1229 3967 1294 4019 quae

199 4041 227 4098 in
239 4042 420 4113 Baptismate
433 4043 588 4111 confertur,
605 4047 715 4096 reatum
725 4037 878 4108 originalis
886 4041 994 4107 peccati
1006 4035 1116 4092 renn'tti
1126 4042 1230 4106 negat,·
1247 4047 1295 4092 aut

199 4127 286 4184 etiam
296 4127 396 4185 asserit
411 4147 470 4184 non
485 4129 545 4185 tolli
560 4137 655 4184 totum
665 4126 693 4183 id
705 4125 787 4196 quod
798 4142 894 4181 veram
905 4131 932 4179 et
938 4123 1092 4194 propn'am
1092 4122 1202 4193 peccati
1211 4124 1295 4180 ratri)-

199 4235 260 4273 nem
274 4217 380 4273 habet:
409 4218 461 4275 sed
475 4216 547 4273 illud
567 4215 638 4272 dicit
658 4224 771 4270 tantum
791 4213 865 4282 radi,
882 4221 932 4268 aut
952 4229 1008 4267 aron
1028 4208 1178 4281 imputari,
1194 4211 1230 4268 A.
1248 4205 1294 4268 8.AE

200 4307 221 4335 “
232 4304 261 4361 in
273 4305 381 4362 renatis
395 4304 473 4362 enim
488 4304 559 4359 nihil
570 4302 633 4359 odit
645 4303 725 4359 Deus
742 4321 747 4358 :
768 4301 837 4371 quia
851 4299 922 4355 nihil
934 4308 977 4355 est
987 4297 1294 4370 damnationisiis,qui
