2684 4620
200 183 267 234 252
647 181 785 234 CAPUT
802 180 843 232 11.

195 381 298 442 quum
315 363 435 426 divinae
452 383 601 444 personae
615 363 685 444 jam
698 364 764 426 sint
774 363 904 444 ubique,
915 380 1022 442 neque
1032 361 1065 422 in
1079 355 1284 442 productione
1336 382 1338 441 j

196 465 334 547 alicujus
351 465 555 542 substantiae,
568 487 644 529 nam
659 467 733 530 talis
746 463 920 549 productio
933 462 1120 528 communis
1132 468 1184 523 est
1193 458 1286 521 tribus
1333 484 1338 494 ·

196 571 345 649 personis
361 581 394 633 et
410 591 494 652 opus
511 581 637 633 naturae
653 571 787 651 divinae;
810 569 961 632 consistit
977 567 1078 649 igitur
1094 565 1126 626 in
1144 581 1185 625 eo
1207 560 1287 642 quod

197 692 338 753 persona
355 674 454 736 missa
470 695 549 736 reove
565 674 656 736 inodo
671 675 789 737 existat
800 675 832 736 in
845 671 1012 747 creaturis,
1024 668 1075 732 vel
1089 687 1149 749 per
1161 662 1288 728 maniie

197 775 374 838 stationem
393 779 588 859 praesentiae,
603 777 655 839 vel
672 797 730 859 per
746 777 922 859 specialem
935 771 1205 855 conjunctionem
1221 787 1289 830 cum

197 883 362 955 creaturd;
386 880 431 941 sic
447 901 475 942 v.
493 899 522 961 g.
542 881 655 943 missio
672 881 746 943 Filii
772 900 829 962 per
854 877 1121 942 Incarnationem
1146 870 1291 936 consistit

197 982 230 1044 in
247 1002 287 1044 eo
310 984 399 1064 quod
424 983 570 1046 Verbum
596 984 763 1058 Divinum,
780 984 869 1066 quod
890 983 959 1063 jam
985 989 1083 1042 antea
1106 985 1178 1039 erat
1201 993 1292 1055 super

197 1093 327 1161 terram,
344 1107 423 1148 novo
438 1089 529 1150 modo
545 1088 682 1169 incoepit
699 1109 771 1155 esse
795 1089 827 1150 in
852 1087 962 1168 aliqua
986 1093 1079 1165 parte
1097 1093 1211 1155 -terrae,
1227 1097 1293 1141 sese

196 1189 386 1269 hypostatice
400 1189 537 1252 uniendo
551 1191 704 1254 humanae
717 1201 850 1254 reaturoe.

239 1336 303 1414 156.
351 1345 380 1397 2⁰
396 1341 496 1400 Thesei
506 1367 516 1400 :
540 1341 637 1405 Inter
652 1341 790 1415 divinas
804 1357 987 1421 personas,
1005 1338 1115 1424 Peter
1131 1334 1226 1400 mitti
1240 1353 1292 1398 ne-

197 1433 284 1512 quit,
309 1435 422 1501 Filius
442 1442 564 1502 autem
587 1443 624 1503 et
646 1439 802 1518 Spiritus
823 1438 916 1502 mitti
939 1440 1107 1517 possunt;
1129 1453 1149 1498 e
1172 1438 1294 1498 contra

136 1524 142 1535 ’
199 1528 309 1593 Pater
323 1535 360 1595 et
377 1531 491 1596 Filius
506 1533 650 1598 mittere
667 1539 831 1612 possunt,
847 1533 914 1598 sed
928 1532 964 1596 S.
982 1529 1139 1610 Spiritus
1155 1528 1293 1593 mittere
1335 1534 1338 1541 '

198 1628 330 1706 nequit.
379 1632 494 1690 Certum
509 1641 554 1690 est.

243 1782 307 1851 157.
353 1775 412 1856 (A)
428 1777 534 1839 Pater
548 1777 639 1839 mitti
653 1778 778 1858 nequit.'
817 1776 894 1838 Non
911 1776 999 1838 enim
1017 1774 1137 1856 legitur
1153 1773 1187 1834 in
1212 1771 1295 1836 Scri·

197 1880 293 1956 pturi
309 1879 399 1958 quod
417 1881 577 1954 mittatur,
593 1882 650 1943 sed
668 1881 775 1943 solum
792 1880 881 1961 quod
905 1878 1017 1941 veniat
1039 1877 1081 1940 ad
1107 1894 1187 1939 nos:
1213 1875 1294 1938 “Ad

197 2000 273 2042 eum
291 1982 455 2044 veniemus
470 1992 504 2045 et
521 1984 728 2067 mansionem
746 1984 834 2064 apud
851 2002 926 2044 eum
951 1980 1132 2043 faciemus''
1141 1992 1161 2042 1.
1207 1980 1294 2061 Jam-

198 2103 276 2145 vero
293 2104 452 2165 magnum
471 2086 647 2155 discrimen
664 2096 714 2149 est
731 2087 815 2149 inter
831 2086 940 2147 venire
955 2093 989 2146 et
1005 2083 1116 2145 mitti:
1142 2084 1240 2145 Pater
1256 2083 1294 2145 ad

198 2208 258 2249 nos
274 2190 385 2252 venire
402 2200 521 2272 potest,
537 2191 681 2272 aliquem
699 2186 853 2252 eflectum
869 2189 985 2270 gratiae
1009 2186 1242 2268 producendo;
1264 2195 1297 2247 at

162 2366 165 2374 .
198 2290 288 2351 mitti
301 2312 367 2354 non
384 2292 578 2375 intelligitur
593 2314 636 2356 ex
653 2290 750 2355 dictis
767 2292 829 2354 nisi
846 2312 885 2354 ea
901 2310 1042 2372 persona
1054 2309 1129 2370 quae
1142 2288 1186 2351 ab
1197 2289 1296 2351 alteri

198 2393 354 2473 procedit.
402 2394 492 2458 Hinc
511 2396 545 2458 S.
562 2395 791 2476 Augustinus²
814 2394 880 2456 ait:
904 2392 1031 2458 “Solus
1056 2394 1156 2455 Pater
1178 2391 1297 2473 legitur

198 2515 264 2557 non
291 2497 429 2560 missus:
464 2500 541 2581 quia
568 2498 657 2561 solus
682 2519 748 2560 non
772 2498 873 2560 habet
897 2495 1076 2572 auctorem,
1100 2498 1143 2559 de
1166 2516 1234 2578 quo
1257 2496 1297 2557 sit

196 2598 338 2680 genitus,
360 2600 411 2662 vel
435 2621 544 2682 aquo
568 2603 726 2683 procedat
736 2602 759 2663 '’.
807 2599 909 2681 Cujus
933 2601 1095 2663 rationem
1119 2600 1167 2662 sic
1191 2599 1297 2662 reddit

199 2703 235 2767 S.
256 2703 433 2768 Teoinasa:
457 2711 473 2737 “
487 2706 526 2768 In
544 2708 632 2768 omni
651 2686 808 2774 missione
824 2713 957 2786 oportet
972 2704 1062 2786 quod
1080 2713 1227 2786 ponatur
1243 2704 1296 2766 ali·

196 2828 262 2889 qua
278 2805 456 2871 auctoritas
473 2808 612 2890 alicujus
628 2811 669 2872 ad
688 2809 794 2889 ipsum
813 2808 957 2870 missum.
1005 2809 1044 2870 In
1055 2806 1176 2868 divinis
1187 2816 1297 2868 autem

197 2913 347 2994 personis
375 2933 440 2975 non
466 2923 516 2976 est
540 2912 719 2977 auctoritas
744 2913 805 2974 nisi
830 2914 1012 2974 secundum
1036 2910 1207 2991 originem.
1256 2910 1298 2971 Et

197 3017 272 3078 ideo
299 3015 380 3078 nulli
404 3037 554 3098 personae
577 3018 699 3080 divinae
723 3016 877 3080 convenit
901 3015 987 3078 mitti
1011 3014 1073 3076 nisi
1096 3014 1126 3076 ei
1150 3034 1227 3095 quae
1250 3023 1298 3075 est

158 3149 160 3152 >
196 3120 229 3201 (i.
241 3141 266 3182 e.
278 3121 441 3202 procedit)
456 3121 498 3183 ab
511 3122 585 3198 alio,
597 3119 746 3203 respediu
763 3120 856 3201 cujus
873 3129 984 3202 potest
1000 3119 1032 3181 in
1050 3118 1116 3180 alio
1131 3117 1298 3200 designari

197 3220 385 3298 auctoritas
401 3233 435 3287 et
452 3224 528 3287 ideo
545 3225 689 3306 Spiritus
706 3224 737 3288 S.
750 3233 782 3286 et
797 3223 900 3286 Filius
912 3224 1067 3285 dicuntur
1078 3222 1175 3298 mitti,
1188 3231 1223 3284 et
1234 3241 1297 3283 non

199 3327 296 3389 Pater
311 3326 362 3389 vel
381 3327 527 3390 Trinitas
544 3329 645 3409 ipsa’'.

242 3480 306 3560 158.
353 3480 410 3561 (B)
428 3481 538 3560 Filius
552 3492 583 3543 et
600 3482 746 3562 sz'ritus
765 3480 799 3543 S.
817 3480 907 3543 mitri
914 3489 1064 3560 possunt·
1087 3479 1138 3560 (a)
1155 3480 1198 3543 de
1216 3479 1299 3541 Filio

196 3584 334 3646 dicitur:
359 3584 479 3646 “Misit
504 3585 596 3646 Deus
623 3585 742 3647 Filium
767 3603 862 3646 suum
888 3580 1012 3645 lactum
1037 3602 1080 3644 ex
1106 3582 1299 3658 muliere'’4;

196 3688 238 3748 de
255 3687 380 3768 Spiritu
399 3687 454 3750 S.:
479 3687 650 3768 “Spiritus
668 3688 699 3752 S.
724 3708 822 3769 quem
849 3687 959 3749 mittet
985 3686 1084 3747 Pater
1107 3686 1139 3746 in
1166 3687 1300 3748 nomine

197 3790 321 3852 me0''5.
367 3789 417 3870 (b)
437 3789 506 3851 lllae
524 3811 674 3870 personae
692 3791 778 3853 mitti
796 3799 936 3870 possunt
952 3809 1027 3870 quae
1042 3789 1084 3850 ab
1099 3790 1164 3851 alie
1188 3809 1300 3872 proce·

196 3894 288 3966 dunt,
305 3901 337 3954 et
365 3892 407 3953 ab
432 3895 471 3953 eti
498 3893 664 3973 accipiunt
688 3904 758 3954 tum
786 3901 997 3973 potestatem,
1020 3901 1093 3953 tum
1119 3892 1299 3973 impulsum

195 3996 295 4058 eundi
301 4017 308 4072 ;
331 3995 424 4075 atqui
443 3994 545 4056 Filius
562 4005 596 4058 et
613 3995 756 4076 Spiritus
771 3996 802 4059 S.
817 3995 860 4057 ab
871 3994 935 4057 alin
948 3998 1090 4076 persone
1104 3996 1299 4081 procedunt,

227 4195 307 4263 ‘seen
326 4193 408 4256 XIV,
425 4205 466 4261 23.
485 4221 517 4230 ·-
531 4189 542 4223 ²
557 4191 616 4245 Lib.
631 4200 730 4244 contra
745 4192 872 4244 Sermon.
889 4191 995 4258 Arion,
1008 4208 1030 4244 c.
1045 4205 1070 4257 4.
1085 4198 1143 4230 —2
1159 4193 1192 4246 ln
1209 4195 1219 4246 l
1235 4194 1297 4247 dist.

178 4296 221 4352 15,
240 4301 266 4355 q.
285 4298 311 4352 2,
326 4302 351 4340 a.
371 4284 460 4352 unic.;
482 4283 514 4340 ci.
533 4284 557 4352 1,
572 4300 597 4355 q.
613 4296 658 4352 43,
671 4300 697 4336 a.
714 4296 740 4351 4.
753 4310 786 4318 -
797 4279 809 4311 ⁴
820 4280 914 4334 Gal-ut.
925 4279 964 4331 W
974 4318 981 4344 ,
993 4291 1017 4341 u.
1029 4276 1083 4332 ,Δ
1097 4279 1300 4344 Joamtiupo„
