2684 4634
117 161 185 229 244
572 172 772 226 copus-11.

110 358 284 439 pariter'’,·
320 354 538 436 Lngdn'izensi
551 354 594 416 ll
603 353 672 435 jam
696 354 815 428 citat03
846 349 1044 425 Florentino,
1060 347 1127 424 ubi,
1143 365 1209 409 cum

119 461 307 523 Graecorum
331 479 504 533 consensu,
520 455 694 519 definitum
712 465 761 518 est
784 453 900 535 quod:
934 452 1110 534 “Spiritus
1127 450 1211 515 Sex

119 565 265 627 Patre'et
283 564 367 626 Filio
383 561 582 624 aeternaliter
598 569 661 636 est,
677 568 714 623 et
734 557 911 622 essentiam
935 577 1039 632 suam,
1055 573 1213 635 suumque

118 685 189 727 esse
206 664 388 727 subsistens
405 661 506 724 habet
522 685 566 726 ex
585 666 682 726 Patre
698 663 796 725 simul
813 671 846 725 et
864 661 958 736 Filio,
981 670 1015 722 et
1031 681 1072 722 en
1088 669 1215 738 utraque

117 768 314 829 (eternaliter
334 775 490 844 tanquam
506 767 546 828 ab
569 781 632 828 ntra
640 766 804 848 principia
825 775 857 828 at
876 762 942 826 unci
957 763 1138 844 spiratione
1145 772 1216 844 pra·

116 867 225 930 cta'it''
240 881 259 930 1.

107 1083 108 1086 Ἴ
163 1018 226 1084 140.
274 1017 309 1083 30
321 1004 461 1068 Ratione
475 1019 618 1072 cannen.2
648 986 722 1087 Ι(Α)
740 1005 776 1070 Si
795 1005 938 1086 Spiritus
955 995 988 1068 S.
1010 1024 1031 1066 a
1049 1003 1138 1066 Filio
1154 1022 1217 1065 non

118 1109 318 1187 procederet,
330 1107 522 1171 nullomodo
538 1119 651 1190 posset
667 1110 709 1172 ab
725 1129 765 1171 eo
780 1109 948 1189 distingui.
996 1107 1135 1169 Etenim
1150 1126 1219 1189 per-

119 1229 210 1271 sonae
234 1211 266 1271 in
287 1212 407 1273 divinis
429 1231 495 1274 non
521 1213 773 1293 distinguuntur
789 1212 919 1275 realiter
935 1210 977 1273 ab
998 1210 1144 1272 invicem
1160 1208 1219 1271 nisi

17 1349 18 1352 =
118 1333 177 1394 per
200 1313 374 1376 relationes
398 1316 592 1396 oppositas:
628 1316 789 1396 quidquid
814 1316 902 1376 enim
928 1315 959 1376 in
978 1315 1053 1376 Deo
1069 1313 1221 1376 absolute

119 1407 238 1481 dicitur
261 1420 302 1481 ad
331 1419 493 1481 unitatem
518 1421 670 1483 essentiae
694 1403 854 1501 pertinet;
886 1419 1021 1482 aliunde
1045 1418 1220 1482 relationes

117 1521 271 1602 dispares,
287 1520 342 1601 sed
361 1541 425 1583 non
444 1525 616 1604 oppositae,
629 1545 695 1586 non
714 1523 881 1586 sufficiunt
897 1524 939 1586 ad
952 1523 1221 1604 multiplicandas

119 1645 292 1707 personas;
325 1626 371 1688 ita
387 1647 414 1688 v.
432 1648 461 1708 g.
479 1629 650 1708 generatio
672 1625 780 1691 aiiiva
803 1637 836 1690 et
860 1629 997 1709 spiratio
1013 1625 1132 1705 nitiva,
1149 1648 1220 1709 quae

21 1775 25 1781 -
119 1739 192 1791 sunt
208 1729 384 1790 relationes
401 1731 555 1809 dispares,
574 1752 638 1793 non
657 1732 866 1794 constituunt
882 1732 965 1795 duas
982 1751 1152 1813 personas,
1165 1731 1219 1792 sed

120 1852 220 1893 unam
244 1840 384 1894 tantum.
439 1832 542 1912 Atqui
565 1833 742 1896 relationes
766 1834 931 1915 oppositae
955 1853 1021 1897 non
1044 1834 1170 1896 dantur
1189 1834 1221 1895 in

119 1935 240 1997 divinis
257 1934 317 1995 nisi
334 1933 509 1997 relationes
522 1936 670 2020 originis,
682 1921 845 2019 quatenus
863 1957 927 1999 una
943 1957 1085 2019 persona
1101 1937 1145 2000 ab
1161 1937 1221 2000 alia

121 2038 285 2120 procedit;
319 2058 398 2118 ergo
416 2039 558 2120 Spiritus
577 2041 608 2105 S.
626 2061 692 2103 non
711 2041 842 2104 realiter
857 2063 877 2103 a
895 2041 980 2104 Filio
1000 2042 1222 2123 distinguitur,

121 2143 182 2203 nisi
199 2142 242 2203 ab
257 2160 297 2203 eo
321 2143 487 2221 procedat.
534 2142 664 2226 “Quod
681 2164 725 2205 ex
750 2144 813 2206 hoc
835 2153 936 2225 patet,
953 2144 999 2207 ait
1025 2143 1059 2206 S.
1083 2145 1115 2206 T
1112 2145 1223 2207 nonnas

122 2245 141 2308 l.
157 2266 192 2319 c.‚
212 2243 290 2324 quia
308 2243 405 2306 Pater
421 2243 522 2308 habet
538 2248 620 2309 duas
639 2247 815 2310 relationes
832 2267 971 2329 quarum
997 2267 1062 2309 una
1087 2247 1222 2310 refertur

122 2348 163 2410 ad
183 2348 302 2410 Filium
319 2355 352 2408 et
368 2347 433 2410 alia
449 2348 490 2410 ad
509 2349 670 2430 Spiritum
689 2350 741 2414 S:
765 2370 840 2431 quae
857 2360 968 2413 tamen
981 2349 1137 2431 quianon
1149 2359 1223 2412 sunt

31 2450 38 2465 “
121 2451 293 2533 oppositae,
306 2471 371 2512 non
389 2453 596 2515 constituunt
613 2454 695 2516 duas
712 2473 879 2535 personas,
895 2454 951 2514 sed
969 2453 1010 2515 ad
1033 2473 1136 2516 unam
1153 2464 1223 2516 tan-

122 2567 193 2619 tum
218 2576 393 2636 personam
413 2556 518 2618 Patris
543 2557 718 2637 pertinent.
765 2555 800 2620 Si
818 2565 930 2617 autem
948 2556 980 2616 in
1000 2555 1085 2616 Filio
1104 2565 1138 2618 et
1152 2556 1224 2638 Spi-

122 2661 185 2723 ritu
204 2658 236 2723 S.
254 2678 318 2720 non
341 2669 428 2721 esset
445 2659 590 2720 invenire
608 2659 669 2720 nisi
686 2659 769 2721 duas
786 2659 972 2735 relationes
994 2658 1116 2738 quibus
1139 2669 1224 2722 uter-

123 2784 186 2845 que
210 2763 346 2826 refertur
369 2764 410 2825 ad
431 2765 573 2836 Patrem,
591 2760 655 2823 illae
676 2761 853 2824 relationes
870 2781 936 2824 non
955 2769 1068 2823 essent
1083 2761 1126 2824 ad
1145 2762 1224 2825 invi-

123 2887 195 2930 cem
223 2867 395 2947 oppositae,
422 2866 507 2927 sicut
532 2884 639 2944 neque
662 2866 737 2926 duae
765 2863 951 2938 relationes,
978 2864 1101 2945 quibus
1130 2865 1227 2927 Pater

124 2969 261 3032 refertur
286 2969 329 3030 ad
359 2968 439 3030 illos.
488 2968 589 3030 Unde
612 2968 696 3030 sicut
722 2988 861 3049 persona
880 2966 985 3029 Patris
1008 2975 1060 3028 est
1083 2986 1158 3043 una,
1182 2968 1226 3029 ita

124 3083 315 3153 sequeretur
346 3073 434 3152 quod
471 3090 612 3152 persona
637 3070 710 3131 Filii
744 3079 776 3132 et
806 3070 949 3151 Spiritus
973 3068 1010 3133 S.
1036 3078 1125 3132 esset
1150 3090 1226 3145 una,

125 3176 250 3237 habens
288 3175 370 3252 duas
410 3173 586 3235 relationes
624 3173 796 3253 oppositas
834 3172 964 3235 duabus
1009 3170 1226 3234 relationibus

127 3278 240 3340 Patris
289 3278 364 3339 Hoc
388 3286 499 3339 autem
526 3285 576 3337 est
599 3275 801 3349 haereticum,
818 3295 894 3337 cum
916 3273 1012 3338 tollat
1036 3272 1137 3337 fidem
1154 3275 1226 3338 Tri-

127 3381 239 3444 nitatis
250 3381 273 3442 ’'.

168 3485 228 3565 (B)
246 3485 300 3546 Ex
317 3481 414 3545 ditiis
439 3484 471 3545 in
496 3484 580 3546 thesi
605 3482 760 3565 generali,
784 3483 927 3565 Spiritus
945 3482 977 3548 S.
995 3483 1146 3564 procedit
1170 3503 1227 3564 per

126 3589 261 3651 modum
275 3587 442 3649 volitionis
456 3609 512 3649 seu
530 3589 651 3650 amoris
661 3613 668 3668 ;
693 3587 784 3669 atqui
802 3587 1015 3663 amor,etiam
1032 3587 1065 3647 in
1082 3585 1226 3660 homine,

125 3692 273 3774 procedit
306 3711 371 3752 non
396 3691 502 3753 solum
527 3712 546 3752 a
569 3690 742 3753 voluntate
775 3690 832 3751 sed
861 3689 962 3751 etiam
988 3708 1008 3749 a
1034 3688 1225 3770 cognitione

124 3793 244 3875 objecti
258 3796 369 3869 amati,
379 3794 479 3874 juxta
494 3795 573 3857 illud
590 3819 595 3856 :
620 3794 692 3855 “nil
706 3793 845 3855 volitum
857 3793 937 3873 quin
948 3793 1192 3873 praecognitum
1204 3793 1225 3850 ”.

125 3901 215 3981 Ergo
233 3901 263 3960 in
280 3900 352 3960 Deo
365 3899 508 3979 Spiritus
523 3899 554 3963 S.
566 3899 668 3961 debet
684 3898 862 3979 procedere
879 3916 944 3958 non
962 3895 1069 3958 solum
1087 3916 1107 3958 a
1122 3897 1226 3971 Patre,

123 4005 180 4067 sed
198 4005 297 4065 etiam
315 4025 334 4065 a
350 4003 462 4066 divina
480 4001 711 4077 intellectione
724 4022 780 4063 seu
798 4022 817 4063 a
833 3999 954 4063 Verbo

155 4201 227 4267 1Ap.
244 4201 381 4268 Hearing.
398 4216 423 4251 n.
441 4198 498 4267 586.

156 4288 235 4344 rcfr.
251 4289 282 4342 S.
300 4287 394 4340 Thoan.
413 4288 432 4341 I.
449 4302 476 4356 q.
492 4285 533 4355 36,
549 4303 572 4340 a.
588 4300 611 4354 2,
629 4285 745 4356 ejusque
760 4286 1014 4341 commentatores·
