2684 4634
126 173 194 219 472
548 215 550 220 ,
577 171 717 222 CAPUT
735 175 778 220 11.
795 181 797 187 '

124 343 256 400 humana
268 355 368 401 autem
383 355 488 415 praeter
502 348 668 417 essentiam,
683 359 712 406 et
727 349 767 406 ita
780 350 807 407 ei
820 349 969 408 accedens
980 359 1013 407 ut
1024 369 1090 408 eam
1107 352 1211 408 nullate-

125 450 180 488 nus
195 443 289 490 mutet
298 453 304 502 ;
333 434 375 488 sic
389 450 517 504 persona
528 433 618 489 Verbi
635 434 854 505 simplicissima
867 446 1010 494 remanet.
1236 496 1239 500 ,

126 519 163 588 (c)
179 519 347 575 Incarnatio
359 518 448 575 Verbi
463 518 563 575 obstat
575 519 834 577 circrcmiusessioni
845 521 934 578 trium
947 523 1119 580 divinarunt
1133 541 1214 596 perso·

127 623 229 661 narum
235 627 242 676 ;
262 625 339 675 nam,
356 607 384 662 vi
398 606 475 662 illius
492 607 791 677 circuminsessioniS,
800 606 934 666 Verbum
947 627 1010 668 non
1024 611 1126 681 potest
1139 611 1215 666 incar·

126 693 186 747 nari
210 694 283 764 quin
299 695 384 750 Pater
404 704 432 750 et
447 694 573 764 Spiritus
595 695 792 752 incarnentur.
831 697 917 767 Rerp.
934 719 944 751 .·
973 697 1073 768 Nego,
1087 716 1152 754 nam
1171 709 1217 755 tres

126 780 233 838 divinae
247 799 381 852 personae
394 792 463 838 sunt
484 782 631 839 distinc‘tae
645 792 674 840 et
688 802 747 840 una
761 793 859 854 potest
873 785 1027 855 possidere
1036 786 1220 855 personaliter

126 867 286 923 humanam
302 879 445 936 naturam,
456 869 519 926 sine
532 870 612 940 aliis;
633 871 871 928 circuminsessio
884 871 972 928 efficit
992 873 1183 930 solummodo
1195 882 1220 928 ut

127 955 213 1011 Pater
225 967 253 1011 et
272 956 396 1026 Spiritus
411 957 502 1014 modo
516 957 636 1026 speciali
650 957 785 1014 habitent
799 958 828 1013 in
842 958 973 1015 humana
988 961 1097 1016 natura
1111 960 1219 1020 Christi.

49 1054 53 1061 ·
126 1059 186 1096 non
200 1052 299 1099 autem
319 1054 351 1098 ut
370 1043 468 1100 eidem
491 1043 630 1099 uniantur
650 1044 851 1114 personaliter.
893 1046 994 1101 Patres
1007 1046 1223 1116 comparatione

126 1145 187 1184 rem
208 1128 375 1184 illustrant:
405 1128 429 1183 si
452 1139 509 1185 tres
529 1146 663 1199 personae
683 1131 804 1186 unicum
828 1131 982 1187 hominem
1001 1133 1145 1202 vestiunt,
1158 1150 1223 1189 unus

126 1225 169 1272 est
184 1216 314 1285 indutuS,
327 1216 394 1272 licet
409 1225 467 1272 tres
480 1216 518 1273 ad
532 1235 600 1272 eum
615 1217 802 1274 induendum
813 1229 1008 1287 concurrant;
1029 1220 1072 1276 ita
1084 1221 1188 1290 pariter
1199 1221 1222 1275 in
1261 1204 1263 1279 l

126 1302 288 1370 Iuturnae,
303 1313 361 1359 tres
375 1303 485 1360 divinae
500 1321 636 1374 personae
649 1305 686 1362 ad
702 1305 844 1361 unionem
866 1305 1035 1362 faciendam
1051 1306 1151 1365 active
1163 1325 1222 1364 con·
1261 1292 1263 1365 l

126 1401 254 1459 currunt,
267 1389 399 1446 Verbum
422 1390 577 1447 induendo
600 1392 777 1449 vestimento
799 1392 1001 1460 humanitatis,
1019 1395 1076 1452 sed
1098 1413 1156 1452 una
1176 1395 1222 1451 tuit
1261 1374 1263 1409 Ι

126 1494 253 1547 persona
267 1478 379 1546 induta,
392 1495 451 1534 una
466 1479 632 1548 Incarnata,
650 1498 689 1535 sc.
706 1496 833 1551 persona
847 1479 946 1536 Verbi.

178 1622 244 1697 109.
292 1603 351 1682 (B)
377 1602 454 1665 Non
485 1612 649 1682 repugnat
677 1624 713 1664 ex
738 1613 837 1683 parte
863 1614 993 1666 naturae
1023 1604 1220 1668 lztcrnancffl:
1261 1592 1263 1601 ¹

128 1706 166 1767 In
185 1715 315 1768 tantum
332 1707 421 1766 enim
439 1716 648 1786 repugnaret,
661 1707 694 1766 in
712 1718 876 1786 quantum
894 1708 1045 1770 Verbum
1065 1729 1132 1770 non
1155 1731 1219 1791 pos-

161 1917 223 1968 ¹Ad
237 1915 451 1982 intelligentiam
465 1915 546 1982 hujus
560 1918 727 1983 argumenti,
738 1919 766 1969 in
780 1919 946 1973 memoriam
956 1936 1061 1973 revoca
1070 1938 1104 1974 ea
1118 1938 1178 1990 quae
1189 1921 1219 1972 de

126 2001 306 2057 distinetione
326 2004 397 2055 inter
416 2013 546 2056 naturam
569 2003 739 2071 singularem
761 2016 789 2058 et
811 2006 1042 2073 personalitatem
1066 2005 1218 2074 Philosophi

126 2093 276 2159 disputant.

162 2179 307 2247 Siquidem
326 2195 424 2231 omnes
447 2179 569 2232 fatentur
587 2180 618 2230 in
636 2179 717 2231 rebus
735 2178 845 2230 divinar
864 2194 1014 2244 personam
1032 2196 1092 2232 non
1111 2179 1219 2242 realiter,

127 2266 176 2319 sed
196 2267 287 2318 solum
306 2264 461 2318 virtualiter
481 2264 615 2332 distingui
634 2266 670 2317 ab
688 2263 821 2318 essentia.
862 2263 969 2318 Pariter
988 2265 1017 2317 in
1036 2267 1119 2318 rebus
1131 2267 1221 2319 creatis

127 2371 224 2406 omnes
235 2353 391 2405 concedunt
400 2370 549 2421 personam
558 2353 713 2406 virtualiter
723 2352 823 2405 saltem
832 2352 965 2420 distingui
976 2353 1014 2405 ab
1023 2370 1120 2406 earum
1131 2353 1221 2406 naturai

127 2439 286 2504 individuti;
306 2440 524 2493 controvertitur
536 2450 632 2492 autern
645 2449 738 2492 utrum
747 2438 822 2491 adsit
831 2437 975 2491 distinctio
984 2441 1072 2492 realis
1086 2440 1157 2493 inter
1168 2456 1220 2508 per·

127 2544 226 2580 sonam
234 2538 262 2580 et
273 2538 401 2578 naturam
412 2527 594 2580 individuam.
630 2528 657 2578 T
653 2527 779 2578 tornata
787 2525 948 2592 affirmare&
965 2543 1040 2592 nam,
1051 2527 1132 2595 juxta
1145 2527 1221 2594 ipsos,

127 2613 313 2682 personalitas
326 2624 369 2666 est
384 2613 503 2680 positiva
514 2611 648 2681 perfefiio
662 2623 770 2664 naturae
783 2611 869 2664 etiarn
877 2613 1026 2680 completae
1037 2612 1221 2680 superaddita,

127 2699 152 2751 vi
166 2699 244 2765 cujus
258 2697 415 2750 substantia
424 2699 485 2766 jam
498 2700 638 2766 completa
650 2709 694 2752 est
705 2699 746 2751 sui
753 2699 834 2767 juris,
844 2698 904 2766 agit
917 2698 969 2751 sibi
983 2709 1011 2752 et
1025 2711 1140 2768 propter
1152 2716 1190 2764 se,
1199 2711 1222 2750 et

126 2796 169 2840 est
187 2785 303 2837 omnino
322 2784 607 2837 incommunicabilis.
650 2785 704 2836 His
723 2784 832 2853 positis,
854 2785 952 2839 dicunt
974 2787 1103 2839 Verbum
1122 2803 1222 2840 assum-

126 2873 216 2938 psisse
229 2872 342 2939 quidem
355 2873 509 2924 humanam
520 2884 650 2926 naturam
668 2872 839 2939 completam
852 2882 880 2924 et
893 2872 1042 2941 integram,
1058 2890 1116 2926 non
1135 2883 1223 2925 autem

127 2957 202 3009 illam
216 2957 365 3026 positivam
379 2957 579 3026 perfeetionem
588 2976 651 3027 quae
661 2957 891 3025 personalitatem
901 2959 1055 3023 constituit,
1069 2959 1121 3012 sed
1134 2960 1223 3028 Ipsum

127 3045 201 3097 vices
214 3061 318 3111 genere
332 3046 541 3113 personalitatis
561 3046 702 3098 humanae.
742 3045 783 3098 cf.
798 3047 916 3111 Saurea,
933 3046 968 3099 D.
994 3047 1138 3112 Metaph.‚
1154 3046 1221 3112 disp.

128 3132 263 3195 XXXIV,
278 3148 298 3182 s.
317 3146 371 3194 1-23
392 3132 552 3199 Cajelumm,
567 3133 595 3184 in
610 3148 625 3199 3
639 3150 678 3200 p.,
692 3150 718 3201 q.
735 3149 761 3196 4,
774 3150 799 3184 a.
816 3151 844 3197 23
863 3133 983 3198 Goudt'n,
1000 3134 1144 3202 Metaph.‚
1158 3133 1185 3186 d.
1204 3147 1222 3192 ι,

126 3235 151 3270 a.
163 3232 191 3282 4;
210 3217 352 3285 ligatura,
368 3218 462 3270 Ontol.
480 3219 496 3270 l.
511 3220 567 3281 lll,
582 3236 605 3271 c.
619 3237 641 3280 1,
657 3237 681 3271 a.
691 3235 719 3283 43
739 3221 898 3288 Dupeyrat,
914 3220 1080 3274 Manudatt.
1095 3222 1222 3288 Ontolog.

126 3321 152 3373 p.
169 3322 206 3368 11,
224 3320 246 3355 c.
262 3321 285 3369 2,
299 3320 323 3355 a.
342 3310 433 3370 1,§2;
454 3305 550 3370 Billot,
569 3321 630 3372 cap.
650 3306 689 3370 ll,
703 3322 729 3373 p.
746 3321 781 3374 44
795 3323 836 3374 sq.

160 3388 287 3438 Scaeuae
300 3397 405 3450 autem,
419 3404 483 3438 cum
498 3387 643 3439 nonnullis
657 3389 820 3441 recentibus
833 3388 981 3456 theologis,
995 3397 1117 3458 mgant,·
1135 3391 1225 3443 dicunt

126 3473 265 3542 siquidem
278 3484 408 3525 naturam
422 3472 595 3525 individuam
609 3475 789 3542 completam,
804 3474 827 3527 si
847 3475 901 3528 sibi
920 3475 1103 3544 permittitur,
1116 3494 1150 3530 eo
1169 3476 1226 3544 ipso

125 3578 187 3614 esse
201 3559 242 3612 sui
255 3559 323 3626 juris
332 3558 507 3628 proindeque
522 3576 672 3627 personam
681 3577 688 3627 ;
707 3561 730 3613 si
745 3560 1009 3629 autemasuperiori
1020 3565 1225 3630 persondassu-

126 3658 226 3712 matur,
242 3647 303 3714 jam
316 3657 409 3698 cessat
422 3662 486 3699 esse
499 3645 630 3714 suijuris,
644 3663 700 3698 non
715 3647 830 3715 quidem
842 3648 996 3701 amissione
1009 3649 1131 3719 alicujus
1151 3649 1225 3703 reali·

127 3734 201 3794 tatis,
217 3734 267 3786 sed
281 3733 466 3801 acquisitione
480 3751 561 3787 novae
573 3745 601 3786 et
615 3734 766 3801 superioris
779 3734 914 3790 entitatis.
945 3736 1052 3790 Dicunt
1067 3736 1154 3806 igitur
1162 3739 1225 3789 Ver.

126 3822 193 3873 bum
213 3821 401 3888 assumpsisse
422 3832 551 3873 naturam
573 3823 728 3874 humanam
751 3822 898 3890 integram,
915 3839 979 3892 quae
1001 3823 1086 3877 simul
1110 3841 1224 3895 persona

126 3908 233 3972 fuisset,
252 3907 304 3960 nisi
319 3908 413 3961 Verbo
432 3909 510 3961 unita
531 3909 646 3972 fuisset;
675 3909 727 3962 sed
749 3910 816 3978 quia
834 3922 981 3978 assumpta
999 3911 1051 3964 tuit
1070 3930 1089 3965 a
1109 3913 1226 3982 persona

127 3995 272 4063 superiori,
283 4012 340 4047 non
350 3996 440 4063 potuit
448 4013 512 4050 esse
526 3997 645 4065 suijuris
654 4014 707 4050 nec
717 3997 834 4065 proinde
844 4013 975 4066 persona.
1009 3998 1063 4052 cfr.
1078 4001 1188 4063 Scotus,
1201 3998 1225 4050 in

126 4079 220 4148 3dist.
240 4080 263 4141 l,
279 4096 305 4147 q.
325 4095 346 4145 1,
361 4096 386 4132 n.
401 4096 436 4147 9;
463 4081 587 4146 risolino,
604 4081 632 4132 in
655 4095 665 4133 1
687 4097 713 4148 p.
727 4098 753 4150 q.
769 4096 811 4149 29,
830 4097 856 4133 a.
876 4097 898 4143 1,
914 4080 940 4133 d
956 4096 991 4144 23
1022 4082 1181 4150 Taphanus,
1194 4082 1227 4135 de

126 4169 156 4222 H
156 4178 249 4238 ypost.
267 4179 293 4222 et
306 4184 393 4238 pers.;
412 4169 577 4234 Frtmsdin,
594 4169 633 4221 th.
648 4182 740 4237 3o313
761 4170 908 4236 Stentrup,
925 4168 964 4222 th
982 4182 1077 4235 31-34;
1104 4167 1224 4235 Hurter,

114 4274 169 4331 533
184 4277 242 4331 sq.;
262 4258 419 4329 Ltrlrousse,
435 4259 565 4328 Ontolog
590 4273 620 4309 n.
634 4270 687 4325 352
699 4272 746 4323 su.
