2684 4634
121 198 188 249 470
563 191 703 244 CAPUT
720 192 760 240 11.

122 382 234 456 potest
246 386 266 435 1.
314 373 391 434 Non
409 380 588 434 esttamen
606 371 725 432 rationi
743 368 954 442 contrarium,
969 386 1030 427 nec
1055 364 1152 426 ullam
1167 383 1203 424 re·

123 478 343 558 pugnantiam
361 478 393 537 in
417 497 454 537 se
478 475 625 549 involvit,
650 471 812 554 quidquid
831 471 862 531 in
880 469 1087 531 contrarium
1111 467 1206 528 dicant
1257 473 1261 549 ἰ

125 581 289 644 Unitarii2
313 589 346 640 et
370 578 618 654 Rationalistae3
654 576 722 650 sed,
749 575 856 656 positi]
878 571 1092 646 revelatione,
1115 577 1208 651 potest
1234 564 1263 633 ,ζ

123 685 285 764 analogiis
303 684 457 745 illustrari
475 692 508 744 et
524 680 766 744 convenientiae
790 675 997 757 argumentis
1022 673 1162 746 suaderi,
1182 681 1210 733 ut
1261 735 1263 739 ,

124 788 156 849 in
174 787 325 867 sequenti
343 786 427 848 thesi
446 785 668 865 probabimus.

165 923 231 985 108.
279 924 377 980 Tlresz's
400 949 410 980 .·
438 920 652 1000 Mysterium
678 914 941 980 incarnationis
963 917 1076 976 rectae
1100 908 1215 973 rationi

124 1020 268 1083 minime
284 1024 472 1098 repugnat,
489 1018 554 1082 sed
569 1037 588 1081 e
604 1021 739 1093 contra,
758 1012 877 1091 posita
892 1010 970 1090 ejus
994 1008 1215 1084 revelatione,

123 1117 281 1181 maxime
296 1118 513 1180 conveniens
526 1121 686 1194 apparet.

173 1227 203 1274 10
220 1212 303 1275 Non
318 1219 506 1290 repugnat.
555 1213 590 1275 Si
601 1213 690 1272 enim
708 1216 916 1290 repugnaret,
930 1206 1010 1268 illud
1021 1215 1114 1268 esset
1124 1205 1172 1268 vel
1182 1225 1217 1265 ex

124 1322 218 1392 parte
235 1313 347 1386 Verbi,
364 1313 413 1374 vel
439 1334 481 1373 ex
505 1321 598 1394 parte
622 1320 749 1373 naturae
773 1313 938 1385 humanae,
954 1309 1008 1371 vel
1025 1312 1165 1372 tandem
1182 1329 1218 1369 ex

125 1425 218 1495 parte
235 1417 366 1476 unionis
383 1415 619 1496 hypostaticae;
643 1416 745 1494 atqui,

168 1518 227 1598 (A)
241 1518 317 1580 Non
336 1528 499 1599 repugnat
516 1528 658 1598 exparte
678 1518 774 1580 Verbi
791 1542 801 1579 :
826 1518 857 1577 in
876 1524 1007 1578 tantum
1026 1522 1219 1597 repugnaret

125 1621 157 1682 in
175 1631 338 1701 quantum
357 1621 506 1683 Verbum
523 1621 610 1682 vices
627 1620 873 1701 personalitatis
890 1619 1050 1681 humana:
1076 1618 1219 1699 supplere

127 1723 296 1802 nequiret;
328 1723 420 1801 atqui
445 1742 511 1783 non
536 1730 586 1783 est
608 1722 670 1799 ita;
705 1743 782 1784 nam
808 1721 1029 1803 personalitas
1045 1722 1151 1783 Verbi
1176 1728 1218 1780 est

126 1825 265 1900 infinita,
282 1835 315 1886 et
332 1825 480 1886 continet
496 1811 680 1887 eminenter
696 1847 812 1888 omnes
829 1823 1051 1907 perietiiones
1070 1844 1217 1906 persona·

127 1927 229 1989 litatis
265 1937 401 2003 creatae3
447 1936 558 2008 potest
581 1947 661 2008 ergo
685 1930 840 2010 supplere
862 1930 951 1990 vices
979 1928 1218 2009 personalitatis

126 2029 290 2091 humanae.
339 2029 487 2091 Aliunde
518 2033 720 2095 assumendo
748 2044 901 2096 naturam
939 2031 1136 2107 humanam,
1162 2050 1218 2092 non

126 2134 250 2195 amittit
267 2131 485 2213 perfetiiones
503 2154 587 2209 suas,
599 2155 664 2196 non
683 2146 831 2199 mutatur
848 2136 1033 2210 intrinsece,
1045 2136 1105 2196 sed
1122 2135 1218 2196 solum
1260 2204 1263 2215 1

126 2235 168 2297 ad
186 2257 220 2297 se
237 2237 345 2297 elevat
369 2245 402 2297 et
419 2236 574 2299 nobilitat
590 2237 771 2302 humanam
789 2251 941 2302 naturam
962 2264 968 2302 :
1004 2240 1097 2313 item,
1113 2258 1219 2300 omnes
1261 2298 1263 2305 .

129 2341 331 2400 mutationes
359 2348 391 2400 et
419 2341 598 2419 passiones
627 2364 701 2422 quae
726 2345 758 2404 in
787 2343 920 2407 Christo
951 2343 1092 2415 suerunt,
1121 2353 1157 2404 ut
1180 2341 1194 2403 l
1210 2377 1219 2385 ·

130 2462 208 2516 mes,
232 2443 314 2517 sitis,
338 2442 441 2516 dolor,
468 2441 647 2507 humanam
680 2457 844 2522 naturam,
876 2467 942 2509 non
975 2447 1126 2508 divinam
1158 2444 1220 2507 affi-
1261 2444 1263 2497 ἷ

127 2547 286 2608 ciebant3.

163 2726 284 2779 ¹C0loss.
303 2726 324 2789 I,
339 2723 383 2788 26;
403 2724 506 2792 Ephes.
525 2725 581 2787 Ill,
597 2723 622 2777 8.

161 2811 171 2840 2
184 2811 375 2866 Unitariorum
385 2825 553 2879 argumenta
563 2813 676 2881 exponit
687 2815 720 2866 F.
733 2814 842 2881 Clariae,
852 2815 1027 2882 Orthodoxy,
1044 2832 1068 2868 c.
1083 2815 1166 2882 Vlll,
1180 2813 1223 2883 53,

123 2917 154 2968 -p.
171 2913 222 2965 203
236 2917 290 2968 sq.;
308 2897 450 2967 praecipua
470 2898 541 2952 infra
555 2900 646 2951 soluta
660 2900 793 2954 invenies

162 2983 257 3039 ³Hinc
276 2985 393 3053 intelligi
414 2987 496 3039 datur
515 3003 570 3055 quo
589 2986 657 3038 vitio
677 2988 805 3042 laborent
825 2976 1005 3042 difficultates
1033 2989 1070 3041 ab
1094 2989 1225 3043 Unitariis

60 3111 62 3116 .
127 3070 336 3142 propositae(F‚
355 3073 492 3138 Clarital.
510 3071 591 3136 cit.);
619 3073 717 3126 dicunt
740 3075 880 3143 siquidem
895 3075 989 3128 Deum
1012 3075 1166 3138 inlinitum,
1182 3076 1223 3144 qui

128 3171 218 3213 totum
228 3160 316 3227 replet
329 3176 362 3211 ac
373 3169 511 3213 sustentat
520 3160 625 3225 orbem,
638 3159 665 3211 in
678 3160 829 3214 Palaestina
843 3163 921 3216 nasci
935 3180 991 3215 non
1005 3162 1132 3232 potuisse
1146 3183 1151 3217 :
1170 3163 1224 3232 quit

128 3243 204 3297 enim
218 3242 293 3295 orbis
307 3258 402 3293 curam
416 3243 540 3309 gerebat,
557 3242 625 3294 dum
640 3244 718 3295 Deus
737 3244 831 3297 infans
851 3245 879 3296 in
893 3245 1020 3313 Virginis
1036 3243 1141 3299 Mariae
1160 3246 1227 3298 ulnis

128 3329 286 3384 ferebatur?
322 3326 448 3382 Aliunde
462 3327 546 3398 Jesus
559 3339 641 3381 natus
655 3339 683 3382 et
696 3338 822 3381 mortuus
835 3338 886 3394 est,
900 3328 1004 3382 samem
1023 3339 1051 3381 et
1072 3329 1151 3382 sitim
1170 3345 1228 3396 pas·

129 3436 176 3472 sus
189 3427 247 3480 est;
264 3418 390 3485 jamvero
405 3418 483 3468 Deus
497 3414 677 3484 impassibilis
697 3424 746 3468 est.
787 3415 859 3467 Haec
872 3424 900 3467 et
913 3415 969 3468 alia
982 3415 1147 3484 hujusmodi
1160 3416 1227 3469 falso

129 3503 284 3558 innituntur
303 3504 447 3571 supposito
469 3502 544 3570 quod
557 3503 693 3564 Verbum,
708 3502 776 3553 dum
798 3501 883 3554 homo
902 3500 994 3555 satius
1013 3511 1065 3566 est,
1082 3501 1230 3555 cessaverit

129 3610 192 3646 esse
214 3593 316 3644 Deus:
348 3590 423 3658 quod
445 3588 562 3641 concedi
586 3589 695 3641 videtur
716 3606 734 3640 a
756 3588 927 3656 quibusdam
950 3589 1180 3642 Protestantibus
1200 3604 1230 3640 ac

130 3678 247 3748 proinde
261 3688 358 3730 contra
371 3693 420 3728 eos
433 3675 523 3743 urgeri
538 3685 639 3743 potest,
654 3675 734 3727 seda
748 3674 904 3727 Catholicis
923 3674 1040 3728 omnino
1059 3675 1194 3744 rejicitur,
1206 3686 1230 3726 ut

131 3768 201 3820 infra
214 3765 343 3833 explicite
356 3763 490 3818 dicemus.
532 3764 657 3816 Verbum
676 3763 752 3816 enim
766 3763 803 3816 ad
817 3779 847 3815 se
859 3761 997 3815 elevando
1010 3761 1169 3815 humanam
1187 3778 1231 3814 na·

129 3867 230 3919 turam,
239 3853 363 3906 divinam
377 3869 433 3904 non
447 3851 555 3914 amisit;
575 3861 657 3904 natus
671 3859 713 3902 est
727 3848 841 3917 quidem
855 3848 883 3900 in
897 3847 1065 3901 Bethlehem
1080 3849 1231 3902 secundum

130 3943 283 3994 humanam
297 3950 436 4002 naturam,
450 3938 499 3990 sed
513 3948 636 3990 aeternus
649 3946 676 3989 et
690 3936 846 3988 immensus
860 3933 997 3988 remansit
1017 3935 1176 3988 secundum
1195 3933 1231 3986 di·

129 4029 225 4080 vinam
238 4037 378 4088 naturam,
394 4036 421 4078 et
436 4026 502 4078 dum
517 4025 577 4094 ipse
591 4024 619 4076 in
633 4024 706 4078 ulnis
722 4026 753 4075 B.
773 4023 873 4077 Mariae
887 4022 1011 4090 Virginis
1025 4028 1060 4076 ut
1071 4024 1156 4077 homo
1168 4023 1233 4076 lere·

130 4117 221 4177 batur,
236 4129 333 4166 curam
345 4113 430 4164 totius
444 4111 565 4165 universi
579 4116 613 4163 ut
622 4112 699 4163 Deus
711 4109 828 4164 minime
842 4108 1054 4163 intermittebat.
1098 4111 1179 4165 ldem
1192 4109 1233 4162 dic

127 4201 164 4255 de
177 4200 279 4255 ceteris
296 4218 302 4255 :
330 4204 364 4253 ut
374 4198 456 4251 honio
468 4198 636 4269 patiebatur,
649 4197 790 4250 esuriebat
803 4207 831 4249 et
844 4206 970 4250 mortuus
983 4205 1036 4262 est,
1049 4196 1102 4250 sed
1117 4204 1151 4250 ut
1161 4197 1234 4250 Deus

113 4290 307 4363 impassibilis
320 4302 350 4347 et
365 4288 540 4345 immortalis
553 4303 667 4356 semper
679 4285 742 4339 luit
