2684 4634
208 169 276 218 446
672 170 810 220 CAPUT
828 171 852 217 1.

207 289 341 295 ...ψ-
353 288 776 296 -—--.-...——-.—--——.—...

211 349 307 406 Deum
326 349 478 407 auttorem
496 349 640 418 omnium,
657 359 686 406 et
706 350 813 406 Filium
832 351 895 420 ejus
914 350 1017 422 Jesum
1039 349 1196 408 Christum
1216 349 1294 406 Deun

207 436 356 494 credimus
367 436 406 491 ’'1.
446 437 525 506 Ergo
545 435 590 492 his
607 437 731 507 aliisque
749 438 932 507 testimoniis,
950 455 1017 508 quae
1035 437 1230 508 multiplicari
1248 453 1296 506 pos·

207 532 281 589 sent,
293 532 408 579 constat
422 522 450 577 in
465 522 604 593 primaeva
618 523 753 580 Ecclesia
765 523 908 581 creditam
922 524 1012 581 fuisse
1026 523 1219 582 divinitatem
1233 521 1297 581 Chn'-

207 610 261 679 sti;
286 609 406 666 aliunde
427 608 584 665 adversarii
606 610 734 667 fatentur
751 610 888 668 eamdem
909 610 1000 668 fidem
1020 611 1156 681 viguisse
1176 629 1194 666 a
1213 620 1298 680 quarto

207 696 316 752 saeculo
334 696 362 751 in
381 695 516 753 universa
534 696 676 764 Ecclesia,
696 697 798 768 paucis
816 697 961 754 haereticis
980 697 1137 768 exceptis;
1165 715 1235 767 ergo
1252 695 1298 752 uni·

206 800 288 838 versa
308 784 367 839 sere
390 783 523 838 Ecclesia
545 799 596 852 per
615 783 823 840 novemdecim
850 785 957 841 saecula
979 783 1138 842 Christum
1162 794 1196 841 ut
1220 784 1298 839 Deun

206 868 327 939 agnovit
339 879 368 926 et
381 868 521 926 adoravit.

248 1010 297 1078 75.
348 1001 389 1061 ll.
415 1000 532 1061 Minor
555 1000 765 1064 declaratur:
792 1001 899 1080 Atqui
928 1001 982 1062 illa
1010 1001 1213 1063 universalis
1230 1000 1297 1082 fidu

179 1174 182 1180 Ι
205 1104 358 1184 explicari
373 1104 483 1184 nequit
496 1103 564 1164 sine
581 1104 772 1167 revelatione
787 1105 987 1167 Dreiniraris
1006 1104 1160 1168 Christi:

254 1220 285 1267 10
315 1207 379 1267 Hic
410 1208 498 1268 enirn
532 1209 666 1270 recurrit
697 1217 930 1289 argumentum
956 1207 1025 1288 jam
1054 1210 1249 1290 expositum
1272 1210 1294 1268 in

161 1347 164 1352 -
206 1331 344 1372 numero
368 1313 566 1391 praecedenti
588 1312 699 1392 quoad
724 1312 910 1392 Apostolos
937 1322 970 1374 et
994 1312 1255 1394 Evangelistas:
1275 1312 1293 1372 si

206 1413 356 1476 Christus
373 1435 461 1474 mere
477 1415 519 1476 sit
536 1415 645 1490 hom0,
658 1417 828 1494 quomodo
840 1425 948 1477 totum
962 1415 1078 1477 orbem
1094 1425 1252 1477 terrarum
1263 1413 1293 1474 ad

205 1538 239 1577 se
256 1516 384 1577 trahere
401 1519 519 1598 potuit,
530 1519 678 1579 omnium
694 1518 967 1593 Christianorum,
978 1519 1047 1580 sive
1059 1519 1229 1600 simplices
1244 1519 1294 1579 sint

205 1622 272 1681 sive
289 1618 388 1694 dotti,
405 1621 472 1681 sive
490 1641 651 1701 pauperes
668 1621 736 1681 sive
753 1622 881 1696 divites,
897 1642 963 1682 non
988 1621 1098 1684 solum
1118 1621 1294 1683 admiratio·

205 1744 290 1797 nem,
303 1725 360 1784 sed
377 1725 477 1784 etiam
494 1745 641 1785 amorem
659 1734 693 1784 et
709 1725 834 1785 cultum
852 1725 914 1785 sibi
931 1725 1116 1802 conciliare,
1128 1726 1175 1786 ita
1191 1733 1226 1786 ut
1238 1724 1293 1804 jam

205 1848 224 1888 a
241 1828 470 1891 novemdecim
493 1828 621 1889 saeculis
641 1837 677 1890 ut
700 1827 862 1903 Salvator,
881 1826 1056 1903 Mediator,
1074 1829 1143 1890 imo
1164 1838 1202 1890 ut
1218 1830 1294 1890 Deus

205 1931 237 1991 in
256 1939 327 1991 toto
343 1929 422 1991 orbe
439 1929 619 1992 christiano
637 1941 837 2011 agnoscatur
853 1941 886 1993 et
902 1932 1077 1993 adoretur?
1125 1931 1210 2012 Quis
1227 1932 1295 1991 inter

205 2035 443 2098 illustrissimos
454 2036 606 2098 homines
620 2045 749 2097 tantam
763 2035 976 2098 devotionem
990 2055 1138 2115 unquam
1158 2035 1220 2096 sibi
1232 2053 1295 2096 con·

205 2137 348 2199 ciliavit?
404 2137 645 2212 Alexandrum,
678 2137 854 2211 Caesarem‚
887 2137 1118 2218 Napoleonem
1152 2139 1297 2199 miramur

205 2243 365 2320 quidem:
390 2242 546 2323 sed'quis
571 2263 627 2313 eos
651 2242 780 2304 sincero
803 2261 916 2303 amore
939 2242 1059 2322 diligit,
1085 2243 1160 2322 quis
1185 2242 1297 2303 eisdem

205 2346 330 2407 cultum
355 2346 458 2407 latriae
478 2346 604 2407 solvere
628 2366 772 2426 unquam
798 2345 977 2427 cogitavit?
1023 2345 1068 2406 Et
1085 2355 1200 2408 tamen
1219 2345 1298 2410 Chri-

204 2460 274 2511 stus
291 2449 412 2530 ubique
429 2450 557 2524 colitur,
570 2449 691 2528 ubique
704 2454 843 2525 amatur,
857 2449 979 2530 ubique
992 2449 1185 2511 adoratur2!
1227 2450 1300 2511 Haec

204 2553 317 2618 omnia
334 2552 478 2633 perfedtc
495 2553 734 2633 intelliguntur,
751 2553 777 2613 si
794 2572 869 2614 vere
887 2553 979 2614 Deus
995 2553 1056 2614 sit:
1080 2552 1143 2614 hoc
1161 2554 1250 2615 enim
1266 2555 1300 2614 de

204 2677 238 2716 se
262 2657 334 2737 ipso
358 2656 466 2717 adhuc
491 2657 603 2717 vivens
628 2656 853 2737 praedixerat:
885 2655 959 2717 “Et
987 2675 1058 2735 egn,
1082 2655 1109 2716 si
1137 2657 1300 2717 exaltatus

204 2761 295 2820 suero
320 2780 339 2820 a
359 2762 453 2834 terra,
471 2760 584 2820 omnia
602 2759 731 2820 traham
754 2758 796 2819 ad
817 2758 981 2838 meipsum
993 2758 1007 2784 ’⁹
1032 2757 1118 2840 (soa.
1137 2759 1221 2834 Xll,
1239 2759 1299 2839 32);

204 2850 260 2924 sed
278 2863 304 2924 si
323 2883 431 2923 merus
448 2864 491 2922 sit
507 2862 617 2938 hom0,
631 2862 656 2922 si
674 2862 938 2943 sapientissimos
954 2872 988 2924 et
1004 2861 1240 2938 nobilissimos,
1252 2863 1300 2942 qui

203 2986 346 3045 unquam
379 2966 523 3028 vixerint
551 2966 702 3030 homines
734 2967 909 3049 deceperit,
937 2964 1000 3026 hoc
1031 2974 1080 3026 est
1114 2976 1299 3046 portentum

203 3070 357 3130 humanae
375 3079 501 3131 naturae
520 3069 647 3150 legibus
664 3078 732 3130 tam
751 3071 952 3130 contrarium
970 3079 1006 3131 ut
1018 3069 1170 3131 omnium
1185 3080 1299 3152 myste-

203 3173 323 3233 riorum
342 3172 383 3232 sit
401 3173 527 3234 creditu
544 3172 804 3234 difficillimum.
852 3186 886 3234 20
899 3173 966 3237 Sed
984 3173 1119 3253 insuper
1134 3174 1197 3236 nisi
1215 3175 1299 3238 Chri·

205 3329 275 3336 0..—

238 3444 245 3465 1
260 3414 301 3466 ef.
316 3416 449 3480 ltuztravr,
461 3412 533 3466 Atta
549 3417 713 3483 Martyrum,
725 3414 797 3469 neta
808 3417 835 3469 S.
851 3417 962 3484 Ignatii,
976 3419 1004 3471 S.
1020 3420 1170 3485 MartialiS,
1184 3424 1212 3476 S'.
1227 3423 1298 3474 Mau-

201 3501 274 3565 ritii;
294 3501 405 3569 aliaque
421 3501 582 3554 testimonia
599 3504 659 3570 lege
677 3520 740 3572 quae
757 3504 785 3555 in
802 3505 897 3557 Indice
915 3518 1173 3562 commemorantur
1189 3511 1240 3563 sub
1252 3510 1298 3562 hoc

201 3589 299 3641 titulo:
322 3589 448 3642 Christus
464 3593 542 3643 Deus
556 3601 679 3644 assertus
693 3610 709 3645 a
725 3593 904 3660 Martyribus

235 3675 338 3742 ²Quod
349 3677 511 3745 eloquenter
520 3678 622 3730 evolvit
632 3675 812 3743 Larordar're,
824 3696 868 3748 op.
881 3680 925 3732 cit.
936 3692 982 3747 39‘·
994 3681 1071 3735 Conf.
1081 3699 1110 3749 p.
1122 3696 1156 3752 73
1168 3685 1213 3738 ed.
1230 3685 1298 3748 1884;

201 3761 229 3812 in
243 3762 355 3828 anglica
369 3762 497 3816 versione
512 3764 527 3816 l.
543 3765 596 3830 lll,
606 3767 667 3818 The
680 3766 846 3819 foundation
859 3767 890 3818 of
900 3767 948 3821 the
962 3768 1039 3836 reign
1051 3768 1082 3821 of
1086 3771 1112 3837 J.
1126 3771 1162 3824 X.
1182 3773 1222 3826 Cf.
1234 3774 1299 3824 Beu-

195 3851 284 3920 gaud,
301 3867 345 3918 op.
363 3851 419 3917 cit,
433 3854 486 3904 vol.
504 3854 541 3918 ll,
556 3866 584 3918 30
598 3864 678 3922 part,
693 3866 714 3906 c.
730 3854 752 3904 6,

234 3947 244 3978 ³
261 3940 438 4006 “Quomodo
458 3941 516 3994 fieri
536 3952 629 4010 potest
648 3953 676 3995 ut
696 3942 816 3995 rusticus
832 3943 951 4012 judaeus,
965 3961 1000 3996 ne
1013 3944 1172 4000 litterarum
1186 3948 1299 4016 syriaca·

199 4043 259 4078 rum
279 4026 393 4093 quidem
414 4028 526 4095 peritus,
547 4029 597 4080 has
620 4028 750 4081 veritates
770 4030 918 4098 concipere
939 4029 1068 4100 potuerit,
1090 4047 1156 4101 quae
1175 4034 1299 4088 humana

199 4113 324 4166 scientiae
347 4115 448 4166 limites
471 4114 620 4183 ampliores
642 4114 801 4182 effecerunt,
822 4132 941 4185 quaeque
964 4116 1076 4170 unicam
1100 4121 1298 4178 revolutionem

197 4211 334 4268 peperunt
348 4211 451 4253 nostrae
464 4201 558 4269 stirpis
571 4201 717 4255 historiam
732 4203 948 4257 immutantem?
985 4205 1137 4273 Quomodo
1155 4209 1299 4264 consilium
1321 4210 1328 4231 ⁶

198 4289 257 4356 ejus
272 4288 319 4341 tali
333 4289 434 4342 virtute
447 4290 541 4358 perfici
554 4288 646 4358 potuit
653 4300 687 4345 -ut
695 4308 787 4352 regna
797 4290 972 4351 validissime
980 4293 1146 4364 οκωωοείῐ,
1156 4295 1299 4367 religiones
