2684 4634
346 181 400 229 DE
421 178 640 230 ursmaro
658 175 995 227 REDEMPTIONIS.
1157 173 1222 223 569

118 359 318 430 reparationis
330 377 383 418 seu
396 359 611 432 redemptionis
625 367 742 431 nostras,
755 374 815 413 non
829 366 930 413 autem
943 355 1013 426 quia
1026 354 1081 412 luit
1094 354 1224 411 intentus

118 457 192 505 ante
204 465 311 506 omnes
329 447 401 505 alias
419 457 583 513 creaturas;
610 446 656 503 vel
676 446 745 517 quia
762 446 851 509 Deus,
868 442 1013 500 mundum
1033 440 1223 500 decernendo

119 552 155 591 ac
167 536 310 606 creando,
322 534 362 593 ad
371 535 524 595 Christum
538 533 674 605 respexit,
687 550 776 605 quem
791 541 822 589 ut
835 532 965 588 futurum
979 529 1084 587 mundi
1095 528 1222 586 Redem-

119 631 239 693 ptorem
251 624 313 694 jam
326 621 455 681 videbat.

154 709 207 778 (Β)
217 709 352 768 Christus
366 719 411 767 est
427 708 671 781 “primogenitus
685 707 782 764 omnis
795 714 943 774 creaturae,
958 703 1100 776 quoniam
1114 703 1143 760 in
1157 703 1223 776 ipso

119 794 245 854 condita
256 807 326 855 sunt
338 797 474 855 universa
486 796 516 853 in
530 796 613 854 coelis
627 805 656 853 et
670 795 699 851 in
714 796 801 864 terrm
828 793 929 850 omnia
943 809 995 864 per
1009 792 1107 864 ipsum
1126 801 1222 849 creata

119 893 190 940 sunt
200 883 242 940 ''¹.
283 883 376 942 Unde
387 883 430 941 sic
444 905 450 941 ε
469 902 505 941 ex
518 883 569 939 illo
583 892 663 939 textu
677 881 813 940 Christus
826 889 858 937 ut
871 879 964 936 homo
977 888 1021 936 est
1041 878 1220 951 primogeni-

119 978 167 1026 tus
185 971 284 1027 omnis
297 979 438 1030 creaturae
446 990 454 1043 ;
473 970 554 1042 atqui
569 987 629 1027 non
645 978 689 1026 est
703 966 918 1040 primogenitus
931 966 1046 1024 ratione
1065 967 1220 1037 temporis;

118 1073 193 1128 ergo
205 1069 250 1116 est
263 1059 476 1131 primogenitus
490 1059 603 1116 ratione
616 1056 796 1113 intentionis.
808 1053 1036 1126 —Respondent
1046 1053 1131 1110 multi
1141 1053 1220 1110 Tho-

120 1145 217 1203 mistae
232 1166 239 1203 z
268 1146 323 1204 Illa
336 1146 426 1204 verba
438 1144 632 1216 intelligenda
645 1153 713 1200 sunt
733 1143 771 1200 de
785 1142 905 1201 Christo
924 1149 955 1197 ut
970 1141 1046 1210 De0‚
1062 1150 1091 1197 et
1110 1140 1220 1211 signifi-

119 1241 190 1289 cant
204 1232 337 1290 Verbum
355 1233 445 1292 fuisse
463 1232 597 1305 genitum
618 1241 686 1288 ante
706 1247 812 1287 omnes
831 1238 978 1286 creaturas
997 1236 1027 1285 et
1049 1245 1101 1300 per
1121 1228 1217 1300 ipsum

120 1319 224 1376 omnia
242 1330 340 1378 creata
364 1320 460 1391 fuisse,
488 1331 520 1377 ut
541 1338 576 1377 ex
597 1327 737 1375 contextu
760 1316 830 1373 satis
852 1315 1004 1373 evincitur.
1022 1346 1055 1354 —
1077 1315 1217 1386 Aliunde,

120 1405 238 1463 etiamsi
250 1408 289 1466 de
301 1407 420 1467 Christo
434 1407 556 1465 homine
569 1406 735 1474 audiantur,
754 1414 877 1476 possunt
891 1402 1074 1475 interpretari
1091 1413 1123 1461 ut
1132 1407 1220 1461 verba

120 1492 346 1551 proverbiorum
359 1495 494 1567 superius
508 1494 556 1564 (A)
568 1492 710 1564 exposita.

154 1627 212 1683 ²5²·
254 1623 284 1671 2ο
304 1614 358 1670 Ex
380 1614 470 1671 Trad.
511 1612 646 1670 Scotistae
673 1611 837 1668 innituntur
867 1610 1028 1681 praesertim
1048 1611 1216 1669 auctoritati

121 1698 152 1756 S.
172 1700 303 1770 cyrillo.
342 1700 717 1774 RespondentThomistae:
747 1697 774 1754 S.
792 1697 919 1770 Cyrillus
933 1701 998 1755 loco
1011 1699 1102 1755 citato
1115 1698 1221 1769 probat

119 1795 225 1844 contra
232 1788 358 1847 Arianos
367 1789 553 1847 divinitatem
562 1787 664 1853 Verbi,
675 1798 703 1845 et
717 1786 756 1843 de
769 1786 879 1843 aeterna
891 1786 954 1856 ejus
962 1787 1153 1856 generatione
1163 1787 1220 1845 dis-

119 1884 238 1946 putans,
250 1876 323 1934 dicit
335 1876 469 1935 Verbum
484 1895 545 1933 non
560 1876 648 1932 fuisse
661 1894 678 1932 a
693 1874 755 1932 tota
768 1873 931 1930 aeternitate
950 1873 1082 1943 genitum
1102 1885 1222 1947 propter

120 1979 199 2018 nos:
235 1964 317 2034 quod
344 1963 467 2036 quidem
488 1963 563 2021 thesi
583 1971 691 2019 nostrae
711 1979 772 2017 non
799 1959 967 2030 opponitur.
1016 1959 1095 2017 Alibi
1121 1971 1220 2020 autem

120 2049 149 2106 S.
163 2049 292 2121 Cyrillus
306 2051 383 2109 clare
398 2061 426 2109 et
439 2068 577 2122 expresse
591 2049 698 2106 thesim
712 2049 738 2104 T
741 2046 928 2105 homisticam
940 2045 1028 2104 docet
1042 2047 1086 2104 his
1100 2048 1196 2106 verbis
1213 2070 1219 2106 :

123 2137 206 2194 “nisi
221 2138 300 2196 enim
314 2156 530 2211 peccassemus,
548 2156 608 2193 non
623 2136 717 2194 sacius
731 2135 832 2191 luisset
847 2134 937 2191 nostri
952 2134 1053 2191 similis
1063 2139 1076 2164 ”
1086 2147 1104 2194 ³.

153 2273 213 2330 253.
254 2269 283 2328 3⁰
295 2258 428 2316 Ratione.
467 2259 602 2316 Scotistae
616 2257 709 2313 multa
728 2253 944 2312 convenientiae
963 2267 1137 2326 argumenta
1153 2260 1219 2317 affe·

119 2353 189 2401 runt
201 2345 241 2403 ad
253 2347 426 2418 opinionem
440 2364 523 2403 suam
538 2345 732 2403 suadendam.
773 2342 821 2413 (A)
835 2342 946 2399 Dicunt
959 2342 1107 2414 siquidem
1122 2346 1220 2404 Incar-

119 2431 274 2490 nationem
283 2434 382 2504 Verbi,
394 2433 605 2497 antecedenter
617 2432 655 2490 ad
670 2439 826 2503 peccatum
841 2430 999 2501 decretam,
1012 2432 1137 2490 multum
1152 2453 1221 2492 con·

119 2520 196 2580 ferre
208 2521 248 2579 ad
261 2523 424 2594 potentiam
439 2531 468 2580 et
479 2521 643 2579 bonitatem
661 2521 717 2577 Dei
730 2518 987 2587 manifestandam,
999 2551 1028 2558 —
1046 2519 1084 2576 ad
1097 2521 1219 2591 gloriam

119 2605 214 2677 ipsius
227 2605 337 2665 Christi
351 2608 475 2679 ejusque
490 2609 603 2678 Matris,
619 2608 704 2665 —ad
718 2607 863 2663 honorem
877 2606 1000 2662 humani
1013 2609 1137 2680 generis,
1153 2629 1220 2669 nec-

120 2710 182 2750 non
189 2693 230 2750 ad
239 2695 493 2765 complementum
508 2697 597 2754 totius
611 2695 747 2752 universi.
760 2693 896 2764 -Quod
910 2693 1036 2751 libenter
1049 2699 1220 2758 concedunt

119 2779 257 2852 plerique
265 2780 447 2849 Thomistae;
465 2784 517 2841 sed
531 2802 566 2840 ex
580 2783 638 2840 hoc
651 2782 773 2837 minime
787 2780 919 2851 sequitur
929 2780 1168 2842 Incarnationem
1181 2787 1220 2844 de

119 2865 209 2936 sacto,
229 2867 348 2926 Adamo
366 2886 426 2925 non
444 2881 598 2942 peccante,
613 2871 740 2927 suturam
758 2867 864 2937 fuisse3
892 2885 953 2924 non
973 2869 1052 2925 enim
1072 2871 1220 2944 quidquid

119 2954 333 3014 convenienter
351 2956 413 3014 lieri
433 2967 539 3029 potest,
562 2976 598 3016 eo
622 2958 687 3029 ipso
708 2956 756 3023 fit;
784 2954 917 3026 alioquin
938 2954 1024 3012 simili
1044 2972 1220 3029 argumento

119 3041 296 3114 probaretur
314 3043 377 3101 fieri
390 3045 529 3104 debuisse
543 3047 689 3103 mundum
703 3054 805 3101 nostro
816 3042 1031 3114 perfectiorem,
1042 3055 1131 3116 atque
1145 3050 1219 3120 opti-

119 3130 261 3187 mismum
282 3132 446 3190 tenendum
468 3152 540 3191 esse.
581 3133 672 3191 Unde
695 3140 870 3202 argumenta
891 3129 1060 3200 hujusmodi
1084 3133 1219 3192 Incarna-

117 3216 209 3275 tionis
231 3218 455 3290 possibilitatem
478 3239 513 3278 ac
534 3219 773 3278 convenientiam
797 3234 856 3274 non
878 3226 945 3274 ante
960 3217 1151 3289 saturitatem
1173 3242 1218 3281 ex-

118 3303 234 3361 hibent.

155 3482 264 3536 ‘Coloe
280 3482 293 3535 1
321 3499 333 3537 r
378 3482 417 3537 16.

154 3566 223 3623 'Sic
235 3495 365 3638 arghit}
376 3570 501 3640 Cyrillus
510 3582 608 3624 contra
617 3572 737 3624 Arianos
749 3570 790 3637 (T
787 3569 899 3622 ltesozrr.
912 3569 958 3622 lib.
974 3583 995 3638 5,
1005 3589 1029 3624 c.
1043 3571 1070 3638 3)
1086 3592 1091 3626 :
1111 3573 1127 3600 “
1137 3576 1176 3639 Si,
1189 3588 1219 3631 ut

118 3653 246 3710 haeretici
265 3655 369 3723 dicunt,
389 3663 422 3709 ut
439 3674 489 3709 nos
500 3658 669 3726 produceret
692 3659 779 3721 Deus,
794 3655 904 3707 Filium
917 3657 1066 3725 produxit,
1088 3659 1140 3712 erit
1159 3661 1219 3730 ipse

112 3747 237 3812 propter
243 3758 293 3796 nos
304 3742 402 3809 fotius,
414 3761 469 3796 non
479 3761 530 3796 nos
533 3748 655 3813 propter
662 3747 755 3812 ipsum
757 3763 771 3810 ;
790 3762 839 3797 cur
849 3760 917 3810 ergo
927 3745 1005 3796 nobis
1017 3762 1072 3798 non
1081 3754 1217 3817 agetgro-

72 4432 115 4449 Ψ

118 3831 170 3896 tia,
175 3829 222 3898 qui
229 3833 403 3899 propternos
412 3831 471 3883 est?
491 3831 552 3884 Erit
561 3831 648 3883 etiam
659 3834 717 3899 ipse
727 3831 869 3900 sicglorio
880 3839 985 3898 nostro,
995 3833 1139 3903 utfemt'no
1147 3839 1219 3901 virt}

118 3934 177 3970 non
187 3917 264 3970 enim
274 3917 316 3970 vir
328 3928 438 3971 creatus
448 3929 489 3971 est
499 3929 611 3986 propter
621 3919 764 3986 feminam,
781 3919 831 3971 sed
845 3919 951 3972 femina
961 3928 1076 3988 propter
1085 3922 1175 3975 virum

119 4003 151 4058 Si
165 4007 286 4072 propter
302 4020 353 4056 nos
371 4005 465 4056 Filius
485 4004 574 4057 faclus
594 4016 645 4070 est,
657 4007 750 4073 primi
766 4023 816 4058 nos
835 4007 938 4059 erimus
958 4008 1033 4074 apud
1050 4009 1157 4073 l)eum;
1177 4011 1216 4064 sic

119 4090 197 4145 enim
212 4093 290 4151 Deus
302 4108 353 4145 nos
362 4095 464 4161 primo,
477 4094 574 4145 deinde
587 4094 696 4145 Allium
706 4098 824 4162 propter
840 4111 890 4147 nor
908 4096 1059 4148 z'rrtendzhre
1073 4096 1181 4150 videtur
1191 4100 1210 4152 ''.

119 4182 207 4233 Porro
219 4179 282 4232 haec
294 4180 386 4232 omnia
396 4192 490 4233 censet
506 4182 533 4233 S.
552 4180 670 4247 Cyrillus
684 4181 814 4234 absurda.

153 4265 245 4319 ³Dial.
259 4278 276 4333 5
290 4266 326 4319 de
340 4266 448 4331 Trinit,
468 4269 496 4321 P.
516 4269 547 4321 G.
563 4277 579 4321 t.
596 4281 637 4336 75,
652 4286 677 4338 p.
695 4268 756 4337 968.
