2684 4620
191 186 263 236 ‘394
637 186 778 238 CAPUT
797 188 856 236 111.

195 365 380 426 custodiam
394 364 555 427 bonorum
571 365 786 447 Angelorum.
830 367 907 428 Non
921 374 1033 428 autem
1048 372 1182 427 constat
1194 363 1288 425 homi·
1326 356 1334 411 ἑ

196 487 253 528 nes
277 466 385 541 luisse,
404 479 659 549 perpeccatum
683 469 852 551 originale,
876 489 1007 531 aversos
1031 489 1052 529 a
1077 466 1154 530 Deo
1176 465 1289 528 ut-fine
1326 461 1334 516 7]

195 570 338 631 naturali
353 591 359 646 ;
383 590 460 632 nam
477 570 579 633 homo
595 573 789 635 naturaliter
804 572 913 635 tendit
929 573 970 634 ad
989 571 1116 646 Deum,
1124 580 1159 632 et
1169 569 1213 631 nil
1224 590 1288 651 pro·
1326 562 1334 620 5⁵

195 672 253 734 bat
283 673 372 734 illam
402 674 585 737 naturalem
615 677 821 739 tendentiam
849 665 907 756 per
934 683 1110 756 peccatum
1140 672 1289 753 originale
1327 687 1333 725 ῑ

196 785 360 838 mutatam
392 775 498 840 fuisse.
545 779 704 841 Fatcmur
734 779 890 860 equidem
918 784 1174 860 protoparentes
1201 777 1289 856 ipsos,
1328 791 1330 827 1

195 880 374 958 peccand0,
391 899 410 940 a
427 879 500 941 Deo
517 902 650 943 aversos
667 883 766 944 suisse
782 883 884 945 etiarn
909 890 945 944 ut
969 881 1034 943 fine
1054 879 1206 954 naturali,
1220 879 1289 958 quia
1328 894 1334 931 ἰ

194 983 335 1045 scienter
357 991 390 1045 et
413 983 563 1047 volenter
586 994 790 1066 praeceptum
815 984 973 1048 naturalis
996 983 1080 1064 legis
1103 980 1288 1061 transgressi
1323 1044 1326 1059 ,

195 1095 281 1161 sunt,
297 1105 364 1166 quo
382 1086 455 1148 Deo
473 1089 670 1150 mandatum
687 1087 938 1169 supernaturale
962 1087 1150 1169 imponenti
1167 1085 1289 1155 obedire
1323 1066 1326 1077 ¹

193 1188 354 1268 jubemur.
402 1190 468 1252 Sed
493 1192 616 1270 posteri
639 1190 764 1253 nullam
792 1190 901 1272 legem
931 1189 1130 1270 transgressi
1155 1196 1242 1260 sunt,
1262 1195 1289 1247 ct
1331 1204 1333 1209 ·

195 1295 284 1373 quod
302 1294 348 1355 eis
365 1295 601 1357 transmittitur
614 1315 679 1356 non
694 1306 744 1357 est
757 1297 829 1376 ipsa
841 1295 1075 1376 peccaminosa
1087 1293 1177 1354 Adae
1189 1290 1288 1373 dispo·
1332 1308 1334 1343 ῑ

195 1397 279 1470 sitio,
292 1397 349 1458 sed
363 1395 469 1458 solum
481 1397 624 1477 privatio
637 1399 763 1477 gratiae,
775 1400 842 1478 qud
853 1406 1046 1460 avertuntur
1059 1416 1080 1457 a
1091 1395 1168 1456 Deo
1184 1403 1219 1455 ut
1234 1391 1290 1454 fine

195 1497 446 1580 supernaturali,
464 1509 500 1563 ut
515 1520 616 1580 supra
631 1501 851 1581 exposuimus
865 1512 884 1578 ἒ.
1188 1571 1191 1579 ,

238 1601 295 1682 (C)
312 1602 464 1663 Tandem
483 1602 617 1677 Suarez,
633 1602 857 1665 Bellarminus
868 1615 891 1678 2,
907 1601 1055 1683 plerique
1072 1598 1221 1681 theologi
1239 1599 1291 1662 So-

195 1704 322 1766 cietatis
346 1714 379 1766 et
402 1704 457 1765 alii
482 1704 576 1767 multi
592 1705 715 1769 docent
737 1706 823 1768 vires
846 1703 1013 1770 naturales
1029 1702 1177 1765 hominis
1194 1722 1292 1783 neque

152 1805 154 1809 ’
196 1807 371 1869 intrinsece
394 1826 503 1887 neque
526 1808 714 1869 extrinsece
737 1807 918 1871 diminutas
943 1805 1051 1884 fuisse,
1072 1814 1105 1868 et
1129 1805 1292 1867 hominem

195 1931 259 1971 esse
280 1909 421 1974 nuncin
443 1910 549 1973 eodem
572 1919 659 1972 statu
683 1931 721 1972 ac
732 1910 857 1989 suzlrset
881 1909 916 1970 in
936 1918 1026 1971 statu
1049 1918 1181 1970 naturoe
1194 1919 1293 1990 purte,

195 2033 270 2074 cum
299 2011 355 2073 illa
380 2013 580 2093 exceptione
607 2012 698 2093 quod
724 2032 812 2074 nunc
839 2012 1027 2075 destinatus
1058 2021 1232 2073 remaneat
1256 2010 1293 2072 ad

196 2114 295 2177 finem
312 2115 608 2196 supernaturalem.
657 2115 719 2177 llla
736 2116 901 2177 sententia
918 2115 1013 2177 nobis
1030 2114 1130 2195 longe
1147 2113 1294 2196 probabi·

197 2218 257 2280 lior
280 2219 417 2294 videtur,
441 2219 519 2299 quia
544 2219 650 2298 magis
673 2228 835 2280 consonat
863 2238 938 2280 cum
966 2217 1104 2280 notione
1131 2216 1295 2298 originalis

196 2322 322 2403 peccati
340 2341 439 2402 supra
460 2322 592 2396 tradita,
609 2341 652 2382 ex
674 2325 741 2401 qua
763 2320 925 2396 videlicet,
942 2330 1117 2401 peccatum
1142 2319 1296 2402 originale

196 2435 246 2486 est
273 2445 363 2486 mera
378 2423 527 2504 privatio
549 2424 851 2505 supernaturalium
876 2424 1041 2487 donorum.
1101 2423 1133 2486 N
1136 2445 1175 2487 ec
1201 2424 1296 2504 objici

197 2536 307 2609 potest
331 2527 364 2588 in
388 2528 589 2597 contrarium
610 2527 747 2588 axioma
771 2527 804 2587 in
830 2525 952 2590 Schola
976 2528 1199 2590 communiter
1215 2548 1297 2589 recc-

196 2641 300 2713 ptum‚
318 2650 359 2692 sc.
378 2630 546 2692 hominem
569 2650 627 2710 per
647 2639 822 2710 peccatum
847 2629 1008 2709 originale
1029 2629 1130 2693 fuisse
1141 2630 1299 2712 gratuitis

195 2734 366 2815 spoleatum
385 2744 416 2797 rt
435 2733 641 2806 vulneratum
658 2733 692 2794 in
709 2732 934 2805 naturalibus,·
961 2754 1038 2795 nam
1063 2754 1181 2797 sensus
1195 2733 1299 2814 ¹hujus

196 2840 376 2901 axiomatis
392 2847 443 2901 est
458 2837 627 2923 hominem
645 2836 825 2917 spoliatum
843 2836 942 2898 suisse
954 2837 1116 2916 gratuitis,
1127 2838 1145 2900 i.
1159 2857 1186 2901 e.
1197 2837 1299 2919 gratia

197 2943 335 3022 aliisque
360 2941 456 3002 donis
484 2939 643 3001 indebitis
670 2949 704 3000 et
731 2959 788 3019 per
813 2940 1027 3002 amissionem
1046 2952 1299 3022 preaternalunr-

196 3046 287 3120 lium,
304 3044 512 3107 vulneratum
530 3044 630 3106 suisse
647 3054 888 3125 consequenter
902 3045 936 3105 in
954 3049 1082 3121 natura,
1093 3066 1156 3108 non
1163 3046 1299 3127 philoso-

230 3241 240 3270 ¹
254 3248 338 3314 Quod
352 3247 391 3300 sic
405 3245 518 3316 exponit
531 3246 674 3298 Palmieri
685 3245 735 3312 (th.
750 3246 791 3314 78,
806 3262 832 3314 p.
848 3244 912 3316 609)
929 3265 934 3299 :
955 3246 1018 3299 “Et
1032 3263 1101 3301 sane
1114 3246 1153 3301 ad
1165 3246 1242 3299 bona
1255 3263 1290 3298 na

196 3336 297 3389 turalia
318 3350 494 3404 unaquaeque
516 3350 638 3402 persona
657 3333 743 3386 habet
762 3335 816 3402 jus,
839 3343 920 3403 prout
940 3344 983 3388 est
1002 3322 1123 3401 persona
1142 3332 1298 3402 singularis,
1320 3350 1323 3354 ’

196 3422 304 3497 ratione
324 3439 381 3475 suae
401 3432 531 3474 naturae:
552 3438 568 3473 a
587 3437 643 3489 quo
662 3420 779 3488 proinde
791 3420 852 3489 jure
866 3420 995 3474 excidere
1014 3420 1111 3490 nequit
1124 3408 1178 3473 nisi
1192 3410 1301 3489 propter

197 3518 344 3578 peccatum
358 3506 531 3576 proprium...
574 3508 637 3574 lpse
651 3505 765 3575 quidem
778 3504 930 3576 (Adamus)
950 3504 1015 3560 actu
1034 3522 1158 3574 peccans
1178 3505 1299 3575 quando·

197 3594 312 3663 quidem
325 3606 353 3647 et
366 3605 465 3647 contra
478 3595 569 3661 legem
582 3593 740 3646 naturalem
759 3593 895 3661 peccavit,
908 3609 1022 3646 aversus
1035 3603 1078 3648 est
1092 3608 1206 3662 quoque
1219 3610 1237 3645 a
1250 3593 1300 3645 fine

196 3682 314 3736 naturali
325 3702 331 3746 ;
353 3693 382 3735 at
401 3691 549 3751 peccatum
568 3681 627 3749 ejus
648 3697 704 3732 non
724 3680 876 3748 imputatur
895 3680 978 3733 nobis
997 3678 1050 3732 nisi
1067 3690 1207 3748 quatenus
1221 3685 1299 3746 caput

196 3779 323 3822 nostrum
338 3767 365 3820 in
378 3768 477 3839 *ordine
496 3767 594 3820 morali
614 3766 789 3821 constitutus·
802 3777 869 3834 erat,
887 3765 1009 3834 ideoque
1022 3767 1133 3821 aversio
1146 3767 1206 3835 ejus
1220 3783 1238 3818 a
1249 3765 1299 3816 fine

197 3855 317 3909 naturali
327 3855 379 3907 fuit
389 3855 449 3924 ejus
459 3854 580 3924 propria,
596 3871 648 3906 nec
658 3852 758 3906 transit
772 3853 809 3907 ad
823 3863 949 3922 posteros
960 3853 981 3904 ''.
1023 3852 1099 3906 Hinc
1112 3852 1227 3922 quando
1237 3849 1297 3903 dici-

196 3959 259 3994 mur
271 3940 376 3994 natura
388 3941 446 4002 filii
457 3942 516 4006 ine,
525 3942 637 3993 inimici
651 3942 711 4007 Dei,
723 3940 752 3992 id
766 3941 801 3994 de
815 3939 912 3994 ordine
927 3939 1132 4008 supernaturali
1147 3937 1296 4006 intelligen-

197 4030 264 4082 dum
283 4038 334 4096 est,
352 4045 409 4080 non
429 4028 464 4081 de
479 4028 577 4081 ordine
596 4027 725 4081 naturali.
765 4027 819 4080 Vix
837 4027 912 4082 enim
930 4027 1040 4096 concipi
1054 4037 1148 4096 potest
1161 4023 1295 4097 quomodo

198 4118 276 4170 Deus
291 4131 386 4168 creare
399 4114 488 4183 possit
501 4114 627 4168 animam
640 4114 832 4168 naturalitera
846 4114 939 4184 seipso
953 4130 1091 4168 aversam.
1220 4105 1223 4113 ’

227 4203 290 4258 Ἦ,
308 4204 426 4271 Srcarea,
441 4202 479 4257 de
493 4201 601 4272 Gratia,
617 4201 775 4269 Prolegom.
788 4201 907 4265 luca
917 4221 927 4264 ·,
948 4201 1146 4269 Bellarminus,
1163 4191 1289 4255 deGrat.

84 4318 86 4322 ¹
177 4293 267 4363 primi
283 4294 361 4350 horn.
380 4312 404 4350 c.
422 4307 455 4364 53
476 4290 638 4360 Mazzello,
650 4309 680 4344 u.
698 4289 839 4356 totosqr
859 4285 1122 4345 Palinurum-rt.
