2684 4634
128 183 196 232 474
577 181 714 231 CAPUT
733 183 774 229 11.

124 363 311 445 corporalis,
334 383 452 444 corpus
479 373 512 425 et
536 364 656 438 anima,
683 373 752 423 tam
777 362 892 423 intime
916 345 1007 421 uniri
1027 367 1163 440 possunt
1184 366 1213 417 ut

124 489 224 529 unam
249 477 400 529 naturam
425 477 457 529 et
481 488 581 528 unam
610 486 784 548 personam
807 464 991 539 efforment,
1020 465 1095 544 quis
1122 461 1214 522 dicere

124 571 259 632 audebit
278 572 352 633 Deo
368 569 573 651 impossibile
597 590 668 631 esse
692 579 845 630 naturam
864 567 1009 630 divinam
1028 575 1061 628 et
1077 575 1215 627 naturam

124 673 304 734 humanam
333 675 364 734 in
390 693 490 734 unam
516 693 691 753 personam
716 672 924 734 coadunare?
971 671 1097 730 Nonne
1120 669 1218 730 omnia

123 776 293 856 possibilia
309 785 386 837 sunt
403 777 488 856 apud
507 776 627 848 Deum,
643 795 718 856 quae
742 795 809 836 non
826 773 888 834 sibi
905 773 1046 834 invicem
1064 770 1219 832 contradi·

123 886 227 941 cunt?
275 880 464 942 illustratur
488 881 621 959 insuper
645 878 804 960 exemplo
831 877 964 951 arboris
991 877 1044 938 cui
1078 876 1222 936 inseritur

124 1003 234 1044 ramus
259 992 459 1056 extraneus;
490 991 569 1043 tunc
595 982 683 1042 enim
711 1002 755 1042 ex
780 985 846 1042 una
870 980 988 1055 radice,
1013 998 1082 1039 uno
1106 986 1222 1064 trunco³

123 1085 333 1165 proferuntur
356 1085 431 1146 duae
452 1085 578 1164 species
601 1081 777 1146 fructuum.
822 1083 987 1163 jamvero,
1003 1083 1030 1143 si
1050 1101 1105 1143 res
1129 1082 1173 1142 ita
1194 1099 1223 1140 se

123 1188 225 1250 habet
241 1189 272 1250 in
291 1190 406 1250 ordine
423 1187 573 1262 naturali,
588 1208 646 1248 cur
663 1188 752 1249 Deus
769 1207 833 1247 non
852 1195 973 1267 posset,
989 1186 1022 1247 in
1044 1187 1163 1248 ordine
1178 1204 1222 1245 su-

123 1292 333 1370 pernaturali,
360 1301 512 1353 naturam
544 1292 690 1352 divinam
721 1300 754 1352 et
786 1300 938 1352 naturam
969 1290 1154 1351 humanam
1184 1289 1224 1348 ita

123 1394 267 1454 unirent
284 1395 400 1455 eadem
424 1415 565 1474 persona
588 1392 713 1455 fructus
736 1394 866 1456 divinos
887 1393 985 1454 simul
1008 1402 1042 1454 et
1064 1393 1223 1454 humanos

123 1497 267 1577 proferre
291 1504 483 1578 posseti—
504 1499 667 1578 Obsiciunt
689 1500 824 1578 quidem
853 1498 1057 1561 adversarii:
1086 1498 1224 1559 Interea

123 1621 197 1679 quae
214 1600 371 1661 uniuntur
387 1603 562 1681 requiritur
578 1601 769 1681 proportio;
791 1602 883 1681 atqui
903 1601 994 1664 nulla
1018 1611 1070 1663 est
1095 1620 1222 1682 propor-

123 1704 169 1764 tio
186 1704 271 1764 inter
286 1703 433 1765 Verbum
458 1713 492 1765 et
516 1713 668 1765 naturam
685 1703 874 1764 human‘am.
920 1704 1014 1784 Resp.
1033 1729 1045 1767 .·
1062 1703 1166 1765 Nulla
1180 1711 1223 1763 est

123 1806 293 1886 proportio
308 1806 513 1884 aequalitatis,
529 1807 677 1888 concedo
691 1829 698 1883 ;
722 1805 813 1867 nulla
835 1815 886 1867 est
909 1808 1082 1888 proportio
1099 1806 1223 1878 ordinis,

123 1928 230 1988 nego;
254 1928 331 1969 nam
348 1910 434 1970 inter
449 1908 599 1970 Verbum
624 1918 657 1970 et
681 1918 830 1970 naturam
845 1909 1027 1970 humanam
1044 1909 1142 1971 adest
1157 1927 1223 1989 pro-

123 2011 233 2091 portio
257 2031 332 2091 quae
359 2011 475 2072 existit
499 2012 585 2072 inter
608 2008 790 2090 perfeetum
814 2021 847 2073 et
871 2009 1087 2092 perfectibile,
1112 2021 1145 2073 et
1167 2012 1223 2072 hoc

123 2113 291 2175 sufficitut
303 2113 382 2174 unio
395 2113 438 2174 sit
451 2113 633 2194 possibilis;
657 2134 744 2188 nam,
761 2125 797 2176 ut
813 2114 860 2176 ait
877 2113 911 2176 S.
931 2113 961 2175 T
958 2115 1101 2189 limnasff,
1115 2121 1130 2146 “
1141 2112 1222 2194 quod

18 2289 20 2292 y
123 2225 173 2277 est
190 2213 372 2296 perfectum
393 2217 425 2277 in
448 2237 483 2277 se
502 2237 567 2277 non
591 2217 703 2277 unitur
726 2216 819 2277 alteri
844 2217 885 2278 ad
909 2217 1155 2296 acquirendam,
1171 2216 1223 2276 sed

123 2319 165 2379 ad
194 2320 507 2380 communicandam
536 2316 780 2400 perfeetionem.
837 2320 882 2380 Et
907 2319 953 2380 sic
982 2320 1075 2381 Deus
1103 2319 1223 2381 homini

123 2422 207 2482 uniri
223 2421 328 2483 voluit
345 2443 410 2483 non
428 2432 563 2503 propter
580 2442 623 2496 se,
639 2423 717 2502 quia
733 2442 798 2482 non
816 2422 917 2484 habet
933 2443 997 2503 qno
1014 2433 1142 2485 crescat
1158 2422 1224 2503 ejus

123 2521 290 2602 perseffl0,
308 2525 365 2586 sed
382 2533 517 2606 propter
533 2524 712 2600 hominem,
729 2525 780 2587 cui
798 2525 1061 2586 subveniendum
1081 2536 1152 2588 erat
1163 2525 1184 2587 ’'.

164 2672 230 2719 111.
273 2664 305 2719 2⁰
316 2656 429 2720 Valde
445 2656 612 2721 convenit
627 2657 702 2721 sive
718 2675 765 2721 ex
781 2663 881 2735 parte
896 2658 970 2738 Dei,
982 2658 1057 2723 sive
1067 2677 1116 2723 ex
1129 2665 1226 2738 parte

122 2748 299 2813 hominis².

166 2847 224 2929 (A)
251 2849 306 2908 Ex
333 2858 427 2928 parte
452 2848 523 2909 Dei.
571 2848 658 2910 Illud
684 2849 772 2910 enim
797 2850 953 2911 convenit
977 2871 1020 2912 ex
1046 2861 1141 2931 parte
1167 2852 1225 2913 Dei

121 2953 210 3032 quod
235 2951 306 3032 ejus
330 2952 491 3013 attributa
518 2953 711 3014 manifestat
726 2975 733 3029 3
762 2955 853 3033 atqui
883 2954 1076 3016 Incamatio
1103 2957 1227 3036 optime

122 3054 314 3116 manifestat
330 3054 491 3115 attributa
508 3054 581 3129 Dei,
598 3056 780 3134 praesertim
798 3055 869 3135 ejus
886 3057 1082 3134 bonitatem,
1100 3060 1223 3140 sapien·

122 3159 212 3231 tiam,
227 3156 390 3236 justitiam
408 3166 441 3218 et
457 3158 641 3237 potentiam
658 3181 664 3219 :

122 3259 463 3341 (a)B0rzitatern,nam
482 3260 513 3320 in
529 3260 772 3337 Incarnatione,
786 3261 878 3323 Deus
895 3262 991 3324 nobis
1007 3263 1148 3345 largitur
1164 3287 1226 3328 non

122 3362 228 3423 solum
253 3362 381 3442 optima
408 3362 506 3436 dona,
530 3371 566 3423 ut
594 3363 625 3423 in
655 3364 821 3425 creatione
844 3374 878 3426 et
898 3364 1150 3444 justificatione,
1173 3370 1241 3430 secl

121 3465 221 3525 etiam
246 3466 417 3545 proprium
441 3474 475 3526 et
499 3466 707 3544 unigenitum
734 3467 854 3528 Filium
882 3460 1005 3530 suurn:
1030 3469 1115 3532 “Sic
1142 3472 1227 3533 enim

122 3568 214 3628 Deus
231 3566 352 3628 dilexit
368 3569 541 3641 mundum,
554 3578 590 3628 ut
605 3568 725 3630 Filium
743 3589 839 3630 suum
856 3571 1066 3651 unigenitum
1079 3574 1197 3637 daret’'
1208 3586 1226 3634 3.

122 3668 206 3748 Quae
223 3670 359 3749 quidem
376 3669 507 3731 bonitas
525 3671 642 3732 melius
656 3671 866 3752 intelligetur,
877 3673 904 3733 si
917 3673 1149 3739 consideretur
1160 3678 1229 3757 quis

120 3773 245 3833 donum
264 3772 343 3832 illud
362 3773 561 3852 praestiterit,
578 3773 670 3834 Deus
692 3775 854 3851 videlicet,
870 3777 926 3857 qui
943 3776 1032 3839 nulla
1049 3798 1084 3840 re
1102 3780 1227 3862 indiget

120 3883 153 3934 et
169 3874 239 3935 sola
255 3875 481 3936 misericordi&
498 3885 607 3937 motus
620 3886 686 3958 est;
701 3878 785 3958 quid
796 3878 949 3941 dederit?
997 3881 1120 3944 Filium
1135 3903 1228 3945 suum

155 4034 162 4055 ¹
178 4032 211 4082 ln
226 4046 241 4097 3
255 4029 321 4085 dist.
341 4033 362 4097 1,
376 4049 401 4101 q.
420 4051 441 4098 1,
455 4050 480 4086 a.
497 4051 507 4085 1
524 4034 560 4087 ad
575 4048 599 4086 2.

153 4112 205 4164 tS.
224 4113 328 4179 Thom,
343 4127 367 4182 3,
382 4131 407 4183 q.
425 4131 445 4181 1,
460 4133 485 4169 a.
505 4132 564 4180 1·2;
585 4118 615 4170 C.
635 4118 716 4171 Gent.
738 4119 755 4172 l.
775 4119 823 4186 lV,
843 4110 933 4187 c.'54;
956 4120 1054 4192 δοκεῖ,
1076 4125 1152 4195 disp.
1176 4128 1227 4192 ill,

113 4210 140 4246 a.
161 4207 186 4258 r;
203 4193 303 4264 Billnt,
320 4194 356 4249 th.
373 4211 400 4262 23
417 4197 531 4265 Satelli,
545 4214 571 4268 p.
584 4213 601 4265 q
615 4215 670 4268 ης
683 4200 829 4267 Landrr'ot,
846 4203 903 4268 5-6ε
917 4202 1030 4257 Cnm'e'r.

144 4278 230 4348 ψη.
252 4281 310 4350 lll,
328 4281 370 4335 16.
