2684 4634
197 184 242 235 84
280 220 283 226 -
607 185 663 234 DE
682 185 765 236 Duo
783 184 881 236 UNO.

237 377 266 428 2.
311 363 446 427 Utilitas
460 363 676 427 dicendorum
693 364 788 427 facile
800 363 910 444 colligi
924 370 1052 444 potest:
1069 361 1120 443 (a)
1132 381 1175 423 ex
1189 360 1292 442 digni-

195 477 261 530 tate
279 466 408 548 obstet·
432 487 509 530 nam
526 488 565 530 eo
582 469 792 550 praestantior
812 476 846 531 et
866 454 985 546 utilior¹
999 452 1050 529 est
1070 465 1210 528 scientia
1231 484 1293 546 quo

196 570 412 633 excellentius
427 582 478 634 est
493 570 564 652 ejus
580 569 768 652 objectum
792 572 884 652 atqui
906 568 985 632 nihil
1008 576 1059 631 est
1080 567 1153 630 Deo
1170 566 1293 642 melius,

196 693 298 753 quum
314 674 357 736 sit
373 673 442 755 ipse
458 674 566 736 omnis
582 673 793 757 perfeetionis
809 674 883 737 fons
904 681 938 736 et
958 672 1060 752 origo,
1077 670 1122 732 ita
1146 680 1183 732 ut
1202 669 1293 751 quid·

196 777 276 858 quid
291 777 368 854 veri,
384 777 462 840 boni
481 788 514 841 et
533 778 659 860 pulchri
681 780 713 841 in
736 777 870 841 entibus
892 776 1025 858 fulgeat,
1041 773 1122 836 nihil
1144 773 1234 836 aliud
1255 774 1295 836 sit

197 880 258 967 nisi
274 881 449 962 vestigium
465 883 635 963 quoddam
651 884 838 947 divinarum
856 879 1094 964 perfedtionum
1109 900 1116 956 3
1136 878 1214 941 hinc
1230 899 1294 940 me·

196 985 259 1047 rito
276 985 367 1047 Deus
388 985 458 1066 ipse
481 985 632 1049 homines
655 988 701 1049 sic
725 987 922 1070 alloquitur:
944 985 1050 1046 “Non
1072 983 1231 1065 glorietur
1251 1003 1296 1044 sa-

196 1089 289 1170 piens
306 1089 338 1151 in
355 1089 517 1169 sapientia
534 1093 602 1166 sua,
617 1101 650 1154 et
667 1112 732 1154 non
753 1091 911 1172 glorietur
930 1089 1024 1152 fortis
1045 1088 1078 1149 in
1104 1087 1298 1156 fortitudine

196 1197 264 1269 sua,
280 1201 313 1256 et
328 1213 394 1255 non
411 1192 569 1274 glorietur
584 1196 675 1258 dives
692 1197 724 1258 in
741 1196 864 1259 divitiis
881 1194 966 1256 suis:
983 1193 1040 1256 sed
1054 1192 1086 1255 in
1101 1192 1163 1254 hoc
1179 1191 1296 1273 glorie·

197 1309 258 1374 tur,
267 1298 323 1379 qui
333 1297 501 1379 gloriatur,
512 1298 592 1360 scire
605 1309 636 1361 et
650 1321 737 1362 nosse
752 1320 810 1376 ine,
822 1300 899 1379 quia
911 1316 974 1377 ego
989 1315 1063 1358 sum
1081 1295 1272 1358 Dominuss
1281 1295 1296 1322 ''
1322 1283 1324 1287 ’

196 1397 247 1479 (b)
264 1397 318 1459 Ex
334 1396 493 1479 effetiibus
507 1397 605 1478 tujm
619 1399 759 1463 scientie
769 1411 804 1463 :2
828 1400 892 1461 Dei
908 1402 997 1463 enim
1018 1399 1259 1481 contemplatio
1277 1423 1297 1461 a

197 1500 289 1563 rebus
302 1501 437 1565 terrenis
449 1510 583 1564 mentem
596 1511 715 1578 avocat,
725 1522 808 1584 quae,
821 1503 901 1564 dum
917 1502 959 1565 ad
977 1523 1027 1565 res
1043 1501 1195 1565 coelestes
1208 1522 1296 1564 com·

197 1613 364 1687 parantur,
384 1612 420 1667 ut
442 1613 586 1666 stercora
604 1605 859 1682 existimantur;
884 1612 1044 1688 “propter
1063 1626 1160 1688 quem
1185 1607 1298 1668 omnia

196 1708 432 1772 detrimentum
449 1706 510 1770 feci
527 1717 560 1770 et
575 1708 715 1772 arbitror
730 1718 767 1771 ut
782 1718 936 1787 stercora,
947 1719 988 1773 ut
1010 1709 1178 1774 Christum
1202 1709 1298 1773 lucri-

197 1812 316 1874 faciam
326 1810 386 1889 ''³;
416 1811 458 1873 ad
485 1832 625 1874 artiorem
656 1812 724 1875 Dei
750 1833 806 1875 cor
836 1814 930 1895 rapit,
960 1834 1063 1895 quum
1096 1814 1297 1895 Supremum

198 1914 327 1977 Bonum
352 1915 506 1995 cognosci
534 1923 677 1994 nequeat
699 1915 779 1997 quin
805 1915 971 1998 diligatur,
998 1915 1043 1981 et'
1058 1926 1300 1998 consequenter
1336 1958 1341 1973 ·

197 2019 239 2081 ad
256 2019 416 2080 virtutum
424 2017 559 2097 praxim
576 2017 675 2093 ducit,
686 2020 868 2100 praesertim
881 2019 1087 2096 humilitatis
1097 2020 1300 2095 reverentiae,

197 2120 408 2185 confidentiae
420 2129 454 2184 et
463 2120 661 2184 obedientiae
671 2141 749 2202 erga
759 2122 905 2185 divinam
918 2123 1126 2205 majestatem
1139 2146 1145 2186 :
1162 2123 1301 2186 “Nosse

197 2227 286 2289 enim
302 2233 335 2288 te
350 2234 582 2287 consummata
594 2225 724 2307 jus-titia
740 2235 798 2301 est,
815 2237 848 2289 et
863 2226 946 2288 scire
959 2224 1122 2306 justitiam
1144 2234 1178 2287 et
1197 2227 1300 2288 virtu·

198 2340 266 2395 tem
289 2339 391 2405 tuam,
406 2329 503 2391 radix
526 2337 578 2392 est
601 2329 861 2393 immortalitatis
874 2329 922 2406 ’‘4,
938 2337 972 2392 et
992 2328 1039 2391 ita
1060 2348 1120 2391 nos
1140 2327 1301 2411 adfinem

198 2444 342 2498 nostrum
359 2433 480 2514 dirigit,
496 2433 552 2514 qui
570 2434 662 2495 Deus
677 2439 747 2496 est:
767 2437 783 2466 “
797 2433 882 2496 Haec
897 2441 947 2496 est
963 2440 1075 2495 autem
1092 2432 1160 2495 vita
1175 2441 1302 2495 aeterna

198 2549 235 2602 ut
264 2545 467 2618 cognoscant
497 2546 540 2612 te,
566 2535 671 2599 solum
696 2538 805 2600 Deum
833 2556 957 2613 verum,
983 2545 1017 2599 et
1047 2553 1146 2618 quem
1173 2536 1302 2614 misisti,

196 2643 226 2726 J.
242 2640 461 2707 Christum.'’5
508 2639 554 2722 (c)
572 2639 626 2702 Ex
638 2640 801 2703 erroribus
815 2642 899 2704 circa
914 2641 1044 2706 Deum:
1067 2642 1300 2724 praetermissis

197 2747 284 2810 enim
301 2744 458 2809 atheismo
473 2752 507 2807 et
517 2743 731 2825 panttetsmo,
742 2745 797 2825 qui
814 2744 892 2808 alibi
908 2744 1130 2821 confutantur,
1141 2744 1302 2809 Rationa-

197 2850 280 2913 listoe
294 2850 337 2913 de
352 2849 471 2912 divinis
487 2844 753 2930 perfedtionibuS,
769 2849 952 2930 praesertim
969 2848 1011 2911 de
1026 2848 1097 2930 ejus
1113 2849 1254 2912 scientia
1269 2859 1303 2914 et

199 2951 405 3036 providentii
425 2950 651 3032 multipliciter
670 2961 801 3031 errant;
828 2973 912 3034 quos
932 2973 1058 3016 errores
1080 2973 1252 3035 exponere
1269 2964 1303 3018 et

198 3055 343 3120 refellere
358 3074 492 3116 necesse
507 3063 565 3117 est

240 3228 268 3291 3.
324 3208 460 3271 Divisio.
515 3206 698 3289 Angelicus
734 3202 945 3290 Praeceptor¹6
975 3208 1079 3272 tribus
1110 3207 1303 3290 quaestioni·

198 3315 259 3377 bus
283 3310 469 3376 doitrinam
497 3312 539 3375 de
563 3312 675 3376 divina
703 3315 847 3376 essentia
874 3313 1034 3378 absolvit:
1061 3334 1105 3376 an
1135 3314 1227 3376 Deus
1251 3314 1303 3389 sit,

197 3418 349 3499 quomodo
372 3418 423 3493 sit,
450 3416 530 3498 quid
556 3426 700 3496 operetur
711 3438 726 3489 ,·
756 3415 827 3497 ejus
857 3416 1004 3498 vestigiis
1034 3414 1233 3479 inhaerentes
1261 3417 1303 3479 de

197 3519 366 3585 existentid
393 3520 492 3596 Dei,⁷
507 3521 550 3582 de
576 3519 697 3582 divinis
722 3519 900 3598 attributis,
916 3530 950 3584 et
969 3518 1206 3600 operationibus
1227 3539 1302 3601 age-

198 3646 280 3689 mus.

231 3858 357 3927 1Jerem,
371 3856 423 3921 IX,
436 3874 451 3910 2
455 3871 470 3925 3
479 3872 518 3925 sq.
528 3850 581 3894 -2
592 3855 634 3910 cf.
645 3851 769 3923 lessius,
783 3858 824 3924 op.
838 3855 896 3921 cit,
908 3855 1020 3911 Praefat.
1031 3854 1201 3926 *Philip
1216 3855 1299 3919 111,8.

197 3975 231 3984 -
243 3943 254 3972 ⁴
267 3946 335 4014 Sap.
352 3944 414 4011 XV,
427 3958 453 4013 3.
469 3973 504 3982 -
516 3940 599 4010 ⁶J0a.
615 3943 711 4009 XVII,
725 3957 748 4009 3.
761 3971 794 3980 -
807 3940 818 3972 ⁶
832 3943 862 3995 S.
882 3941 977 3997 Thom.
992 3941 1013 3997 1.
1030 3960 1058 4012 q.
1074 3957 1107 4010 2.,
1121 3959 1221 4011 proem.

231 4031 240 4064 ⁷
254 4033 287 4084 ln
301 4030 412 4100 praeviis
426 4029 596 4084 editionibus
610 4039 778 4098 argumenta
788 4029 823 4083 de
833 4028 887 4083 Dei
901 4028 1050 4084 existentia
1062 4028 1302 4099 praetermisimus,

197 4135 279 4188 quum
296 4119 333 4172 ad
354 4117 566 4186 Philosophiam
586 4117 762 4185 pertineant3
781 4118 996 4183 suggerentibus
1016 4128 1111 4171 tamen
1131 4115 1303 4186 quibusdam

86 4273 91 4284 Ι
197 4205 410 4277 professoribus,
424 4222 459 4259 ea
472 4204 593 4258 breviter
606 4203 781 4272 exponimus,
798 4219 853 4272 quo
872 4203 972 4257 melius
986 4203 1179 4272 intelligantur
1192 4217 1304 4273 eaquae

70 4293 235 4360 A
248 4292 349 4347 divinis
362 4291 503 4346 attributis
516 4309 549 4344 ac
563 4289 772 4361 operationibus
786 4300 947 4359 sequuntur.
