2684 4634
265 164 322 214 DE
340 164 560 217 MYSTERIO
579 163 932 214 INCARNATIONIS.
1085 165 1145 214 ⁴51

254 348 393 410 Errores
406 348 491 411 circa
507 348 694 428 mysterium
713 347 960 410 lncarnatianis.

95 479 146 557 78.
195 481 393 564 Mysterium
412 484 662 559 Incarnationis,
678 493 812 564 propter
828 504 921 546 suam
947 483 1151 564 profundita-

50 592 122 645 tem
141 595 175 646 et
190 588 426 652 obscuritatem
437 588 525 650 varie
543 589 574 650 in
585 589 683 650 variis
699 588 828 650 saeculis
846 589 1076 670 impugnatum
1091 597 1152 662 est;

52 690 255 773 quandoque
270 693 420 756 divinam
442 695 474 755 in
491 692 624 756 Christo
647 692 860 765 elementum,
875 693 1075 773 quandoque
1091 692 1153 753 ltn-

52 812 201 870 mannm,
216 805 273 859 aut
289 797 390 859 etiam
407 796 555 860 unionem
572 796 657 858 inter
673 804 850 875 utrumque
866 796 1068 858 existentem
1086 794 1151 856 hae-

53 897 148 958 retici
163 918 314 978 perverse
323 909 559 982 exposuerunt.
597 899 679 960 Tres
695 898 821 979 periodi
839 900 871 960 in
888 898 1024 960 historia
1040 898 1152 978 hujus·

54 1001 148 1063 modi
165 1001 332 1066 haereseon
349 1004 509 1086 distingui
525 1013 665 1084 possunt
684 1023 690 1064 :

97 1137 149 1205 79.
199 1130 255 1211 (A)
270 1131 404 1195 Duobus
421 1131 588 1212 prioribus
612 1129 749 1203 saeculis,
765 1128 832 1191 duo
858 1148 984 1191 errores
1008 1129 1151 1211 oppositi

53 1235 217 1300 recenseri
232 1234 355 1297 debent
374 1259 380 1296 :
415 1236 462 1315 (a)
480 1235 645 1309 Ebionita,
662 1256 681 1296 a
691 1233 867 1316 Judaisma
891 1235 1050 1308 conversi,
1066 1233 1152 1296 divi·

55 1354 135 1396 nmn
153 1335 185 1397 in
204 1336 335 1400 Christo
350 1338 551 1401 elementum
569 1347 781 1418 negaverunt,
793 1338 971 1398 asserendo
984 1336 1151 1401 Christum

54 1456 128 1498 esse
145 1459 272 1502 merum
288 1441 467 1517 hominem,
484 1451 520 1505 ut
543 1462 642 1522 supra
663 1441 812 1503 diximus
828 1440 871 1521 (n.
891 1441 954 1520 25).
1000 1440 1048 1520 (bl
1070 1440 1153 1502 Gaa-

53 1541 131 1602 stici
146 1552 258 1606 autem
280 1566 346 1607 non
371 1547 475 1626 pauci,
492 1567 511 1607 a
520 1545 716 1626 paganismo
739 1543 897 1618 conversi,
913 1543 1095 1604 humanum
1120 1544 1151 1604 in

55 1643 192 1709 Christo
216 1647 416 1713 elementum
438 1654 615 1731 negarunt;
650 1657 805 1730 putantes
829 1647 991 1727 siquidem
1018 1667 1151 1708 omnem

55 1756 242 1813 creaturam
258 1773 450 1834 corpoream
467 1774 539 1816 esse
552 1752 684 1829 malam,
695 1754 879 1814 docuerunt
896 1770 1014 1831 corpus
1031 1750 1153 1814 Christi

55 1872 122 1914 non
141 1851 242 1917 fuisse
256 1877 369 1919 verum
386 1866 420 1919 et
436 1857 530 1932 reale,
541 1857 598 1919 sed
615 1856 722 1918 solum
740 1875 903 1937 apparens
919 1863 952 1915 et
970 1852 1152 1934 phantasti-

54 1976 131 2023 cum
146 1980 153 2018 ε
176 1959 299 2021 exinde
314 1962 421 2023 vocati
438 1971 514 2023 sunt
524 1960 768 2022 Plantasiastoe
781 1960 831 2021 vel
843 1959 983 2020 Doceta¹
1001 1958 1034 2038 (a
1047 1965 1154 2039 graeca

54 2079 139 2121 voce
154 2055 250 2122 δοκεῖν
265 2065 462 2152 ειρρειῐεῐε).ι
493 2064 560 2127 Alii
577 2074 688 2126 autern
705 2072 914 2126 asseruerunt
930 2083 1048 2143 corpus
1061 2063 1153 2125 Chri·

54 2163 98 2225 sti
115 2162 219 2226 suisse
234 2168 368 2246 quidem
385 2169 481 2242 reale,
496 2168 553 2230 sed
570 2168 706 2230 coeleste
729 2177 762 2230 et
782 2168 957 2238 sidereum,
974 2176 1007 2228 et
1031 2189 1089 2248 per
1113 2170 1154 2230 si-

56 2287 139 2328 num
163 2267 317 2352 Virginis,
340 2271 423 2335 sicut
448 2273 506 2335 lux
531 2293 589 2353 per
611 2273 743 2346 vitrum,
767 2272 944 2334 transiisse.
970 2271 1154 2335 Occasione

55 2386 136 2433 vero
162 2366 278 2431 harum
306 2369 473 2432 haereseon
492 2370 641 2433 Ecclesia
667 2372 773 2452 magis
798 2369 956 2451 explicite
978 2371 1155 2435 affirmavit

56 2471 229 2535 Christum
245 2494 318 2536 esse
333 2476 430 2539 simul
449 2476 559 2537 Deum
576 2483 609 2536 et
625 2473 803 2536 hominem.

99 2603 151 2668 80.
182 2598 249 2688 (B)
266 2604 297 2666 T
294 2605 374 2668 ertz'o
384 2615 415 2667 et
424 2614 540 2686 quarto
555 2604 693 2678 saeculis
706 2603 775 2683 jam
794 2603 941 2665 intimius
959 2605 1153 2684 mysterium

57 2705 303 2769 Incarnationis
330 2709 562 2790 investigatum
590 2717 640 2769 est
666 2731 672 2769 :
708 2707 758 2788 (a)
773 2706 908 2783 Ariani,
933 2707 1002 2788 (cir.
1022 2710 1064 2770 de
1087 2710 1156 2771 Dea

61 2808 92 2869 T
90 2806 174 2884 rino,
190 2829 220 2871 n.
238 2811 302 2892 22),
317 2812 542 2874 admittebant
557 2811 692 2891 quidem
710 2810 859 2872 Verbum
876 2831 952 2872 vere
977 2810 1078 2872 luisse
1094 2812 1155 2874 hu-

57 2930 169 2973 manae
195 2922 321 2976 naturae
348 2916 488 2990 unitum,
511 2916 568 2976 sed
594 2913 665 2994 ejus
691 2913 1052 2976 consubstantialitatem
1080 2935 1155 2977 cum

58 3017 160 3082 Patre
187 3018 365 3099 negabant,
381 3019 524 3099 ideoque
542 3016 710 3080 Christum
737 3037 802 3078 non
829 3037 955 3078 merum
976 3017 1155 3094 hominem,

58 3119 118 3181 sed
135 3118 410 3200 perfectissimam
427 3132 611 3183 creaturam
629 3141 700 3181 esse
717 3120 880 3182 dicebant.
928 3119 974 3199 (b)
988 3121 1156 3201 Apollina-

58 3223 169 3286 ristco2
193 3246 236 3287 ex
262 3225 401 3288 adverso
424 3226 605 3288 humanam
624 3224 745 3287 Christi
772 3232 925 3285 naturam
953 3224 1155 3299 minuebant,

58 3328 238 3390 asserendo
250 3328 335 3391 hanc
348 3327 515 3393 intellet'tu
525 3316 651 3391 careress
669 3328 876 3409 Apollinaris
888 3328 974 3389 enim
987 3328 1156 3409 (IVSaec.)

59 3431 123 3492 tria
140 3432 310 3514 principia,
327 3442 403 3514 post
420 3433 603 3507 Platonem,
620 3433 651 3493 in
674 3431 809 3493 homine
832 3432 1023 3504 admittens,
1038 3443 1156 3512 corpor,

59 3554 102 3594 se.
131 3535 276 3598 animam
307 3537 485 3600 sensibilem
512 3532 644 3620 (ψυχήν)
672 3544 705 3597 et
736 3537 881 3595 animam
914 3534 1155 3597 intellelinalem

61 3641 214 3725 (πνεῦμα),
226 3643 338 3727 docuit
354 3643 502 3705 Verbum
519 3641 737 3720 assumpsisse
752 3638 886 3717 quidem
904 3657 1022 3717 corpus
1039 3647 1072 3698 et
1087 3640 1157 3699 ani-

61 3764 151 3806 mam
169 3744 367 3821 sensibilem,
383 3766 449 3808 non
470 3755 581 3808 autem
604 3744 749 3805 animam
768 3738 1024 3805 intellcilualem
1035 3763 1042 3817 ;
1078 3762 1154 3803 nam

60 3848 211 3912 Verbum
239 3851 357 3932 ipsum,
376 3858 412 3912 ut
438 3849 558 3923 aiebat,
574 3849 661 3909 vices
686 3855 778 3908 tenet
807 3845 926 3907 mentis
954 3845 986 3904 in
1014 3844 1154 3907 Christo.

95 4040 104 4062 ¹
117 4037 158 4090 Cf.
170 4038 313 4105 Petamus,
325 4038 340 4090 l.
353 4038 374 4105 1,
386 4054 408 4090 c.
423 4051 451 4102 4;
472 4038 618 4102 Stentrnp,
631 4035 669 4086 th.
688 4037 716 4096 b;
735 4033 836 4101 Alaag,
847 4049 890 4101 op.
903 4030 948 4084 cit.
962 4029 976 4099 ξ
988 4045 1031 4094 72;
1052 4029 1155 4096 Sclaffi

59 4142 106 4194 op.
122 4124 169 4178 cit.
186 4126 240 4178 vol.
258 4125 296 4192 ΙΙ,
311 4121 325 4193 5
343 4139 398 4194 134.

94 4211 408 4277 ²ctPnav.1.1‚c.
433 4203 461 4274 ‘63
494 4210 640 4276 Stantrnp,
666 4209 702 4260 th.
730 4208 757 4271 83
789 4206 927 4276 Alnog·,{
949 4219 1011 4270 stag
1052 4204 1159 4270 Scitaff„

59 4301 112 4353 vol.
130 4300 184 4363 111,
197 4296 217 4365 §
229 4299 284 4364 136.
