2684 4634
191 179 232 230 36
654 181 794 234 CAPUT
812 183 835 232 1.

190 361 232 424 sit
249 361 480 437 ille'fidei'min
492 363 694 442 permutatio.
743 365 915 445 Siquidem
933 364 975 426 ad
990 360 1176 446 prosedtu‘m
1190 367 1284 448 perti·
1330 348 1336 401 ³·

191 472 247 525 net
263 473 299 526 ut
315 464 348 525 in
365 465 581 545 semetipsum
600 486 809 546 unaquaeque
826 487 877 528 res
901 466 1133 548 amplificetur,
1150 470 1193 531 ad
1218 490 1286 550 per·

192 568 410 630 mutationem
428 589 505 629 vero
521 578 558 631 ut
574 569 700 649 aliquid
717 590 761 631 ex
777 570 843 632 alio
861 572 892 631 in
911 570 1000 632 aliud
1019 574 1287 635 transvertatur.’'
1334 604 1336 611 ·

192 669 291 751 Quod
319 671 453 752 quidem
483 681 599 751 postea
627 673 768 735 illustrat
795 673 953 754 exemplo
979 676 1119 754 corporis
1145 675 1288 750 humani,

191 775 280 855 quod
299 794 454 854 processu
471 795 634 838 annorum
652 776 824 852 evolvitur,
840 778 898 839 sed
921 788 1034 839 tamen
1055 798 1150 840 suam
1171 780 1287 842 identi-

191 885 295 938 tatem
312 875 456 957 perfedte
473 878 612 940 retinet:
637 880 683 941 ita
699 879 823 960 pariter
839 877 991 942 doetrina
1007 879 1197 957 christiana,
1216 883 1288 945 licet
1331 892 1336 905 '

127 987 131 994 '
192 979 224 1040 in
241 981 311 1041 dies
327 980 498 1042 evolvatur
521 990 554 1043 et
577 981 772 1062 explicetur,
789 982 906 1044 eadem
931 982 1041 1063 quoad
1066 983 1286 1049 substantiam

192 1102 322 1162 semper
338 1090 494 1144 remanet.
907 1089 909 1093 ’

234 1262 281 1341 87.
328 1264 388 1345 (B)
401 1264 548 1326 Ecclesiae
555 1267 665 1344 praxi.
700 1267 885 1347 'Siquidem
900 1267 1289 1334 Ecclesiaabinitiomu-

193 1387 253 1428 nus
277 1368 438 1447 dogmata
461 1368 652 1449 explicandi
677 1378 710 1431 et
733 1368 913 1432 definiendi
932 1372 1089 1446 exercuit,
1105 1381 1138 1434 et
1156 1375 1289 1453 quidem

193 1469 313 1550 triplici
331 1471 433 1532 modo
450 1491 550 1551 supra
566 1470 721 1551 exposito
737 1495 743 1532 ε
768 1471 817 1552 (a)
833 1473 965 1535 obscura
980 1474 1066 1536 clare
1080 1474 1290 1549 declaranda·

122 1640 126 1648 ,
193 1573 239 1634 sie
256 1575 450 1654 mysterium
470 1572 531 1636 SS.
549 1574 723 1635 Trinitatis
737 1575 880 1654 primurn
898 1576 1037 1638 obscure
1054 1578 1214 1640 traditum
1233 1579 1291 1642 fuit

193 1677 332 1739 subhac
348 1677 492 1758 generali
510 1676 671 1739 formula:
695 1675 834 1738 “Credo
851 1678 883 1738 in
903 1677 1012 1740 Deum
1031 1680 1172 1756 Patrem,
1190 1691 1224 1744 et
1242 1681 1291 1742 Fi-

195 1779 274 1842 lium
292 1788 324 1841 et
343 1780 504 1862 Spiritum
522 1776 674 1841 sanctum
687 1779 711 1853 '',
729 1779 761 1839 in
780 1784 845 1858 qua
862 1801 928 1842 non
946 1781 1133 1845 declaratur
1148 1785 1211 1846 sub
1227 1805 1292 1866 quo

194 1882 343 1964 respedtu
369 1883 461 1945 Deus
484 1884 526 1944 sit
550 1903 643 1956 unus,
661 1881 722 1943 sub
746 1902 812 1963 quo
836 1883 986 1966 respectu
1011 1887 1053 1948 sit
1070 1887 1193 1965 trinus3
1216 1888 1292 1950 hinc

193 1997 274 2048 ortae
306 1996 382 2048 sunt
413 1986 656 2060 controversiae,
689 1995 721 2046 et
753 1986 903 2048 Ecclesia
934 1988 1117 2050 successive
1142 1989 1293 2054 definivit

195 2091 305 2152 Deum
323 2110 394 2151 esse
418 2089 538 2151 naturd
562 2110 663 2151 unum
686 2098 720 2150 et
744 2090 867 2152 trinum
884 2091 1041 2172 personia
1059 2091 1178 2155 Filium
1205 2096 1292 2157 Patri

194 2213 266 2255 esse
282 2192 609 2266 consubstantialem,
628 2191 789 2272 Spiritum
808 2192 839 2256 S.
857 2214 1013 2256 unacum
1033 2195 1128 2257 Patre
1151 2206 1184 2259 et
1210 2197 1293 2259 Filio

196 2317 268 2358 esse
285 2297 503 2372 adorandum,
521 2295 641 2357 Filium
662 2315 680 2355 a
698 2295 795 2357 Patre
812 2297 989 2378 procedere
1006 2317 1064 2378 per
1084 2299 1171 2360 viam
1193 2320 1295 2380 gene-

196 2402 341 2477 rationiS,
353 2401 513 2483 Spiritum
529 2401 561 2463 S.
574 2400 616 2462 ab
629 2409 769 2480 utroque
783 2402 970 2482 procedere,
984 2414 1056 2480 etc.;
1069 2423 1144 2484 quae
1157 2405 1291 2484 quidem

195 2505 308 2565 omnia
334 2503 407 2584 plus
435 2503 584 2563 minusve
609 2500 747 2563 obscure
775 2503 808 2564 in
835 2503 1005 2584 Scriptura
1031 2505 1293 2567 continebantur.

196 2610 246 2692 (b)
262 2608 421 2690 Explicite
437 2608 572 2670 docendo
588 2628 626 2668 ea
643 2626 717 2686 quae
734 2609 864 2670 nonnisi
882 2609 1041 2690 implicite
1057 2607 1294 2671 credebantur:

197 2714 241 2775 ita
257 2733 284 2774 v.
302 2733 331 2793 g.
347 2711 415 2792 jam
434 2710 477 2773 ab
493 2711 588 2772 initio
601 2711 702 2771 modo
714 2712 858 2791 generali
870 2713 1049 2794 praedicata
1060 2712 1166 2774 fuerat
1179 2712 1295 2792 gratiae

197 2817 375 2879 necessitas
392 2816 433 2876 ad
445 2835 546 2896 opera
556 2814 836 2895 supernaturalia;
860 2818 917 2878 sed
930 2817 1060 2878 nonnisi
1075 2825 1150 2897 post
1161 2825 1295 2878 exortas

198 2919 450 2999 Pelagianorum
467 2926 501 2978 et
518 2915 875 2996 Semi-pelagianorum
893 2918 1033 2980 haereses
1047 2918 1222 2980 delinitum
1236 2916 1296 2979 fuit

196 3023 337 3104 gratiam
355 3040 426 3082 esse
442 3020 661 3081 necessariam
679 3021 720 3081 ad
738 3021 851 3082 omnia
864 3030 898 3083 et
911 3021 1042 3102 singula
1057 3041 1159 3102 opera
1171 3021 1296 3083 ordinis

197 3122 465 3205 supernaturalis
482 3123 583 3184 etiam
601 3123 641 3183 ad
661 3121 790 3183 initium
809 3121 885 3184 fidei
902 3133 962 3186 etc.
1009 3123 1057 3204 (c)
1074 3123 1206 3185 Diserte
1221 3134 1295 3203 pro·

191 3227 335 3310 portenda
351 3247 390 3288 ea
406 3246 480 3305 quae
496 3224 603 3286 obiter
620 3233 750 3286 tanturn
768 3223 886 3286 edodta
903 3226 1048 3302 fuerant3
1071 3227 1118 3287 sic
1134 3246 1162 3288 v.
1176 3245 1207 3305 g.
1220 3224 1295 3286 vali-

91 3376 93 3380 .
198 3332 285 3393 ditas
309 3330 465 3410 baptismi
491 3328 533 3390 ab
556 3328 721 3390 haereticis
745 3328 855 3390 collati
881 3348 946 3388 non
972 3327 1078 3389 fuerat
1102 3328 1240 3406 quidem
1258 3326 1297 3387 ab

199 3435 293 3497 initio
310 3435 431 3496 diserte
445 3434 574 3505 tradita
589 3432 646 3494 sed
660 3431 816 3511 implicite
828 3430 1062 3492 continebatur
1075 3431 1106 3490 in
1121 3431 1219 3510 praxi
1232 3449 1287 3492 nor

201 3537 427 3616 rebaptizandi
444 3536 618 3598 abhaeresi
635 3553 910 3614 conversosque
935 3534 1052 3594 Romae
1074 3543 1108 3594 et
1130 3533 1162 3593 in
1185 3530 1283 3614 praeci

201 3642 273 3722 puis
290 3639 423 3721 vigebat
439 3639 601 3715 ecclesiis;
626 3648 741 3724 postea
757 3658 842 3712 vero,
859 3639 931 3698 orta
948 3637 1033 3698 inter
1050 3635 1080 3699 S.
1094 3635 1309 3726 Cyprianum·

188 3754 235 3806 'et
267 3744 299 3807 S.
326 3743 535 3825 Stephanum
564 3743 795 3815 controversia,
828 3761 877 3801 res
908 3740 1031 3802 diserte
1061 3738 1200 3801 definita
1232 3739 1296 3801 luit.

201 3849 356 3929 Jamvero
373 3849 400 3908 si
419 3849 450 3909 in
468 3846 682 3927 dogmatibus
700 3845 838 3906 maximi
857 3843 1018 3905 momenti
1040 3863 1115 3923 quae
1137 3841 1295 3905 recensui-

203 3971 275 4011 mus
300 3949 433 4031 aliquod
459 3949 520 4012 suit
545 3951 791 4022 incrementum,
809 3968 919 4009 nonne
942 3948 1042 4009 etiam
1068 3947 1175 4028 majus
1198 3965 1298 4026 expe-

203 4051 362 4116 &andum
380 4062 430 4116 est
448 4053 480 4114 in
498 4052 561 4113 illis
578 4051 654 4113 fidei
671 4050 866 4113 veritatibus
882 4072 957 4133 quae
973 4052 1076 4114 veluti
1093 4061 1171 4114 sunt
1187 4068 1299 4113 conse·

187 4155 307 4244 ¹&aria
339 4154 638 4219 fundamentalium
671 4156 877 4235 dogmatum,
908 4177 935 4217 v.
967 4175 996 4235 g.
1028 4155 1138 4236 quoad
1175 4153 1299 4218 cultum

205 4259 337 4333 Christi,
363 4259 396 4320 B.
421 4258 571 4341 Virginis
594 4269 627 4320 et
652 4256 860 4331 Sandtorum,
884 4258 994 4338 quoad
1019 4268 1299 4334 sacramentorum
