2684 4634
379 150 435 198 DE
453 150 629 201 OBIECTO
648 151 775 199 FIDEI.
1128 153 1165 201 17
1194 148 1198 155 ’

60 327 125 392 lis'’
142 339 303 392 contenta
319 330 352 390 in
368 331 595 412 propositione
612 331 786 393 universali
804 331 938 392 “omnis
957 330 988 394 S.
1007 331 1164 394 Pontifex

58 436 120 496 rite
137 431 265 496 electus
281 444 332 496 est
356 434 535 497 infallibilis
547 435 571 510 ”,
587 435 756 497 mediante
779 432 865 496 fatto
889 436 1106 514 contingenti,
1122 457 1163 500 sc.

58 535 149 600 facto
165 538 338 599 canonicae
353 535 533 613 electionis,
549 539 593 599 sit
608 538 650 599 de
667 536 750 600 fide?

106 702 157 772 37.
207 690 257 772 (a)
274 690 420 771 Quidam
445 692 530 753 inter
553 692 707 771 antiquos
731 691 915 772 theologos
930 713 958 752 v.
975 711 1004 771 g.
1022 691 1164 767 Barnea,

61 793 248 874 Cajetanus,
263 803 486 874 negaverunt;
519 814 606 869 nam,
622 793 764 868 aiebant,
781 803 818 856 ut
844 793 956 874 aliqua
979 794 1163 875 propositio

59 897 100 957 sit
122 893 295 975 objeftum
320 895 406 970 fidei,
422 915 554 957 necesse
577 905 628 958 est
651 906 687 958 ut
709 897 751 958 sit
767 896 919 959 absolute
940 915 1041 958 vera:
1071 896 1162 976 atqui

59 1000 249 1080 propositio
271 999 456 1079 singularis
472 1001 514 1061 de
530 1003 595 1079 qua
619 1001 736 1080 agitur,
754 1020 819 1062 non
837 1009 887 1061 est
903 1000 1055 1061 absolute
1077 1020 1163 1075 vera,

59 1123 162 1183 quum
181 1102 268 1164 illius
285 1103 405 1165 veritas
422 1123 441 1163 a
458 1099 546 1165 facto
562 1104 768 1184 contingenti
785 1105 939 1185 pendeat,
955 1103 1044 1184 quod
1060 1103 1164 1164 incer-

60 1215 130 1268 tum
146 1227 222 1269 esse
238 1215 349 1288 potest
358 1227 365 1282 ;
388 1226 474 1286 ergo.

100 1310 151 1389 38.
199 1311 252 1392 (b)
270 1310 382 1374 Hodie
405 1320 517 1374 autem
542 1310 686 1393 plerique
711 1309 858 1392 theologi
875 1311 1041 1372 affirmant
1058 1311 1159 1373 talem

61 1415 325 1495 propositionem
348 1400 421 1475 esse
447 1412 489 1475 de
513 1412 586 1490 fide,
608 1399 792 1476 dummodo
816 1411 940 1476 facturn
965 1414 1163 1492 contingens

63 1518 103 1578 sit
133 1516 291 1579 absolute
314 1525 440 1578 certum
468 1517 667 1579 certitudine
699 1537 833 1579 omnem
861 1517 1071 1578 formidinem
1104 1538 1162 1578 ex-

62 1619 229 1695 cludente,
256 1621 314 1681 sed
341 1618 494 1680 eamdem
516 1619 560 1681 'de
584 1617 649 1682 fide
673 1641 739 1681 non
772 1640 853 1695 esse,
876 1621 902 1680 si
936 1617 1060 1681 fadtum
1084 1641 1161 1681 con·

10 1772 13 1779 .
62 1724 195 1803 tingens
219 1722 262 1783 sit
285 1722 431 1785 dubium.
479 1722 613 1785 Etenim
630 1722 744 1784 statim
761 1743 798 1783 ac
822 1719 946 1784 factum
964 1723 1160 1802 contingens

10 1848 12 1853 ·
62 1837 149 1888 certo
184 1835 325 1901 constat,
355 1846 396 1887 eo
428 1825 501 1906 ipso
532 1825 703 1888 evidenter
733 1835 873 1905 apparet
898 1825 1160 1905 propositionem

10 1940 14 1975 ²
61 1929 295 2010 particularem
330 1929 490 2020 contineri
524 1929 556 1993 in
590 1928 774 2003 universali,
802 1949 840 1990 ac
872 1929 1011 2008 proinde
1043 1949 1063 1989 a
1087 1929 1161 1990 Deo

10 2066 12 2101 ÷
61 2034 242 2096 revelatam
267 2032 384 2111 fuisse;
421 2054 450 2096 v.
475 2053 503 2115 g.
531 2033 564 2092 in
593 2049 671 2093 casu
698 2028 809 2102 allato,
833 2028 945 2089 statim
971 2026 1159 2090 aefectum

10 2110 12 2185 l
59 2136 230 2199 canonicae
245 2132 413 2197 electionis
430 2134 552 2198 Leonis
570 2132 659 2195 XIII
677 2141 803 2193 certum
820 2130 932 2192 evadit
947 2150 991 2191 ex
1008 2131 1157 2192 unanimi

59 2259 228 2301 consensu
246 2239 413 2314 Ecclesiae,
429 2258 469 2301 eo
485 2239 558 2318 ipso
578 2236 747 2298 evidenter
763 2243 901 2315 apparet
919 2233 1071 2295 Leonem
1089 2255 1160 2296 esse

58 2363 165 2404 unum
190 2361 236 2403 ex
263 2341 313 2402 his
340 2341 498 2423 legitimis
524 2338 748 2414 Pontificibus
772 2339 828 2418 qui
861 2359 880 2398 a
904 2337 1038 2400 Christo
1061 2338 1159 2418 privi-

57 2446 145 2527 legio
171 2443 417 2508 infallibilitatis
440 2445 556 2507 donati
579 2453 664 2505 sunt.
711 2442 739 2502 E
767 2450 882 2503 contra
898 2442 925 2502 si
941 2439 1065 2503 factum
1083 2463 1160 2504 con-

57 2551 194 2630 tingens
219 2568 285 2611 non
314 2549 356 2611 sit
385 2557 523 2624 certum,
548 2556 627 2609 tunc
657 2546 794 2607 omnino
820 2543 1007 2607 verificatur
1032 2547 1116 2608 ratio
1140 2568 1159 2607 a

56 2654 167 2733 prima
183 2651 341 2732 opinione
356 2651 466 2728 allata,
482 2673 525 2714 sc.
542 2650 710 2713 conclusio
733 2650 858 2711 incerta
874 2658 1023 2711 remanet
1040 2670 1099 2711 nec
1116 2651 1158 2710 de

57 2756 122 2821 fide
138 2776 214 2819 esse
229 2765 347 2837 potest.

97 2907 150 2971 39.
207 2892 415 2958 Corollaria:
438 2892 497 2974 (A)
515 2892 615 2968 Hinc,
629 2892 731 2971 juxta
747 2891 832 2952 hanc
851 2890 1003 2952 ultimam
1028 2900 1159 2975 senten-

56 2998 149 3073 tiam,
165 3017 241 3078 quae
264 2997 472 3059 communior
488 3004 547 3070 est,
563 2998 605 3058 de
622 2994 686 3057 fide
709 3003 787 3055 sunt
810 3002 987 3073 sequentes
1010 2995 1160 3075 proposi-

56 3102 167 3162 tiones
199 3099 393 3180 singulares,
423 3099 564 3179 aliaeque
596 3097 719 3159 similes
746 3120 753 3158 :
776 3151 779 3156 .
804 3101 818 3127 “
831 3095 864 3158 C.
891 3095 1084 3157 Vaticanum
1110 3107 1161 3158 est

55 3202 242 3278 infallibile,
257 3202 332 3264 talis
355 3201 464 3264 infans
482 3200 544 3263 fuit
567 3203 600 3262 in
623 3201 776 3281 originali
795 3209 933 3280 peccato
949 3210 1131 3281 conceptus
1144 3201 1159 3225 '¹

54 3309 135 3388 quia
159 3315 251 3368 certo
275 3306 488 3368 continentur
504 3305 535 3366 in
554 3303 839 3386 propositionibus
854 3303 1095 3367 universalibus
1112 3325 1160 3365 re-

54 3407 186 3473 velatis.

98 3509 208 3593 13)ss
234 3516 349 3569 contra
375 3527 441 3568 non
466 3514 517 3569 est
540 3507 582 3569 de
607 3505 671 3568 fide
694 3508 803 3587 qrroad
822 3529 879 3570 nos
895 3507 1063 3571 Christum
1088 3480 1159 3570 esse

55 3621 257 3695 praesentem
274 3611 336 3673 sub
353 3610 411 3673 tali
426 3610 544 3685 hostia,
560 3611 638 3690 quia
654 3631 719 3671 non
737 3611 888 3674 absolute
908 3622 1040 3674 constat
1056 3612 1157 3674 talem

54 3717 203 3780 hostiam
221 3714 322 3777 fuisse
338 3713 447 3777 valide
462 3723 700 3790 consecratam,
716 3724 774 3776 aut
790 3713 876 3776 hunc
893 3715 1066 3796 puerulum
1084 3735 1161 3776 neo-

55 3819 268 3901 baptizatum
285 3837 356 3878 esse
373 3816 406 3877 in
429 3823 518 3878 statu
534 3817 660 3896 gratiae,
676 3817 754 3897 quia
770 3838 835 3879 non
860 3818 1010 3881 absolute
1033 3828 1160 3880 certum

55 3933 105 3986 est
120 3942 199 3984 eum
217 3920 318 3984 fuisse
334 3919 443 3983 valide
464 3920 683 4000 baptizatum,
700 3920 762 3980 nisi
779 3920 888 3983 forsan
913 3943 973 4003 pro
989 3923 1161 3984 sacerdote

55 4027 111 4108 qui
128 4024 339 4106 Baptismum
356 4022 557 4085 ministravit
575 4045 581 4086 :
605 4023 676 4104 ipse
692 4023 780 4084 enim
800 4024 883 4086 scire
899 4033 1010 4105 potest
1026 4026 1161 4086 certitu-

54 4130 133 4192 dine
148 4147 284 4191 omnem
302 4124 511 4188 formidinem
537 4123 738 4188 excludente
755 4127 958 4208 baptismum
976 4128 1037 4189 rite
1061 4127 1161 4188 fuisse

53 4231 223 4296 collatum.

160 4345 288 4388 sruovsrs
300 4339 331 4386 11.
344 4350 398 4383 -ω
