2684 4634
230 691 303 762 DE
329 686 761 765 OPERATIONIBUS
789 689 1000 761 DIVINIS.

101 1242 150 1323 67.
198 1245 258 1328 (A)
282 1247 419 1328 Duplex
442 1246 659 1328 distinguitur
682 1246 854 1328 operatio:
893 1245 1084 1321 immanens,
1108 1265 1165 1308 seu

59 1349 107 1411 ad
118 1350 220 1428 intro,
236 1349 328 1431 cujus
344 1350 506 1415 terminus
529 1351 563 1413 in
587 1351 660 1432 ipso
683 1358 804 1431 agente
828 1349 924 1425 sistit,
940 1360 973 1412 et
996 1350 1166 1434 transiens,

58 1472 116 1515 seu
133 1453 184 1515 aa'
195 1463 295 1529 extro,
310 1452 404 1535 cujus
419 1453 581 1518 terminus
596 1461 647 1516 est
662 1461 760 1514 extra
771 1453 969 1534 principium
982 1472 1002 1514 a
1014 1474 1081 1534 quo
1091 1475 1165 1536 pro·

59 1555 157 1618 cedit
207 1554 430 1636 Operationes
447 1554 512 1616 Dei
536 1556 578 1617 ad
602 1563 701 1618 extra
723 1539 801 1616 sunt
823 1555 948 1631 creatio,
962 1557 1165 1634 conservatio,

58 1678 242 1732 concursus,
251 1654 455 1738 gubernatio,
471 1657 645 1738 redemptio
660 1667 720 1719 etc.
738 1657 916 1737 dequibus
937 1657 1015 1720 alibi
1037 1655 1164 1723 dicitur.

61 1760 289 1843 Operationes
303 1769 416 1825 autem
433 1762 474 1823 ad
491 1761 579 1822 intra
591 1770 668 1822 sunt
679 1759 820 1835 scientia,
830 1780 904 1840 quae
918 1760 959 1821 ad
973 1760 1164 1822 intelleiiurn

26 1911 27 1914 η
61 1864 217 1944 pertinet,
233 1864 352 1938 nolitia,
368 1885 443 1945 quae
460 1864 502 1926 ad
524 1865 722 1926 voluntatem
744 1862 891 1938 refertur,
906 1882 1035 1924 necnon
1052 1865 1166 1943 provi-

60 1968 174 2030 dentia
190 1975 225 2030 et
241 1967 494 2051 predestinatio,
508 1987 584 2049 quae
608 1968 650 2029 ad
672 1975 850 2047 utrumque
873 1960 1034 2046 speciant.
1079 1965 1165 2048 Quae

10 2114 13 2163 l
61 2071 199 2152 quidem
216 2070 434 2143 immanentes
444 2071 662 2154 operationes
678 2089 753 2132 vere
769 2069 886 2132 vitales
896 2078 983 2146 sunt,
995 2070 1165 2151 vitamque

10 2198 14 2233 ε
61 2172 211 2251 divinam
225 2171 443 2246 constituunt.

10 2342 13 2355 “
100 2327 153 2397 68.
199 2327 260 2410 (Β)
276 2330 357 2394 Vita
371 2330 529 2395 definitur
543 2333 743 2415 principium
769 2335 984 2398 intrinsecum
1009 2337 1163 2400 substan·

62 2435 149 2512 tiale,
166 2434 199 2497 vi
216 2433 311 2514 cujus
327 2455 386 2497 ens
411 2437 557 2518 seipsum
584 2447 715 2518 movet;
742 2438 819 2501 hinc
844 2437 931 2503 reete
956 2440 1002 2502 ait
1027 2441 1061 2504 S.
1083 2442 1114 2502 T
1111 2441 1163 2505 lco-

62 2547 181 2601 rnas1:
207 2534 297 2598 “Illa
320 2537 451 2618 proprie
473 2545 552 2600 sunt
574 2539 728 2614 viventia,
750 2559 826 2619 quae
849 2541 958 2625 seipsa
980 2543 1163 2605 secundum

10 2634 12 2641 ’
60 2638 210 2720 aliquam
241 2638 386 2718 speciem
418 2643 528 2702 motus
559 2648 710 2720 movent;
751 2642 820 2704 sive
846 2643 1027 2723 accipiatur
1054 2653 1164 2706 motus

59 2741 203 2827 proprie,
219 2740 304 2802 sicut
321 2731 432 2804 motus
447 2741 568 2804 dicitur
583 2739 677 2805 aetus
701 2742 894 2825 imperseeti,
910 2744 927 2806 i.
945 2766 971 2808 e.
987 2746 1163 2808 existentis

59 2844 91 2909 in
108 2843 280 2927 potentiam
304 2843 374 2905 sive
389 2853 500 2906 motus
523 2844 704 2925 accipiatur
726 2847 956 2924 communiter,
971 2858 1069 2928 prout
1092 2869 1161 2912 mo-

58 2957 112 3011 tus
128 2948 233 3010 etiam
249 2947 372 3009 dicitur
386 2944 481 3010 acius
496 2944 644 3030 perseffl,
659 2958 757 3030 prout
774 2949 959 3031 intelligere
983 2962 1016 3015 et
1040 2955 1162 3016 sentire

58 3051 219 3112 dicuntur
234 3050 385 3112 moveri.’'
429 3049 570 3132 Infimus
584 3053 662 3114 vitae
673 3052 797 3132 gradus
808 3063 858 3117 est
870 3055 902 3116 in
912 3056 1047 3135 plantis,
1062 3063 1077 3089 “
1088 3079 1163 3139 quae

58 3155 245 3217 secundum
273 3153 413 3216 sormam
442 3154 581 3216 inditam
608 3156 655 3216 eis
678 3175 697 3217 a
724 3162 842 3218 natura
869 3168 1004 3221 movent
1030 3162 1164 3241 seipsas,

58 3258 168 3321 solum
197 3257 312 3319 habito
339 3254 489 3338 respeCiu
517 3258 559 3319 ad
586 3260 818 3320 executionem
846 3264 956 3322 motus
979 3263 1161 3325 secundum

58 3368 280 3442 augmentum
304 3369 337 3422 et
360 3359 608 3422 decrementum
620 3361 660 3402 ”2
668 3382 675 3437 ;
698 3381 839 3442 quaeque
863 3363 982 3444 triplici
1005 3364 1163 3428 facultate

57 3465 211 3544 gaudent
237 3460 408 3538 nutritive,
434 3462 682 3542 augmentative
712 3473 745 3525 et
769 3465 972 3545 generativa,
1019 3468 1164 3531 Secundo

57 3568 168 3648 gradu
193 3573 271 3628 sunt
296 3553 467 3640 animalia,
491 3585 631 3647 quorum
658 3570 769 3629 mottls
797 3568 994 3649 principium
1022 3581 1072 3633 est
1100 3571 1163 3632 sor-

57 3691 125 3746 ma,
149 3689 215 3730 non
240 3691 258 3731 a
282 3673 400 3732 natura
424 3670 539 3745 indita,
565 3671 623 3732 sed
655 3691 714 3751 per
745 3692 879 3736 sensum
910 3684 1057 3756 accepta,
1087 3676 1163 3738 licet

58 3793 127 3836 non
156 3792 216 3854 per
241 3773 351 3853 seipsa
380 3773 593 3853 praestituant
624 3774 686 3836 sibi
718 3773 819 3838 finem
852 3798 920 3838 suae
950 3780 1162 3858 operationiS,

40 3879 117 3940 1sed
152 3874 309 3940 instinctu
341 3897 361 3938 a
391 3877 511 3938 natura
542 3876 649 3938 indito
687 3877 867 3956 ducantur;
912 3890 1032 3961 praeter
1067 3883 1163 3943 dotes

56 4003 136 4063 quae
167 3980 292 4061 plantis
322 3979 445 4055 insunt,
476 3979 597 4060 triplici
628 3982 778 4061 gaudent
810 3981 967 4045 facultate
997 3983 1163 4060 sensitiva,

55 4081 236 4166 oppetitivci
262 4092 296 4145 et
322 4082 517 4146 locomotivci.
565 4083 674 4164 Supra
701 4086 858 4147 animalia
884 4095 961 4147 sunt
989 4086 1059 4147 illa·
1074 4089 1164 4148 entia

93 4272 547 4341 ¹57n.1,q.18,a.1.-²S.
568 4279 621 4335 Τά.
639 4280 656 4336 l.
673 4299 695 4336 c.
712 4299 739 4338 a.
756 4297 779 4352 3.

130 4384 294 4430 senonen,
308 4401 363 4447 -9
