2684 4634
366 181 421 231 DE
439 181 781 232 OPERATIONIBUS
800 181 971 228 DIVINIS.
1156 178 1216 228 149

119 363 318 444 diriguntur,
329 373 362 426 et
374 364 509 444 quidem
523 364 568 425 ita
580 374 616 425 ut
629 365 670 424 ad
682 360 861 424 electorum
872 363 1014 424 salutem
1027 360 1197 423 conferant
1210 379 1216 421 :

119 468 223 528 “Vos
239 468 410 548 cogitastis
427 468 468 528 de
485 488 537 529 me
555 466 687 541 malum,
704 468 762 529 sed
776 469 871 528 'Deus
887 467 986 528 vertit
1003 465 1081 527 illud
1107 466 1139 526 in
1159 465 1216 527 bo-

118 591 240 632 num...
288 571 379 631 “Per
396 591 449 632 me
465 591 559 651 reges
576 579 723 650 regnant,
740 579 773 631 et
795 570 904 651 legum
927 571 1114 632 conditores
1129 568 1218 649 justa

116 673 358 735 decernunt...’'
404 673 558 736 “Omnia
578 674 666 736 enim
689 684 824 754 propter
845 695 911 745 νος,
929 684 965 736 ut
988 674 1094 753 gratia
1116 672 1218 734 abun-

116 779 214 853 dans,
230 797 291 859 per
308 777 429 839 multos
446 779 477 838 in
494 779 675 858 gratiarum
700 774 838 851 actione,
855 776 1001 838 abundet
1025 778 1056 837 in
1079 776 1218 855 gloriam

118 883 184 943 Dei
193 881 209 906 ’'
217 894 237 943 1.

162 1022 232 1072 112.
282 1002 347 1089 (B)
361 1006 454 1068 Rata
470 1005 520 1086 (a)
535 1007 746 1068 Providentia
759 1008 846 1069 enim
861 1009 928 1070 duo
942 1008 1117 1087 importat:
1141 1026 1219 1066 assi-

117 1112 317 1192 gnationem
334 1109 407 1171 finis
424 1121 456 1172 et
474 1110 657 1172 mediorum
675 1110 717 1172 ad
734 1109 833 1172 finem
848 1111 1105 1192 assequendum;
1129 1109 1220 1189 atqui

117 1216 193 1276 haec
217 1214 285 1275 duo
304 1233 459 1293 supremo
484 1214 621 1274 Numini
646 1215 862 1294 conveniunt;
886 1235 988 1295 quum
1011 1213 1098 1275 enim
1122 1232 1221 1274 omne

118 1335 225 1395 agens
242 1323 321 1393 agat
337 1323 472 1394 propter
489 1313 597 1388 finem,
615 1315 716 1389 Deus,
732 1317 823 1378 varia
845 1319 934 1379 entia
955 1318 1098 1379 creando
1122 1315 1221 1377 finem

118 1417 381 1481 determinatum
393 1416 509 1478 habuit
521 1418 562 1477 ad
577 1438 675 1498 quem
687 1439 726 1480 ea
736 1420 917 1497 ordinavit;
942 1422 1074 1500 insuper
1086 1419 1141 1500 qui
1153 1418 1222 1480 vult

119 1522 233 1592 finem,
247 1519 318 1581 vult
331 1519 448 1596 media,
463 1521 666 1601 proindeque
680 1522 771 1583 Deus
786 1523 895 1584 media
907 1523 1140 1585 determinavit
1153 1523 1223 1583 ido-

121 1646 186 1686 nea
197 1624 239 1695 ad
252 1623 344 1684 illum
356 1622 455 1684 finem
468 1623 717 1703 attingendum3
734 1636 766 1687 et
777 1610 880 1706 quum
893 1626 947 1687 illa
959 1627 1068 1688 media
1078 1624 1224 1687 efficacia

122 1749 189 1790 non
202 1737 323 1801 essent,
332 1726 393 1787 nisi
405 1726 475 1806 ipse
485 1737 650 1789 creaturas
661 1728 702 1789 ad
715 1749 810 1790 suum
822 1728 921 1790 finem
933 1728 1172 1809 dirigeret,ipse
1182 1727 1223 1788 de

122 1831 280 1894 omnibus
296 1849 407 1891 curam
425 1828 525 1891 habet
532 1850 539 1906 ;
563 1851 648 1911 ergo.
695 1832 745 1913 (b)
763 1833 798 1895 Si
813 1833 904 1894 Deus
918 1832 1014 1894 rebus
1027 1831 1144 1892 creatis
1158 1850 1223 1892 non

122 1936 322 2018 provideret,
339 1933 402 1995 hoc
418 1943 505 1995 esset
521 1954 564 1995 ex
581 1933 712 1997 defectu
730 1921 884 2010 scientiae,
901 1935 951 1996 vel
974 1933 1157 2015 potestatis
1175 1933 1224 1994 vel

123 2039 323 2114 voluntatis,
347 2039 439 2117 atqui
457 2037 581 2099 nullum
599 2059 642 2099 ex
656 2038 707 2100 his
719 2040 783 2102 dici
797 2048 926 2120 potest:
951 2060 1026 2101 nam
1042 2038 1225 2119 Deusinfi-

123 2144 190 2206 nite
205 2141 340 2221 sapiens,
357 2136 501 2220 perfecte
518 2143 609 2204 novit
627 2151 696 2204 tum
712 2143 807 2205 finem
822 2144 1060 2226 attingendum,
1074 2153 1144 2205 tum
1159 2163 1224 2203 me·-

123 2249 180 2311 dia
197 2246 318 2327 quibus
335 2244 536 2306 obtinendus
552 2254 611 2319 est,
628 2257 698 2308 tum
721 2247 960 2329 impedimenta
984 2248 1104 2328 quibus
1127 2255 1225 2308 retar-

124 2353 196 2415 dari
214 2358 334 2432 potest,
348 2358 405 2412 aut
422 2350 531 2411 media
543 2350 662 2430 quibus
675 2351 847 2412 obstacula
861 2360 1086 2426 removentur;
1111 2357 1226 2430 utpote

124 2455 332 2534 omnipotens,
349 2451 420 2513 solo
435 2451 617 2515 voluntatis
634 2464 715 2516 nutu
733 2455 846 2516 omnia
862 2475 937 2534 quae
954 2455 1120 2535 sapienter
1141 2453 1226 2514 ordi-

126 2559 219 2620 navit
237 2556 411 2619 efficaciter
427 2557 565 2636 exsequi
582 2558 685 2634 valet;
710 2578 769 2620 nec
787 2558 848 2640 ipsi
866 2559 960 2620 deest
975 2558 1132 2631 voluntas,
1149 2576 1225 2617 nam

125 2672 294 2725 creaturas
317 2679 399 2740 quas
421 2661 579 2735 condidit,
601 2663 769 2742 despicere
791 2671 824 2723 et
845 2663 995 2723 deserere
1018 2661 1140 2739 nequit,
1158 2661 1227 2719 sine

126 2765 288 2829 bonitatis
311 2772 369 2825 aut
392 2763 563 2843 sapientise
583 2763 728 2844 jactura&
753 2767 799 2827 ait
822 2767 910 2826 enim
937 2766 972 2826 S.
989 2763 1202 2824 Artabrosz'un
1217 2784 1228 2823 :

125 2871 241 2934 “Cum
266 2867 389 2948 aliquid
414 2888 480 2928 non
505 2867 620 2930 fecisse
644 2869 735 2931 nulla
758 2869 920 2949 injustitia
945 2870 995 2942 sit,
1024 2888 1089 2928 non
1115 2887 1227 2928 curare

126 2973 219 3056 quod
236 2971 351 3034 feceris
368 2991 497 3032 summa
514 2972 754 3034 inclementia’'.

173 3120 239 3182 113
288 3117 322 3183 3⁰
338 3096 390 3166 De
403 3106 525 3187 legibus
541 3107 662 3170 dz'vz'nae
676 3108 902 3170 Providentice.
952 3109 1024 3169 Has
1042 3108 1130 3187 leges
1148 3127 1228 3168 non-

128 3212 190 3273 nisi
209 3205 400 3289 imperfecte
417 3210 662 3290 cognoscimus;
687 3231 774 3286 nam,
787 3222 823 3273 ut
836 3213 882 3272 ait
901 3212 935 3274 S.
953 3212 982 3272 T
980 3211 1114 3285 hernorst
1130 3215 1145 3242 “
1157 3221 1189 3272 et
1203 3213 1228 3271 si

128 3318 210 3395 ipsae
227 3320 353 3373 naturae
371 3331 477 3372 rerum
492 3324 602 3375 essent
613 3313 708 3375 nobis
722 3315 874 3394 cognitae,
886 3316 968 3376 ordo
982 3324 1093 3376 tamen
1107 3333 1229 3386 earum,

128 3415 312 3479 secundum
330 3414 418 3493 quod
435 3435 454 3474 a
471 3416 582 3476 divina
599 3408 808 3496 providentia
833 3427 865 3478 et
889 3419 930 3478 ad
956 3419 1095 3478 invicem
1119 3416 1228 3496 dispo-

129 3528 255 3588 nuntur
270 3525 303 3577 et
319 3515 504 3598 diriguntur
521 3517 553 3578 in
571 3517 681 3596 finem,
695 3521 838 3581 tenuiter
851 3520 945 3580 nobis
959 3529 1058 3580 nutus
1071 3539 1142 3579 esse
1155 3540 1229 3598 pos-

101 3627 103 3631 ’
129 3630 188 3696 set,
205 3639 309 3700 quum
326 3619 367 3680 ad
385 3623 651 3699 cognoscendam
678 3622 839 3683 rationem
863 3622 984 3683 divinae
1011 3620 1229 3683 Providentiae

128 3746 196 3787 non
215 3721 474 3804 pertingamus'’.
522 3726 633 3786 Pauca
649 3735 760 3787 tamen
778 3725 840 3787 hae
857 3727 899 3787 de
917 3746 949 3786 re
967 3723 1207 3785 adnotabimus

181 3867 247 3930 114.
293 3849 352 3929 (A)
370 3849 461 3909 Finis
478 3858 613 3930 propter
629 3871 725 3930 quem
745 3852 837 3912 Deus
854 3852 966 3911 omnia
983 3849 1114 3922 creavit,
1131 3856 1164 3907 et
1188 3845 1227 3904 ad

129 3972 230 4036 quem
249 3951 361 4012 omnia
377 3950 527 4026 tendunt,
543 3952 670 4033 duplex
687 3962 756 4015 est:
781 3953 831 4034 (a)
848 3953 921 4014 finis
939 3951 1039 4031 operis
1060 3959 1108 4010 est
1128 3948 1230 4029 gloria

150 4095 173 4174 δ1
190 4130 257 4182 Gen.
273 4130 304 4194 L,
318 4143 363 4192 20;
381 4129 480 4192 Prov„
494 4129 578 4194 VIII,
596 4143 637 4196 15;
657 4131 692 4181 Il
704 4131 764 4181 Cor.
782 4131 830 4194 IV,
848 4145 889 4198 15;
910 4130 942 4181 cf.
957 4126 978 4181 l
991 4129 1051 4180 Cor.
1069 4127 1122 4190 ΙΙΙ,
1140 4139 1227 4190 22-23.

130 4251 164 4257 —
177 4216 189 4246 ²
201 4218 232 4269 S.
251 4216 300 4268 le.
318 4217 339 4281 Ι,
353 4233 379 4284 q.
397 4230 439 4282 22,
456 4231 482 4268 a.
500 4231 550 4267 1-2.
566 4243 595 4248 —
612 4210 622 4240 ³
637 4215 680 4265 De
695 4212 764 4264 offic.
779 4213 825 4264 lib.
846 4215 867 4275 Ι,
884 4230 906 4265 c.
925 4227 963 4279 13·
979 4242 1011 4248 —
1024 4209 1034 4238 ⁴
1048 4212 1077 4262 C.
1094 4207 1227 4272 Gentiles,

130 4311 147 4361 Ι.
171 4306 219 4371 lV,
234 4321 255 4357 c.
273 4321 295 4356 1.
