<?xml version="1.0" encoding="UTF-8"?>
<!DOCTYPE html PUBLIC "-//W3C//DTD XHTML 1.0 Transitional//EN"
    "http://www.w3.org/TR/xhtml1/DTD/xhtml1-transitional.dtd">
<html xmlns="http://www.w3.org/1999/xhtml" xml:lang="en" lang="en">
 <head>
  <title>
</title>
<meta http-equiv="Content-Type" content="text/html;charset=utf-8" />
  <meta name='ocr-system' content='tesseract 3.04.00' />
  <meta name='ocr-capabilities' content='ocr_page ocr_carea ocr_par ocr_line ocrx_word'/>
</head>
<body>
  <div class='ocr_page' id='page_1' title='image "./synopsistheolog00tanqgoog_0473.png"; bbox 0 0 2684 4634; ppageno 0'>
   <div class='ocr_carea' id='block_1_1' title="bbox 131 161 786 216">
    <p class='ocr_par' dir='ltr' id='par_1_1' title="bbox 131 161 786 216">
     <span class='ocr_line' id='line_1_1' title="bbox 131 161 786 216; baseline 0.011 -7"><span class='ocrx_word' id='word_1_1' title='bbox 131 161 199 210; x_wconf 73' lang='lat'><strong>452</strong></span> <span class='ocrx_word' id='word_1_2' title='bbox 588 164 726 216; x_wconf 79' lang='lat' dir='ltr'>CAPUT</span> <span class='ocrx_word' id='word_1_3' title='bbox 744 166 786 216; x_wconf 90' lang='lat'>11·.</span> 
     </span>
    </p>
   </div>
   <div class='ocr_carea' id='block_1_2' title="bbox 130 344 1218 735">
    <p class='ocr_par' dir='ltr' id='par_1_2' title="bbox 130 344 1218 735">
     <span class='ocr_line' id='line_1_2' title="bbox 133 344 1218 430; baseline 0.003 -25"><span class='ocrx_word' id='word_1_4' title='bbox 133 344 192 406; x_wconf 90' lang='lat' dir='ltr'><strong>Ille</strong></span> <span class='ocrx_word' id='word_1_5' title='bbox 218 366 307 408; x_wconf 89' lang='lat' dir='ltr'><strong>error</strong></span> <span class='ocrx_word' id='word_1_6' title='bbox 332 347 511 411; x_wconf 89' lang='lat' dir='ltr'><strong>damnatus</strong></span> <span class='ocrx_word' id='word_1_7' title='bbox 536 357 585 410; x_wconf 90' lang='lat' dir='ltr'><strong>est</strong></span> <span class='ocrx_word' id='word_1_8' title='bbox 613 349 645 411; x_wconf 94' lang='lat' dir='ltr'><strong>in</strong></span> <span class='ocrx_word' id='word_1_9' title='bbox 674 348 798 412; x_wconf 91' lang='lat' dir='ltr'><strong>Concil.</strong></span> <span class='ocrx_word' id='word_1_10' title='bbox 824 347 1100 430; x_wconf 79' lang='lat' dir='ltr'><strong>Constantinopol,</strong></span> <span class='ocrx_word' id='word_1_11' title='bbox 1127 347 1218 429; x_wconf 84' lang='lat'>(381);</span> 
     </span>
     <span class='ocr_line' id='line_1_3' title="bbox 130 447 1218 537; baseline 0.004 -29"><span class='ocrx_word' id='word_1_12' title='bbox 130 447 263 510; x_wconf 86' lang='lat' dir='ltr'>aliunde</span> <span class='ocrx_word' id='word_1_13' title='bbox 279 449 488 513; x_wconf 87' lang='lat' dir='ltr'><strong>Arianismus</strong></span> <span class='ocrx_word' id='word_1_14' title='bbox 500 453 532 514; x_wconf 91' lang='lat' dir='ltr'><strong>in</strong></span> <span class='ocrx_word' id='word_1_15' title='bbox 550 451 586 514; x_wconf 87' lang='lat' dir='ltr'><strong>C.</strong></span> <span class='ocrx_word' id='word_1_16' title='bbox 596 451 729 514; x_wconf 84' lang='lat' dir='ltr'><strong>Nicoeno</strong></span> <span class='ocrx_word' id='word_1_17' title='bbox 740 451 794 532; x_wconf 84' lang='lat'><strong>(32</strong></span> <span class='ocrx_word' id='word_1_18' title='bbox 801 448 836 537; x_wconf 87' lang='lat'><strong>5)</strong></span> <span class='ocrx_word' id='word_1_19' title='bbox 855 453 1057 535; x_wconf 83' lang='lat' dir='ltr'><strong>reprobatus</strong></span> <span class='ocrx_word' id='word_1_20' title='bbox 1074 453 1185 527; x_wconf 86' lang='lat' dir='ltr'><strong>suerat,</strong></span> <span class='ocrx_word' id='word_1_21' title='bbox 1194 461 1218 513; x_wconf 89' lang='lat' dir='ltr'><strong>et</strong></span> 
     </span>
     <span class='ocr_line' id='line_1_4' title="bbox 131 551 1216 637; baseline 0.005 -26"><span class='ocrx_word' id='word_1_22' title='bbox 131 551 176 612; x_wconf 91' lang='lat' dir='ltr'><strong>ita</strong></span> <span class='ocrx_word' id='word_1_23' title='bbox 192 552 345 616; x_wconf 92' lang='lat' dir='ltr'><strong>omnibus</strong></span> <span class='ocrx_word' id='word_1_24' title='bbox 361 554 498 634; x_wconf 89' lang='lat' dir='ltr'><strong>patebat</strong></span> <span class='ocrx_word' id='word_1_25' title='bbox 515 554 682 618; x_wconf 86' lang='lat' dir='ltr'><strong>Christum</strong></span> <span class='ocrx_word' id='word_1_26' title='bbox 704 575 777 617; x_wconf 91' lang='lat' dir='ltr'><strong>esse</strong></span> <span class='ocrx_word' id='word_1_27' title='bbox 792 557 890 618; x_wconf 89' lang='lat' dir='ltr'><strong>simul</strong></span> <span class='ocrx_word' id='word_1_28' title='bbox 914 554 1106 637; x_wconf 67' lang='lat' dir='ltr'><strong>perfectum</strong></span> <span class='ocrx_word' id='word_1_29' title='bbox 1124 556 1216 618; x_wconf 89' lang='lat' dir='ltr'><strong>Deun</strong></span> 
     </span>
     <span class='ocr_line' id='line_1_5' title="bbox 130 654 561 735; baseline 0.009 -20"><span class='ocrx_word' id='word_1_30' title='bbox 130 675 167 716; x_wconf 94' lang='lat' dir='ltr'><strong>ac</strong></span> <span class='ocrx_word' id='word_1_31' title='bbox 183 654 366 735; x_wconf 66' lang='lat' dir='ltr'><strong>persedtum</strong></span> <span class='ocrx_word' id='word_1_32' title='bbox 382 657 561 720; x_wconf 92' lang='lat' dir='ltr'><strong>hominem.</strong></span> 
     </span>
    </p>
   </div>
   <div class='ocr_carea' id='block_1_3' title="bbox 129 817 1217 1421">
    <p class='ocr_par' dir='ltr' id='par_1_3' title="bbox 129 817 1217 1421">
     <span class='ocr_line' id='line_1_6' title="bbox 172 817 1215 905; baseline 0.006 -25"><span class='ocrx_word' id='word_1_33' title='bbox 172 817 220 882; x_wconf 90' lang='lat'><strong>81.</strong></span> <span class='ocrx_word' id='word_1_34' title='bbox 268 819 326 902; x_wconf 88' lang='lat' dir='ltr'><strong>(C)</strong></span> <span class='ocrx_word' id='word_1_35' title='bbox 341 822 416 902; x_wconf 89' lang='lat' dir='ltr'><strong>Jam</strong></span> <span class='ocrx_word' id='word_1_36' title='bbox 434 843 453 883; x_wconf 92' lang='lat' dir='ltr'><strong>a</strong></span> <span class='ocrx_word' id='word_1_37' title='bbox 469 822 591 884; x_wconf 88' lang='lat' dir='ltr'><strong>saeculo</strong></span> <span class='ocrx_word' id='word_1_38' title='bbox 606 821 717 903; x_wconf 81' lang='lat' dir='ltr'><strong>quinto</strong></span> <span class='ocrx_word' id='word_1_39' title='bbox 733 823 889 902; x_wconf 90' lang='lat' dir='ltr'><strong>primaria</strong></span> <span class='ocrx_word' id='word_1_40' title='bbox 910 825 1058 904; x_wconf 84' lang='lat' dir='ltr'><strong>quaestio</strong></span> <span class='ocrx_word' id='word_1_41' title='bbox 1081 822 1142 887; x_wconf 86' lang='lat' dir='ltr'><strong>suit</strong></span> <span class='ocrx_word' id='word_1_42' title='bbox 1156 845 1215 905; x_wconf 78' lang='lat' dir='ltr'><strong>quo-</strong></span> 
     </span>
     <span class='ocr_line' id='line_1_7' title="bbox 130 923 1216 1003; baseline 0.006 -20"><span class='ocrx_word' id='word_1_43' title='bbox 130 923 220 986; x_wconf 83' lang='lat' dir='ltr'><strong>modo</strong></span> <span class='ocrx_word' id='word_1_44' title='bbox 244 923 319 986; x_wconf 82' lang='lat' dir='ltr'><strong>duae</strong></span> <span class='ocrx_word' id='word_1_45' title='bbox 344 937 479 1001; x_wconf 88' lang='lat' dir='ltr'><strong>naturae,</strong></span> <span class='ocrx_word' id='word_1_46' title='bbox 504 927 617 988; x_wconf 87' lang='lat' dir='ltr'><strong>divina</strong></span> <span class='ocrx_word' id='word_1_47' title='bbox 644 926 767 989; x_wconf 86' lang='lat' dir='ltr'><strong>scilicet</strong></span> <span class='ocrx_word' id='word_1_48' title='bbox 791 937 825 989; x_wconf 92' lang='lat' dir='ltr'><strong>et</strong></span> <span class='ocrx_word' id='word_1_49' title='bbox 851 926 1010 1003; x_wconf 91' lang='lat' dir='ltr'><strong>humana,</strong></span> <span class='ocrx_word' id='word_1_50' title='bbox 1036 929 1070 989; x_wconf 95' lang='lat' dir='ltr'><strong>in</strong></span> <span class='ocrx_word' id='word_1_51' title='bbox 1101 928 1216 991; x_wconf 88' lang='lat' dir='ltr'><strong>Christo</strong></span> 
     </span>
     <span class='ocr_line' id='line_1_8' title="bbox 130 1029 1215 1115; baseline 0.005 -26"><span class='ocrx_word' id='word_1_52' title='bbox 130 1029 300 1106; x_wconf 81' lang='lat' dir='ltr'><strong>uniantur3</strong></span> <span class='ocrx_word' id='word_1_53' title='bbox 327 1039 360 1092; x_wconf 91' lang='lat' dir='ltr'><strong>et</strong></span> <span class='ocrx_word' id='word_1_54' title='bbox 375 1030 537 1093; x_wconf 78' lang='lat' dir='ltr'><strong>haedere</strong></span> <span class='ocrx_word' id='word_1_55' title='bbox 554 1030 621 1094; x_wconf 94' lang='lat' dir='ltr'><strong>duo</strong></span> <span class='ocrx_word' id='word_1_56' title='bbox 631 1029 765 1094; x_wconf 86' lang='lat' dir='ltr'><strong>suerunt</strong></span> <span class='ocrx_word' id='word_1_57' title='bbox 778 1051 903 1094; x_wconf 90' lang='lat' dir='ltr'><strong>errores</strong></span> <span class='ocrx_word' id='word_1_58' title='bbox 918 1033 1078 1113; x_wconf 87' lang='lat' dir='ltr'><strong>oppositi,</strong></span> <span class='ocrx_word' id='word_1_59' title='bbox 1091 1053 1215 1115; x_wconf 90' lang='lat' dir='ltr'><strong>quorun</strong></span> 
     </span>
     <span class='ocr_line' id='line_1_9' title="bbox 130 1131 1215 1214; baseline 0.007 -23"><span class='ocrx_word' id='word_1_60' title='bbox 130 1150 214 1192; x_wconf 91' lang='lat' dir='ltr'><strong>unus</strong></span> <span class='ocrx_word' id='word_1_61' title='bbox 231 1131 418 1196; x_wconf 88' lang='lat' dir='ltr'><strong>affirmabat</strong></span> <span class='ocrx_word' id='word_1_62' title='bbox 434 1135 518 1195; x_wconf 92' lang='lat' dir='ltr'><strong>duas</strong></span> <span class='ocrx_word' id='word_1_63' title='bbox 533 1154 605 1195; x_wconf 88' lang='lat' dir='ltr'><strong>esse</strong></span> <span class='ocrx_word' id='word_1_64' title='bbox 620 1154 779 1214; x_wconf 85' lang='lat' dir='ltr'>personas</span> <span class='ocrx_word' id='word_1_65' title='bbox 795 1134 827 1196; x_wconf 92' lang='lat' dir='ltr'><strong>in</strong></span> <span class='ocrx_word' id='word_1_66' title='bbox 841 1135 983 1211; x_wconf 85' lang='lat' dir='ltr'><strong>Christo,</strong></span> <span class='ocrx_word' id='word_1_67' title='bbox 997 1137 1084 1200; x_wconf 90' lang='lat' dir='ltr'><strong>alter</strong></span> <span class='ocrx_word' id='word_1_68' title='bbox 1100 1139 1215 1200; x_wconf 86' lang='lat' dir='ltr'><strong>unicam</strong></span> 
     </span>
     <span class='ocr_line' id='line_1_10' title="bbox 129 1236 1217 1322; baseline 0.006 -27"><span class='ocrx_word' id='word_1_69' title='bbox 129 1255 201 1296; x_wconf 90' lang='lat' dir='ltr'><strong>esse</strong></span> <span class='ocrx_word' id='word_1_70' title='bbox 217 1247 387 1317; x_wconf 88' lang='lat' dir='ltr'><strong>naturam;</strong></span> <span class='ocrx_word' id='word_1_71' title='bbox 418 1247 452 1299; x_wconf 89' lang='lat' dir='ltr'><strong>et</strong></span> <span class='ocrx_word' id='word_1_72' title='bbox 469 1238 554 1299; x_wconf 88' lang='lat' dir='ltr'><strong>inter</strong></span> <span class='ocrx_word' id='word_1_73' title='bbox 569 1236 637 1299; x_wconf 91' lang='lat' dir='ltr'><strong>hos</strong></span> <span class='ocrx_word' id='word_1_74' title='bbox 653 1239 738 1300; x_wconf 92' lang='lat' dir='ltr'><strong>duos</strong></span> <span class='ocrx_word' id='word_1_75' title='bbox 761 1239 878 1301; x_wconf 88' lang='lat' dir='ltr'><strong>tertius</strong></span> <span class='ocrx_word' id='word_1_76' title='bbox 891 1238 1035 1322; x_wconf 33' lang='lat' dir='ltr'><strong>&#39;irrepsit</strong></span> <span class='ocrx_word' id='word_1_77' title='bbox 1056 1263 1147 1304; x_wconf 89' lang='lat' dir='ltr'><strong>error</strong></span> <span class='ocrx_word' id='word_1_78' title='bbox 1168 1241 1217 1304; x_wconf 88' lang='lat' dir='ltr'><strong>sub</strong></span> 
     </span>
     <span class='ocr_line' id='line_1_11' title="bbox 130 1340 742 1421; baseline 0.003 -21"><span class='ocrx_word' id='word_1_79' title='bbox 130 1348 296 1420; x_wconf 88' lang='lat' dir='ltr'><strong>praetextu</strong></span> <span class='ocrx_word' id='word_1_80' title='bbox 313 1352 490 1421; x_wconf 91' lang='lat' dir='ltr'><strong>utrumque</strong></span> <span class='ocrx_word' id='word_1_81' title='bbox 506 1340 712 1403; x_wconf 91' lang='lat' dir='ltr'><strong>conciliandi.</strong></span> <span class='ocrx_word' id='word_1_82' title='bbox 738 1359 742 1363; x_wconf 81' lang='grc'><strong>’</strong></span> 
     </span>
    </p>
   </div>
   <div class='ocr_carea' id='block_1_4' title="bbox 130 1459 1218 1958">
    <p class='ocr_par' dir='ltr' id='par_1_4' title="bbox 130 1459 1218 1958">
     <span class='ocr_line' id='line_1_12' title="bbox 173 1459 1216 1543; baseline 0.008 -21"><span class='ocrx_word' id='word_1_83' title='bbox 173 1459 224 1540; x_wconf 88' lang='lat' dir='ltr'><strong>(a)</strong></span> <span class='ocrx_word' id='word_1_84' title='bbox 241 1461 443 1523; x_wconf 86' lang='lat' dir='ltr'><strong>Erraverunt</strong></span> <span class='ocrx_word' id='word_1_85' title='bbox 459 1461 621 1542; x_wconf 88' lang='lat' dir='ltr'><strong>imprimis</strong></span> <span class='ocrx_word' id='word_1_86' title='bbox 637 1461 837 1537; x_wconf 83' lang='lat' dir='ltr'><strong>Nestoriani,</strong></span> <span class='ocrx_word' id='word_1_87' title='bbox 852 1463 907 1543; x_wconf 94' lang='lat' dir='ltr'><strong>qui</strong></span> <span class='ocrx_word' id='word_1_88' title='bbox 923 1464 1082 1527; x_wconf 92' lang='lat' dir='ltr'><strong>unionem</strong></span> <span class='ocrx_word' id='word_1_89' title='bbox 1100 1475 1216 1529; x_wconf 92' lang='lat' dir='ltr'><strong>tantum</strong></span> 
     </span>
     <span class='ocr_line' id='line_1_13' title="bbox 131 1564 1218 1644; baseline 0.006 -19"><span class='ocrx_word' id='word_1_90' title='bbox 131 1564 291 1626; x_wconf 87' lang='lat' dir='ltr'><strong>moralem</strong></span> <span class='ocrx_word' id='word_1_91' title='bbox 309 1565 394 1627; x_wconf 90' lang='lat' dir='ltr'><strong>inter</strong></span> <span class='ocrx_word' id='word_1_92' title='bbox 410 1566 558 1627; x_wconf 89' lang='lat' dir='ltr'><strong>divinam</strong></span> <span class='ocrx_word' id='word_1_93' title='bbox 575 1575 609 1627; x_wconf 92' lang='lat' dir='ltr'><strong>et</strong></span> <span class='ocrx_word' id='word_1_94' title='bbox 624 1565 806 1627; x_wconf 90' lang='lat' dir='ltr'><strong>humanam</strong></span> <span class='ocrx_word' id='word_1_95' title='bbox 824 1575 976 1629; x_wconf 91' lang='lat' dir='ltr'><strong>naturam</strong></span> <span class='ocrx_word' id='word_1_96' title='bbox 994 1570 1218 1644; x_wconf 84' lang='lat' dir='ltr'><strong>admittebant,</strong></span> 
     </span>
     <span class='ocr_line' id='line_1_14' title="bbox 130 1669 1216 1754; baseline 0.006 -26"><span class='ocrx_word' id='word_1_97' title='bbox 130 1669 335 1749; x_wconf 88' lang='lat' dir='ltr'><strong>proindeque</strong></span> <span class='ocrx_word' id='word_1_98' title='bbox 351 1669 433 1731; x_wconf 92' lang='lat' dir='ltr'><strong>duas</strong></span> <span class='ocrx_word' id='word_1_99' title='bbox 451 1670 482 1730; x_wconf 93' lang='lat' dir='ltr'><strong>in</strong></span> <span class='ocrx_word' id='word_1_100' title='bbox 500 1669 633 1732; x_wconf 89' lang='lat' dir='ltr'><strong>Christo</strong></span> <span class='ocrx_word' id='word_1_101' title='bbox 648 1689 721 1731; x_wconf 89' lang='lat' dir='ltr'><strong>esse</strong></span> <span class='ocrx_word' id='word_1_102' title='bbox 737 1689 904 1749; x_wconf 87' lang='lat' dir='ltr'><strong>personas,</strong></span> <span class='ocrx_word' id='word_1_103' title='bbox 919 1679 957 1733; x_wconf 93' lang='lat' dir='ltr'><strong>ut</strong></span> <span class='ocrx_word' id='word_1_104' title='bbox 982 1691 1087 1754; x_wconf 90' lang='lat' dir='ltr'><strong>supra</strong></span> <span class='ocrx_word' id='word_1_105' title='bbox 1104 1672 1216 1737; x_wconf 71' lang='lat' dir='ltr'><strong>dictum</strong></span> 
     </span>
     <span class='ocr_line' id='line_1_15' title="bbox 130 1770 1218 1860; baseline 0.003 -26"><span class='ocrx_word' id='word_1_106' title='bbox 130 1782 181 1834; x_wconf 87' lang='lat' dir='ltr'><strong>est</strong></span> <span class='ocrx_word' id='word_1_107' title='bbox 197 1772 240 1853; x_wconf 83' lang='lat' dir='ltr'><strong>(n.</strong></span> <span class='ocrx_word' id='word_1_108' title='bbox 252 1772 307 1853; x_wconf 88' lang='lat'><strong>27)</strong></span> <span class='ocrx_word' id='word_1_109' title='bbox 321 1785 340 1834; x_wconf 89' lang='lat'><strong>1.</strong></span> <span class='ocrx_word' id='word_1_110' title='bbox 387 1772 548 1834; x_wconf 87' lang='lat' dir='ltr'><strong>Damnati</strong></span> <span class='ocrx_word' id='word_1_111' title='bbox 564 1781 642 1835; x_wconf 91' lang='lat' dir='ltr'><strong>sunt</strong></span> <span class='ocrx_word' id='word_1_112' title='bbox 657 1773 689 1835; x_wconf 90' lang='lat' dir='ltr'><strong>in</strong></span> <span class='ocrx_word' id='word_1_113' title='bbox 708 1771 742 1836; x_wconf 89' lang='lat' dir='ltr'><strong>C.</strong></span> <span class='ocrx_word' id='word_1_114' title='bbox 753 1773 917 1854; x_wconf 76' lang='lat' dir='ltr'><strong>Ephesino</strong></span> <span class='ocrx_word' id='word_1_115' title='bbox 930 1770 1031 1860; x_wconf 85' lang='lat'>(431)</span> <span class='ocrx_word' id='word_1_116' title='bbox 1044 1777 1103 1839; x_wconf 93' lang='lat' dir='ltr'><strong>ubi</strong></span> <span class='ocrx_word' id='word_1_117' title='bbox 1116 1776 1218 1840; x_wconf 86' lang='lat' dir='ltr'><strong>defini·</strong></span> 
     </span>
     <span class='ocr_line' id='line_1_16' title="bbox 130 1877 902 1958; baseline 0.001 -18"><span class='ocrx_word' id='word_1_118' title='bbox 130 1888 201 1941; x_wconf 91' lang='lat' dir='ltr'><strong>tum</strong></span> <span class='ocrx_word' id='word_1_119' title='bbox 218 1888 268 1940; x_wconf 88' lang='lat' dir='ltr'><strong>est</strong></span> <span class='ocrx_word' id='word_1_120' title='bbox 284 1878 414 1940; x_wconf 89' lang='lat' dir='ltr'><strong>unicam</strong></span> <span class='ocrx_word' id='word_1_121' title='bbox 433 1879 464 1939; x_wconf 91' lang='lat' dir='ltr'><strong>in</strong></span> <span class='ocrx_word' id='word_1_122' title='bbox 482 1877 615 1941; x_wconf 89' lang='lat' dir='ltr'><strong>Christo</strong></span> <span class='ocrx_word' id='word_1_123' title='bbox 630 1897 702 1939; x_wconf 91' lang='lat' dir='ltr'><strong>esse</strong></span> <span class='ocrx_word' id='word_1_124' title='bbox 718 1898 902 1958; x_wconf 87' lang='lat' dir='ltr'><strong>personam.</strong></span> 
     </span>
    </p>
   </div>
   <div class='ocr_carea' id='block_1_5' title="bbox 129 1998 1262 3211">
    <p class='ocr_par' dir='ltr' id='par_1_5' title="bbox 129 1998 1262 3211">
     <span class='ocr_line' id='line_1_17' title="bbox 174 1998 1262 2085; baseline 0.006 -25"><span class='ocrx_word' id='word_1_125' title='bbox 174 1999 225 2080; x_wconf 84' lang='lat' dir='ltr'><strong>(b)</strong></span> <span class='ocrx_word' id='word_1_126' title='bbox 240 1998 440 2079; x_wconf 80' lang='lat' dir='ltr'><strong>Eutychiani</strong></span> <span class='ocrx_word' id='word_1_127' title='bbox 454 1999 486 2061; x_wconf 94' lang='lat' dir='ltr'><strong>in</strong></span> <span class='ocrx_word' id='word_1_128' title='bbox 503 2000 695 2082; x_wconf 91' lang='lat' dir='ltr'><strong>oppositum</strong></span> <span class='ocrx_word' id='word_1_129' title='bbox 712 1999 899 2063; x_wconf 90' lang='lat' dir='ltr'><strong>inciderunt</strong></span> <span class='ocrx_word' id='word_1_130' title='bbox 917 2016 1103 2082; x_wconf 86' lang='lat' dir='ltr'><strong>errorem²;</strong></span> <span class='ocrx_word' id='word_1_131' title='bbox 1130 2005 1220 2085; x_wconf 82' lang='lat' dir='ltr'><strong>Euty·</strong></span> <span class='ocrx_word' id='word_1_132' title='bbox 1260 2012 1262 2037; x_wconf 83' lang='lat'><em>³</em></span> 
     </span>
     <span class='ocr_line' id='line_1_18' title="bbox 129 2102 1220 2190; baseline 0.002 -22"><span class='ocrx_word' id='word_1_133' title='bbox 129 2106 200 2168; x_wconf 84' lang='lat' dir='ltr'><strong>clzes</strong></span> <span class='ocrx_word' id='word_1_134' title='bbox 215 2104 389 2186; x_wconf 89' lang='lat' dir='ltr'><strong>siquidem,</strong></span> <span class='ocrx_word' id='word_1_135' title='bbox 406 2124 520 2166; x_wconf 90' lang='lat' dir='ltr'><strong>eorum</strong></span> <span class='ocrx_word' id='word_1_136' title='bbox 537 2105 618 2179; x_wconf 91' lang='lat' dir='ltr'><strong>dux,</strong></span> <span class='ocrx_word' id='word_1_137' title='bbox 634 2102 738 2166; x_wconf 89' lang='lat' dir='ltr'><strong>abbas</strong></span> <span class='ocrx_word' id='word_1_138' title='bbox 762 2104 951 2166; x_wconf 87' lang='lat' dir='ltr'><strong>monasterii</strong></span> <span class='ocrx_word' id='word_1_139' title='bbox 970 2105 1220 2190; x_wconf 90' lang='lat' dir='ltr'><strong>Constantinop.</strong></span> 
     </span>
     <span class='ocr_line' id='line_1_19' title="bbox 132 2207 1222 2290; baseline 0.006 -20"><span class='ocrx_word' id='word_1_140' title='bbox 132 2211 212 2270; x_wconf 92' lang='lat' dir='ltr'><strong>dum</strong></span> <span class='ocrx_word' id='word_1_141' title='bbox 237 2207 461 2271; x_wconf 84' lang='lat' dir='ltr'><strong>nestorianam</strong></span> <span class='ocrx_word' id='word_1_142' title='bbox 488 2207 640 2269; x_wconf 84' lang='lat' dir='ltr'><strong>haeresim</strong></span> <span class='ocrx_word' id='word_1_143' title='bbox 665 2207 822 2269; x_wconf 91' lang='lat' dir='ltr'><strong>acerrime</strong></span> <span class='ocrx_word' id='word_1_144' title='bbox 845 2208 1069 2290; x_wconf 84' lang='lat' dir='ltr'><strong>impugnaret,</strong></span> <span class='ocrx_word' id='word_1_145' title='bbox 1087 2234 1155 2276; x_wconf 92' lang='lat' dir='ltr'><strong>non</strong></span> <span class='ocrx_word' id='word_1_146' title='bbox 1178 2235 1222 2276; x_wconf 88' lang='lat' dir='ltr'><strong>so·</strong></span> 
     </span>
     <span class='ocr_line' id='line_1_20' title="bbox 130 2311 1262 2405; baseline 0.005 -30"><span class='ocrx_word' id='word_1_147' title='bbox 130 2313 198 2375; x_wconf 94' lang='lat' dir='ltr'><strong>lum</strong></span> <span class='ocrx_word' id='word_1_148' title='bbox 216 2332 317 2374; x_wconf 89' lang='lat' dir='ltr'><strong>unam</strong></span> <span class='ocrx_word' id='word_1_149' title='bbox 334 2330 520 2392; x_wconf 86' lang='lat' dir='ltr'><strong>personam,</strong></span> <span class='ocrx_word' id='word_1_150' title='bbox 537 2312 594 2372; x_wconf 92' lang='lat' dir='ltr'><strong>sed</strong></span> <span class='ocrx_word' id='word_1_151' title='bbox 619 2312 720 2373; x_wconf 86' lang='lat' dir='ltr'><strong>etiam</strong></span> <span class='ocrx_word' id='word_1_152' title='bbox 737 2311 868 2374; x_wconf 90' lang='lat' dir='ltr'><strong>unicam</strong></span> <span class='ocrx_word' id='word_1_153' title='bbox 885 2313 917 2374; x_wconf 93' lang='lat' dir='ltr'><strong>in</strong></span> <span class='ocrx_word' id='word_1_154' title='bbox 935 2313 1070 2379; x_wconf 87' lang='lat' dir='ltr'><strong>Christo</strong></span> <span class='ocrx_word' id='word_1_155' title='bbox 1086 2338 1160 2381; x_wconf 90' lang='lat' dir='ltr'><strong>esse</strong></span> <span class='ocrx_word' id='word_1_156' title='bbox 1175 2340 1223 2381; x_wconf 91' lang='lat' dir='ltr'><strong>na·</strong></span> <span class='ocrx_word' id='word_1_157' title='bbox 1260 2386 1262 2405; x_wconf 49' lang='grc' dir='ltr'>Ι</span> 
     </span>
     <span class='ocr_line' id='line_1_21' title="bbox 131 2413 1262 2493; baseline 0.003 -14"><span class='ocrx_word' id='word_1_158' title='bbox 131 2428 240 2479; x_wconf 91' lang='lat' dir='ltr'><strong>turam</strong></span> <span class='ocrx_word' id='word_1_159' title='bbox 257 2415 371 2477; x_wconf 92' lang='lat' dir='ltr'><strong>docuit</strong></span> <span class='ocrx_word' id='word_1_160' title='bbox 390 2439 396 2476; x_wconf 73' lang='grc' dir='ltr'><em>ι</em></span> <span class='ocrx_word' id='word_1_161' title='bbox 422 2413 620 2477; x_wconf 86' lang='lat' dir='ltr'><strong>“Confiteor</strong></span> <span class='ocrx_word' id='word_1_162' title='bbox 636 2437 679 2477; x_wconf 90' lang='lat' dir='ltr'><strong>ex</strong></span> <span class='ocrx_word' id='word_1_163' title='bbox 696 2415 826 2478; x_wconf 87' lang='lat' dir='ltr'><strong>duabus</strong></span> <span class='ocrx_word' id='word_1_164' title='bbox 848 2417 974 2477; x_wconf 90' lang='lat' dir='ltr'><strong>naturis</strong></span> <span class='ocrx_word' id='word_1_165' title='bbox 991 2417 1096 2481; x_wconf 85' lang='lat' dir='ltr'><strong>luisse</strong></span> <span class='ocrx_word' id='word_1_166' title='bbox 1114 2422 1224 2484; x_wconf 91' lang='lat' dir='ltr'><strong>Domi·</strong></span> <span class='ocrx_word' id='word_1_167' title='bbox 1260 2414 1262 2493; x_wconf 62' lang='lat' dir='ltr'><em>J</em></span> 
     </span>
     <span class='ocr_line' id='line_1_22' title="bbox 131 2508 1262 2600; baseline 0.003 -16"><span class='ocrx_word' id='word_1_168' title='bbox 131 2542 209 2584; x_wconf 92' lang='lat' dir='ltr'><strong>num</strong></span> <span class='ocrx_word' id='word_1_169' title='bbox 234 2528 382 2582; x_wconf 91' lang='lat' dir='ltr'><strong>nostrum</strong></span> <span class='ocrx_word' id='word_1_170' title='bbox 406 2529 480 2580; x_wconf 82' lang='lat' dir='ltr'><strong>ante</strong></span> <span class='ocrx_word' id='word_1_171' title='bbox 504 2519 700 2592; x_wconf 81' lang='lat' dir='ltr'><strong>unitionem,·</strong></span> <span class='ocrx_word' id='word_1_172' title='bbox 726 2530 802 2598; x_wconf 81' lang='lat' dir='ltr'><strong>post</strong></span> <span class='ocrx_word' id='word_1_173' title='bbox 825 2519 1001 2583; x_wconf 73' lang='lat' dir='ltr'><strong>unitionem</strong></span> <span class='ocrx_word' id='word_1_174' title='bbox 1030 2543 1116 2600; x_wconf 84' lang='lat' dir='ltr'><strong>vero,</strong></span> <span class='ocrx_word' id='word_1_175' title='bbox 1132 2546 1224 2587; x_wconf 83' lang='lat' dir='ltr'><strong>unam</strong></span> <span class='ocrx_word' id='word_1_176' title='bbox 1260 2508 1262 2551; x_wconf 63' lang='lat'>³</span> 
     </span>
     <span class='ocr_line' id='line_1_23' title="bbox 129 2623 1225 2708; baseline 0.001 -19"><span class='ocrx_word' id='word_1_177' title='bbox 129 2637 283 2690; x_wconf 80' lang='lat' dir='ltr'><strong>naturam</strong></span> <span class='ocrx_word' id='word_1_178' title='bbox 295 2623 485 2687; x_wconf 84' lang='lat' dir='ltr'><strong>confiteor’&#39;.</strong></span> <span class='ocrx_word' id='word_1_179' title='bbox 520 2624 688 2705; x_wconf 89' lang='lat' dir='ltr'><strong>Eutyches</strong></span> <span class='ocrx_word' id='word_1_180' title='bbox 701 2625 771 2705; x_wconf 91' lang='lat' dir='ltr'><strong>ipse</strong></span> <span class='ocrx_word' id='word_1_181' title='bbox 784 2643 850 2684; x_wconf 93' lang='lat' dir='ltr'><strong>non</strong></span> <span class='ocrx_word' id='word_1_182' title='bbox 863 2623 1045 2705; x_wconf 86' lang='lat' dir='ltr'><strong>explicavit</strong></span> <span class='ocrx_word' id='word_1_183' title='bbox 1057 2631 1225 2708; x_wconf 89' lang='lat' dir='ltr'><strong>quomodo</strong></span> 
     </span>
     <span class='ocr_line' id='line_1_24' title="bbox 130 2654 1262 2804; baseline -0.004 -8"><span class='ocrx_word' id='word_1_184' title='bbox 130 2756 173 2795; x_wconf 94' lang='lat' dir='ltr'><strong>ex</strong></span> <span class='ocrx_word' id='word_1_185' title='bbox 190 2731 319 2795; x_wconf 90' lang='lat' dir='ltr'><strong>duabus</strong></span> <span class='ocrx_word' id='word_1_186' title='bbox 336 2729 460 2791; x_wconf 87' lang='lat' dir='ltr'><strong>naturis</strong></span> <span class='ocrx_word' id='word_1_187' title='bbox 477 2737 554 2790; x_wconf 92' lang='lat' dir='ltr'><strong>ante</strong></span> <span class='ocrx_word' id='word_1_188' title='bbox 570 2730 727 2790; x_wconf 89' lang='lat' dir='ltr'><strong>unionem</strong></span> <span class='ocrx_word' id='word_1_189' title='bbox 744 2728 975 2804; x_wconf 89' lang='lat' dir='ltr'><strong>existentibus,</strong></span> <span class='ocrx_word' id='word_1_190' title='bbox 987 2730 1088 2792; x_wconf 91' lang='lat' dir='ltr'><strong>unica</strong></span> <span class='ocrx_word' id='word_1_191' title='bbox 1099 2741 1225 2796; x_wconf 88' lang='lat' dir='ltr'><strong>tantum</strong></span> <span class='ocrx_word' id='word_1_192' title='bbox 1259 2654 1262 2791; x_wconf 92' lang='lat' dir='ltr'><strong>l</strong></span> 
     </span>
     <span class='ocr_line' id='line_1_25' title="bbox 130 2826 1262 2920; baseline -0.002 -20"><span class='ocrx_word' id='word_1_193' title='bbox 130 2841 163 2901; x_wconf 92' lang='lat' dir='ltr'><strong>in</strong></span> <span class='ocrx_word' id='word_1_194' title='bbox 182 2836 313 2900; x_wconf 89' lang='lat' dir='ltr'><strong>Christo</strong></span> <span class='ocrx_word' id='word_1_195' title='bbox 330 2841 481 2907; x_wconf 91' lang='lat' dir='ltr'><strong>maneat;</strong></span> <span class='ocrx_word' id='word_1_196' title='bbox 514 2832 585 2913; x_wconf 88' lang='lat' dir='ltr'><strong>ejus</strong></span> <span class='ocrx_word' id='word_1_197' title='bbox 601 2832 754 2913; x_wconf 92' lang='lat' dir='ltr'><strong>discipuli</strong></span> <span class='ocrx_word' id='word_1_198' title='bbox 771 2833 870 2895; x_wconf 87' lang='lat' dir='ltr'><strong>variis</strong></span> <span class='ocrx_word' id='word_1_199' title='bbox 888 2833 995 2895; x_wconf 92' lang='lat' dir='ltr'><strong>modis</strong></span> <span class='ocrx_word' id='word_1_200' title='bbox 1013 2833 1097 2898; x_wconf 94' lang='lat' dir='ltr'><strong>illud</strong></span> <span class='ocrx_word' id='word_1_201' title='bbox 1123 2839 1225 2920; x_wconf 91' lang='lat' dir='ltr'><strong>expli·</strong></span> <span class='ocrx_word' id='word_1_202' title='bbox 1260 2826 1262 2833; x_wconf 45' lang='lat'><strong><em>¹</em></strong></span> 
     </span>
     <span class='ocr_line' id='line_1_26' title="bbox 129 2934 1225 3017; baseline 0 -13"><span class='ocrx_word' id='word_1_203' title='bbox 129 2946 264 3004; x_wconf 70' lang='lat' dir='ltr'><strong>carunt:</strong></span> <span class='ocrx_word' id='word_1_204' title='bbox 288 2939 342 3001; x_wconf 88' lang='lat' dir='ltr'><strong>alii</strong></span> <span class='ocrx_word' id='word_1_205' title='bbox 359 2938 516 3000; x_wconf 88' lang='lat' dir='ltr'><strong>dicebant</strong></span> <span class='ocrx_word' id='word_1_206' title='bbox 530 2936 775 2998; x_wconf 86' lang='lat' dir='ltr'><strong>humanitatem</strong></span> <span class='ocrx_word' id='word_1_207' title='bbox 792 2934 893 2998; x_wconf 85' lang='lat' dir='ltr'><strong>luisse</strong></span> <span class='ocrx_word' id='word_1_208' title='bbox 908 2936 1095 3017; x_wconf 82' lang='lat' dir='ltr'><strong>absorptum</strong></span> <span class='ocrx_word' id='word_1_209' title='bbox 1113 2961 1133 3002; x_wconf 93' lang='lat' dir='ltr'><strong>a</strong></span> <span class='ocrx_word' id='word_1_210' title='bbox 1149 2943 1225 3004; x_wconf 89' lang='lat' dir='ltr'><strong>divi-</strong></span> 
     </span>
     <span class='ocr_line' id='line_1_27' title="bbox 131 3040 1226 3123; baseline -0.002 -16"><span class='ocrx_word' id='word_1_211' title='bbox 131 3047 243 3120; x_wconf 89' lang='lat' dir='ltr'><strong>nitate,</strong></span> <span class='ocrx_word' id='word_1_212' title='bbox 259 3044 343 3105; x_wconf 91' lang='lat' dir='ltr'><strong>sicut</strong></span> <span class='ocrx_word' id='word_1_213' title='bbox 358 3042 490 3123; x_wconf 85' lang='lat' dir='ltr'><strong>guttula</strong></span> <span class='ocrx_word' id='word_1_214' title='bbox 503 3060 598 3120; x_wconf 85' lang='lat' dir='ltr'><strong>aquae</strong></span> <span class='ocrx_word' id='word_1_215' title='bbox 615 3040 658 3100; x_wconf 91' lang='lat' dir='ltr'><strong>ab</strong></span> <span class='ocrx_word' id='word_1_216' title='bbox 674 3059 799 3101; x_wconf 89' lang='lat' dir='ltr'><strong>oceano</strong></span> <span class='ocrx_word' id='word_1_217' title='bbox 815 3040 1026 3117; x_wconf 92' lang='lat' dir='ltr'><strong>absorbetur;</strong></span> <span class='ocrx_word' id='word_1_218' title='bbox 1061 3041 1118 3104; x_wconf 88' lang='lat' dir='ltr'><strong>alii</strong></span> <span class='ocrx_word' id='word_1_219' title='bbox 1135 3046 1226 3107; x_wconf 91' lang='lat' dir='ltr'><strong>doce-</strong></span> 
     </span>
     <span class='ocr_line' id='line_1_28' title="bbox 131 3143 1224 3211; baseline 0.002 -1"><span class='ocrx_word' id='word_1_220' title='bbox 131 3149 212 3210; x_wconf 90' lang='lat' dir='ltr'><strong>bant</strong></span> <span class='ocrx_word' id='word_1_221' title='bbox 228 3150 310 3209; x_wconf 89' lang='lat' dir='ltr'><strong>duas</strong></span> <span class='ocrx_word' id='word_1_222' title='bbox 327 3156 460 3208; x_wconf 86' lang='lat' dir='ltr'><strong>naturas</strong></span> <span class='ocrx_word' id='word_1_223' title='bbox 478 3144 577 3206; x_wconf 84' lang='lat' dir='ltr'><strong>fuisse</strong></span> <span class='ocrx_word' id='word_1_224' title='bbox 592 3143 782 3206; x_wconf 79' lang='lat' dir='ltr'><strong>commixtas</strong></span> <span class='ocrx_word' id='word_1_225' title='bbox 798 3154 831 3206; x_wconf 87' lang='lat' dir='ltr'><strong>et</strong></span> <span class='ocrx_word' id='word_1_226' title='bbox 853 3144 886 3205; x_wconf 95' lang='lat' dir='ltr'><strong>in</strong></span> <span class='ocrx_word' id='word_1_227' title='bbox 910 3145 1044 3207; x_wconf 88' lang='lat' dir='ltr'><strong>tertiam</strong></span> <span class='ocrx_word' id='word_1_228' title='bbox 1062 3156 1224 3211; x_wconf 85' lang='lat' dir='ltr'><strong>transmu-</strong></span> 
     </span>
    </p>
   </div>
   <div class='ocr_carea' id='block_1_6' title="bbox 122 3408 1225 4269">
    <p class='ocr_par' dir='ltr' id='par_1_6' title="bbox 128 3408 1225 4091">
     <span class='ocr_line' id='line_1_29' title="bbox 165 3408 1225 3485; baseline 0.001 -19"><span class='ocrx_word' id='word_1_229' title='bbox 165 3418 172 3439; x_wconf 89' lang='lat'>¹</span> <span class='ocrx_word' id='word_1_230' title='bbox 183 3415 228 3466; x_wconf 81' lang='lat' dir='ltr'><strong>Ab</strong></span> <span class='ocrx_word' id='word_1_231' title='bbox 241 3413 294 3464; x_wconf 91' lang='lat' dir='ltr'><strong>hoc</strong></span> <span class='ocrx_word' id='word_1_232' title='bbox 308 3426 401 3463; x_wconf 89' lang='lat' dir='ltr'><strong>errore</strong></span> <span class='ocrx_word' id='word_1_233' title='bbox 415 3408 550 3462; x_wconf 91' lang='lat' dir='ltr'><strong>nonsatis</strong></span> <span class='ocrx_word' id='word_1_234' title='bbox 564 3409 679 3463; x_wconf 89' lang='lat' dir='ltr'><strong>recessit</strong></span> <span class='ocrx_word' id='word_1_235' title='bbox 689 3410 792 3464; x_wconf 87' lang='lat' dir='ltr'><strong>nostris</strong></span> <span class='ocrx_word' id='word_1_236' title='bbox 804 3409 905 3463; x_wconf 90' lang='lat' dir='ltr'><strong>diebus</strong></span> <span class='ocrx_word' id='word_1_237' title='bbox 914 3410 1051 3480; x_wconf 59' lang='lat' dir='ltr'><strong>Guntia,</strong></span> <span class='ocrx_word' id='word_1_238' title='bbox 1056 3411 1139 3481; x_wconf 89' lang='lat' dir='ltr'><strong>juxta</strong></span> <span class='ocrx_word' id='word_1_239' title='bbox 1149 3432 1225 3485; x_wconf 87' lang='lat' dir='ltr'><strong>quem</strong></span> 
     </span>
     <span class='ocr_line' id='line_1_30' title="bbox 130 3497 1225 3572; baseline 0 -15"><span class='ocrx_word' id='word_1_240' title='bbox 130 3518 250 3572; x_wconf 89' lang='lat' dir='ltr'><strong>persona</strong></span> <span class='ocrx_word' id='word_1_241' title='bbox 263 3511 305 3552; x_wconf 89' lang='lat' dir='ltr'><strong>est</strong></span> <span class='ocrx_word' id='word_1_242' title='bbox 319 3501 425 3549; x_wconf 84' lang='lat' dir='ltr'><strong>natura</strong></span> <span class='ocrx_word' id='word_1_243' title='bbox 437 3498 486 3548; x_wconf 80' lang='lat' dir='ltr'><strong>sui</strong></span> <span class='ocrx_word' id='word_1_244' title='bbox 496 3498 621 3560; x_wconf 45' lang='lat' dir='ltr'><strong>conscrib·</strong></span> <span class='ocrx_word' id='word_1_245' title='bbox 646 3515 712 3550; x_wconf 88' lang='lat' dir='ltr'><strong>nam</strong></span> <span class='ocrx_word' id='word_1_246' title='bbox 725 3515 760 3551; x_wconf 92' lang='lat' dir='ltr'><strong>ex</strong></span> <span class='ocrx_word' id='word_1_247' title='bbox 771 3498 826 3550; x_wconf 92' lang='lat' dir='ltr'><strong>hoc</strong></span> <span class='ocrx_word' id='word_1_248' title='bbox 840 3497 966 3567; x_wconf 91' lang='lat' dir='ltr'><strong>sequitur</strong></span> <span class='ocrx_word' id='word_1_249' title='bbox 978 3499 1051 3553; x_wconf 89' lang='lat' dir='ltr'><strong>duas</strong></span> <span class='ocrx_word' id='word_1_250' title='bbox 1070 3499 1101 3554; x_wconf 89' lang='lat' dir='ltr'><strong>in</strong></span> <span class='ocrx_word' id='word_1_251' title='bbox 1117 3504 1225 3557; x_wconf 90' lang='lat' dir='ltr'><strong>Christo</strong></span> 
     </span>
     <span class='ocr_line' id='line_1_31' title="bbox 130 3584 1225 3657; baseline -0.001 -12"><span class='ocrx_word' id='word_1_252' title='bbox 130 3607 193 3644; x_wconf 90' lang='lat' dir='ltr'><strong>esse</strong></span> <span class='ocrx_word' id='word_1_253' title='bbox 214 3602 357 3657; x_wconf 89' lang='lat' dir='ltr'><strong>personas,</strong></span> <span class='ocrx_word' id='word_1_254' title='bbox 372 3601 458 3653; x_wconf 91' lang='lat' dir='ltr'><strong>quum</strong></span> <span class='ocrx_word' id='word_1_255' title='bbox 478 3584 580 3651; x_wconf 86' lang='lat' dir='ltr'><strong>duplex</strong></span> <span class='ocrx_word' id='word_1_256' title='bbox 600 3584 627 3636; x_wconf 92' lang='lat' dir='ltr'><strong>in</strong></span> <span class='ocrx_word' id='word_1_257' title='bbox 647 3601 682 3638; x_wconf 91' lang='lat' dir='ltr'><strong>eo</strong></span> <span class='ocrx_word' id='word_1_258' title='bbox 701 3586 737 3638; x_wconf 87' lang='lat' dir='ltr'><strong>sit</strong></span> <span class='ocrx_word' id='word_1_259' title='bbox 757 3595 858 3638; x_wconf 87' lang='lat' dir='ltr'><strong>natura</strong></span> <span class='ocrx_word' id='word_1_260' title='bbox 876 3585 918 3639; x_wconf 92' lang='lat' dir='ltr'><strong>sui</strong></span> <span class='ocrx_word' id='word_1_261' title='bbox 932 3587 1064 3653; x_wconf 90' lang='lat' dir='ltr'><strong>conscia;</strong></span> <span class='ocrx_word' id='word_1_262' title='bbox 1092 3600 1122 3643; x_wconf 87' lang='lat' dir='ltr'><strong>et</strong></span> <span class='ocrx_word' id='word_1_263' title='bbox 1135 3608 1225 3646; x_wconf 89' lang='lat' dir='ltr'><strong>revera</strong></span> 
     </span>
     <span class='ocr_line' id='line_1_32' title="bbox 128 3672 1225 3748; baseline 0 -16"><span class='ocrx_word' id='word_1_264' title='bbox 128 3679 188 3748; x_wconf 87' lang='lat' dir='ltr'><strong>ejus</strong></span> <span class='ocrx_word' id='word_1_265' title='bbox 202 3673 330 3743; x_wconf 90' lang='lat' dir='ltr'><strong>discipuli</strong></span> <span class='ocrx_word' id='word_1_266' title='bbox 345 3673 500 3726; x_wconf 89' lang='lat' dir='ltr'><strong>docuerunt</strong></span> <span class='ocrx_word' id='word_1_267' title='bbox 513 3672 584 3725; x_wconf 91' lang='lat' dir='ltr'><strong>duas</strong></span> <span class='ocrx_word' id='word_1_268' title='bbox 598 3689 661 3726; x_wconf 89' lang='lat' dir='ltr'><strong>esse</strong></span> <span class='ocrx_word' id='word_1_269' title='bbox 675 3673 704 3726; x_wconf 89' lang='lat' dir='ltr'><strong>in</strong></span> <span class='ocrx_word' id='word_1_270' title='bbox 717 3690 752 3727; x_wconf 90' lang='lat' dir='ltr'><strong>eo</strong></span> <span class='ocrx_word' id='word_1_271' title='bbox 766 3689 903 3742; x_wconf 86' lang='lat' dir='ltr'><strong>personas</strong></span> <span class='ocrx_word' id='word_1_272' title='bbox 917 3672 957 3727; x_wconf 91' lang='lat' dir='ltr'><strong>ita</strong></span> <span class='ocrx_word' id='word_1_273' title='bbox 970 3679 1067 3731; x_wconf 85' lang='lat' dir='ltr'><strong>tamen</strong></span> <span class='ocrx_word' id='word_1_274' title='bbox 1087 3679 1182 3732; x_wconf 88' lang='lat' dir='ltr'><strong>unitas</strong></span> <span class='ocrx_word' id='word_1_275' title='bbox 1198 3688 1225 3732; x_wconf 87' lang='lat' dir='ltr'><strong>ut</strong></span> 
     </span>
     <span class='ocr_line' id='line_1_33' title="bbox 130 3759 1225 3834; baseline 0.001 -17"><span class='ocrx_word' id='word_1_276' title='bbox 130 3780 249 3831; x_wconf 86' lang='lat' dir='ltr'><strong>persona</strong></span> <span class='ocrx_word' id='word_1_277' title='bbox 262 3762 386 3813; x_wconf 84' lang='lat' dir='ltr'><strong>humana</strong></span> <span class='ocrx_word' id='word_1_278' title='bbox 400 3776 528 3828; x_wconf 84' lang='lat' dir='ltr'><strong>personae</strong></span> <span class='ocrx_word' id='word_1_279' title='bbox 541 3759 627 3812; x_wconf 87' lang='lat' dir='ltr'><strong>Verbi</strong></span> <span class='ocrx_word' id='word_1_280' title='bbox 642 3759 786 3826; x_wconf 90' lang='lat' dir='ltr'><strong>subdatur,</strong></span> <span class='ocrx_word' id='word_1_281' title='bbox 800 3769 828 3812; x_wconf 87' lang='lat' dir='ltr'><strong>et</strong></span> <span class='ocrx_word' id='word_1_282' title='bbox 839 3760 933 3813; x_wconf 87' lang='lat' dir='ltr'><strong>arnbae</strong></span> <span class='ocrx_word' id='word_1_283' title='bbox 946 3776 1099 3828; x_wconf 87' lang='lat' dir='ltr'><strong>personam</strong></span> <span class='ocrx_word' id='word_1_284' title='bbox 1119 3781 1225 3834; x_wconf 79' lang='lat' dir='ltr'><strong>compo</strong></span> 
     </span>
     <span class='ocr_line' id='line_1_34' title="bbox 129 3846 1224 3921; baseline 0.004 -18"><span class='ocrx_word' id='word_1_285' title='bbox 129 3850 212 3903; x_wconf 84' lang='lat' dir='ltr'><strong>sitam</strong></span> <span class='ocrx_word' id='word_1_286' title='bbox 237 3848 391 3902; x_wconf 79' lang='lat' dir='ltr'><strong>efforment.</strong></span> <span class='ocrx_word' id='word_1_287' title='bbox 442 3846 525 3915; x_wconf 82' lang='lat' dir='ltr'><strong>Quod</strong></span> <span class='ocrx_word' id='word_1_288' title='bbox 551 3846 717 3900; x_wconf 88' lang='lat' dir='ltr'><strong>damnatum</strong></span> <span class='ocrx_word' id='word_1_289' title='bbox 743 3857 786 3900; x_wconf 88' lang='lat' dir='ltr'><strong>est</strong></span> <span class='ocrx_word' id='word_1_290' title='bbox 811 3865 829 3899; x_wconf 86' lang='lat' dir='ltr'><strong>a</strong></span> <span class='ocrx_word' id='word_1_291' title='bbox 853 3849 908 3901; x_wconf 82' lang='lat' dir='ltr'><strong>Pio</strong></span> <span class='ocrx_word' id='word_1_292' title='bbox 929 3849 984 3913; x_wconf 78' lang='lat' dir='ltr'><strong>Jx,</strong></span> <span class='ocrx_word' id='word_1_293' title='bbox 1013 3861 1043 3918; x_wconf 83' lang='lat'><strong>15</strong></span> <span class='ocrx_word' id='word_1_294' title='bbox 1069 3851 1137 3918; x_wconf 89' lang='lat' dir='ltr'><strong>Jun.</strong></span> <span class='ocrx_word' id='word_1_295' title='bbox 1163 3855 1224 3921; x_wconf 80' lang='lat'>1857</span> 
     </span>
     <span class='ocr_line' id='line_1_35' title="bbox 129 3933 1222 4011; baseline 0.005 -21"><span class='ocrx_word' id='word_1_296' title='bbox 129 3938 279 4005; x_wconf 70' lang='lat' dir='ltr'><strong>(Denzing.</strong></span> <span class='ocrx_word' id='word_1_297' title='bbox 303 3953 330 3988; x_wconf 92' lang='lat' dir='ltr'><strong>n.</strong></span> <span class='ocrx_word' id='word_1_298' title='bbox 357 3933 442 4003; x_wconf 83' lang='lat'>1509).</span> <span class='ocrx_word' id='word_1_299' title='bbox 483 3934 539 3988; x_wconf 79' lang='lat' dir='ltr'><strong>Cir.</strong></span> <span class='ocrx_word' id='word_1_300' title='bbox 553 3936 657 4002; x_wconf 85' lang='lat' dir='ltr'><strong>Knoot,</strong></span> <span class='ocrx_word' id='word_1_301' title='bbox 671 3937 787 3990; x_wconf 86' lang='lat' dir='ltr'><strong>Anthon</strong></span> <span class='ocrx_word' id='word_1_302' title='bbox 811 3937 947 4003; x_wconf 76' lang='lat' dir='ltr'><strong>Giinther,</strong></span> <span class='ocrx_word' id='word_1_303' title='bbox 968 3937 1048 4002; x_wconf 89' lang='lat'>1881;</span> <span class='ocrx_word' id='word_1_304' title='bbox 1078 3941 1222 4011; x_wconf 73' lang='lat' dir='ltr'><strong>Stentmp,</strong></span> 
     </span>
     <span class='ocr_line' id='line_1_36' title="bbox 129 4024 484 4091; baseline -0.011 -14"><span class='ocrx_word' id='word_1_305' title='bbox 129 4026 167 4079; x_wconf 89' lang='lat' dir='ltr'><strong>th.</strong></span> <span class='ocrx_word' id='word_1_306' title='bbox 188 4038 229 4091; x_wconf 81' lang='lat'><strong>15;</strong></span> <span class='ocrx_word' id='word_1_307' title='bbox 249 4024 369 4087; x_wconf 81' lang='lat' dir='ltr'><strong>Hurter‚</strong></span> <span class='ocrx_word' id='word_1_308' title='bbox 384 4039 408 4074; x_wconf 91' lang='lat' dir='ltr'><strong>n.</strong></span> <span class='ocrx_word' id='word_1_309' title='bbox 424 4035 484 4091; x_wconf 84' lang='lat'>537.</span> 
     </span>
    </p>

    <p class='ocr_par' dir='ltr' id='par_1_7' title="bbox 122 4109 1224 4269">
     <span class='ocr_line' id='line_1_37' title="bbox 163 4109 1224 4184; baseline 0.002 -22"><span class='ocrx_word' id='word_1_310' title='bbox 163 4109 225 4162; x_wconf 72' lang='lat' dir='ltr'><strong>&#39;Ch</strong></span> <span class='ocrx_word' id='word_1_311' title='bbox 246 4110 390 4173; x_wconf 62' lang='lat' dir='ltr'><strong>Pacuius,</strong></span> <span class='ocrx_word' id='word_1_312' title='bbox 405 4125 449 4176; x_wconf 90' lang='lat' dir='ltr'><strong>op.</strong></span> <span class='ocrx_word' id='word_1_313' title='bbox 463 4110 509 4162; x_wconf 86' lang='lat' dir='ltr'><strong>cit.</strong></span> <span class='ocrx_word' id='word_1_314' title='bbox 524 4109 539 4161; x_wconf 91' lang='lat' dir='ltr'><strong>l.</strong></span> <span class='ocrx_word' id='word_1_315' title='bbox 557 4109 577 4172; x_wconf 85' lang='lat' dir='ltr'><strong>l,</strong></span> <span class='ocrx_word' id='word_1_316' title='bbox 592 4125 614 4161; x_wconf 91' lang='lat' dir='ltr'><strong>c.</strong></span> <span class='ocrx_word' id='word_1_317' title='bbox 633 4110 723 4175; x_wconf 81' lang='lat'>13·18;</span> <span class='ocrx_word' id='word_1_318' title='bbox 752 4111 898 4178; x_wconf 83' lang='lat' dir='ltr'><strong>Stentrup,</strong></span> <span class='ocrx_word' id='word_1_319' title='bbox 912 4126 935 4163; x_wconf 90' lang='lat' dir='ltr'><strong>c.</strong></span> <span class='ocrx_word' id='word_1_320' title='bbox 951 4110 1008 4176; x_wconf 90' lang='lat'><strong>111,</strong></span> <span class='ocrx_word' id='word_1_321' title='bbox 1030 4127 1052 4165; x_wconf 84' lang='lat' dir='ltr'><strong>s.</strong></span> <span class='ocrx_word' id='word_1_322' title='bbox 1074 4124 1099 4181; x_wconf 81' lang='lat'><strong>5,</strong></span> <span class='ocrx_word' id='word_1_323' title='bbox 1119 4131 1147 4184; x_wconf 87' lang='lat' dir='ltr'><strong>p.</strong></span> <span class='ocrx_word' id='word_1_324' title='bbox 1163 4130 1224 4184; x_wconf 79' lang='lat'><strong>7573</strong></span> 
     </span>
     <span class='ocr_line' id='line_1_38' title="bbox 122 4193 1224 4269; baseline 0.004 -16"><span class='ocrx_word' id='word_1_325' title='bbox 122 4199 226 4269; x_wconf 68' lang='lat' dir='ltr'><strong>Alrag,</strong></span> <span class='ocrx_word' id='word_1_326' title='bbox 240 4196 354 4253; x_wconf 87' lang='lat' dir='ltr'><strong>Church</strong></span> <span class='ocrx_word' id='word_1_327' title='bbox 368 4193 520 4267; x_wconf 62' lang='lat' dir='ltr'><strong>History,§</strong></span> <span class='ocrx_word' id='word_1_328' title='bbox 532 4211 595 4260; x_wconf 69' lang='lat' dir='ltr'><strong>rao,</strong></span> <span class='ocrx_word' id='word_1_329' title='bbox 615 4196 842 4265; x_wconf 71' lang='lat' dir='ltr'><strong>Schaff,llistory</strong></span> <span class='ocrx_word' id='word_1_330' title='bbox 852 4196 938 4253; x_wconf 82' lang='lat' dir='ltr'><strong>nithe</strong></span> <span class='ocrx_word' id='word_1_331' title='bbox 949 4197 1097 4254; x_wconf 84' lang='lat' dir='ltr'><strong>Christian</strong></span> <span class='ocrx_word' id='word_1_332' title='bbox 1109 4202 1224 4266; x_wconf 84' lang='lat' dir='ltr'><strong>Church‚</strong></span> 
     </span>
    </p>
   </div>
   <div class='ocr_carea' id='block_1_7' title="bbox 115 4286 361 4363">
    <p class='ocr_par' dir='ltr' id='par_1_8' title="bbox 115 4286 361 4363">
     <span class='ocr_line' id='line_1_39' title="bbox 115 4286 361 4363; baseline -0.004 -18"><span class='ocrx_word' id='word_1_333' title='bbox 115 4291 169 4347; x_wconf 79' lang='lat' dir='ltr'><strong>vol.</strong></span> <span class='ocrx_word' id='word_1_334' title='bbox 187 4290 248 4358; x_wconf 88' lang='grc' dir='ltr'><strong>ΙΙΙ,</strong></span> <span class='ocrx_word' id='word_1_335' title='bbox 266 4286 280 4363; x_wconf 55' lang='grc' dir='ltr'>ᾗ</span> <span class='ocrx_word' id='word_1_336' title='bbox 300 4303 361 4357; x_wconf 83' lang='lat'>140.</span> 
     </span>
    </p>
   </div>
   <div class='ocr_carea' id='block_1_8' title="bbox 0 0 1346 4634">
    <p class='ocr_par' dir='ltr' id='par_1_9' title="bbox 0 0 1346 4634">
     <span class='ocr_line' id='line_1_40' title="bbox 0 0 1346 4634; baseline 0 0"><span class='ocrx_word' id='word_1_337' title='bbox 0 0 1346 4634; x_wconf 95' lang='lat' dir='ltr'><strong> </strong></span> 
     </span>
    </p>
   </div>
   <div class='ocr_carea' id='block_1_9' title="bbox 101 4546 256 4580">
    <p class='ocr_par' dir='ltr' id='par_1_10' title="bbox 101 4546 256 4580">
     <span class='ocr_line' id='line_1_41' title="bbox 101 4546 256 4580; baseline 0 0"><span class='ocrx_word' id='word_1_338' title='bbox 101 4546 256 4580; x_wconf 50' lang='lat' dir='ltr'>A</span> 
     </span>
    </p>
   </div>
  </div>
 </body>
</html>
