2684 4634
201 168 257 216 DE
275 168 534 219 EXISTENTIA
553 169 694 220 TRIUM
713 169 1023 220 PERSONARUM.
1099 169 1158 218 195

88 359 131 411 42.
174 345 249 404 Sola.
262 347 451 419 diffimltates.
488 348 537 416 (A)
552 348 701 406 Socint'ani
711 358 740 406 et
760 348 896 405 Urzitnrii
905 346 1093 404 contendunt
1106 347 1158 402 im-

54 433 161 504 primis
174 434 290 492 nullum
303 453 368 494 esse
382 436 539 508 Scripturae
552 455 643 494 sacrae
661 438 760 494 locum
780 455 841 507 quo
860 436 945 493 claris
964 445 993 493 et
1011 435 1158 492 distinetis

54 519 156 578 verbis
169 521 283 579 trinitas
296 540 489 593 personarum
503 523 656 580 tradatura
695 524 779 594 Resp.
796 524 866 580 Hoc
885 541 920 580 ex
933 521 1158 594 probationibus

53 607 114 675 jam
129 607 271 666 adductis
285 608 390 666 falsum
404 627 468 667 esse
481 620 609 680 constat;
628 610 696 667 licet
715 610 794 667 enim
815 610 844 665 in
865 608 1014 681 Scriptura
1032 607 1159 664 vocabu·

55 694 117 751 lum
128 703 255 766 persona
270 696 315 754 vel
328 696 450 752 trinitas
462 715 522 753 non
536 707 679 767 occurrat,
696 698 781 754 trium
796 715 988 769 personarum
1007 695 1159 754 distinctio

56 793 83 839 et
96 782 253 854 aequalitas
266 802 302 841 ex
315 783 444 842 textibus
456 784 560 855 allatis,
577 785 737 856 praesertim
758 785 781 841 si
794 784 885 841 simul
895 794 1057 849 sumantur,
1078 793 1159 840 certo

55 871 252 941 colliguntur3
271 871 403 941 jamvero
416 872 500 942 dere,
513 891 570 928 non
583 873 617 929 de
629 872 741 929 nmm'ne
753 890 929 946 pugnamus.

27 1033 29 1036 ·
89 1019 131 1072 43
173 1008 223 1078 (B)
241 1008 353 1065 Textus
373 1007 482 1067 deinde
501 1009 530 1065 in
551 1009 683 1066 medium
705 1009 866 1081 proferunt,
891 1008 1000 1080 quibus
1021 1008 1155 1065 asseritur

57 1113 150 1150 unum
163 1113 219 1151 esse
230 1096 336 1167 Deum,
349 1114 382 1152 sc.
396 1095 515 1152 Patrem
524 1119 535 1152 .·
554 1114 589 1155 ex
602 1114 663 1167 quo
676 1097 809 1168 sequitur
819 1114 917 1168 neque
930 1096 1047 1167 Filium,
1060 1114 1155 1168 neque

56 1181 202 1251 Spiritum
216 1182 370 1241 divinitate
382 1183 534 1254 gaudere².
573 1183 658 1254 Resp.
681 1184 820 1240 Fatemur
839 1183 978 1254 equidem
998 1202 1087 1239 unum
1104 1201 1155 1239 esse

56 1268 166 1337 Deum,
179 1287 231 1327 seu
245 1270 364 1327 unicam
377 1287 442 1328 esse
455 1270 587 1328 divinam
601 1280 735 1327 naturam
749 1280 778 1327 et
791 1271 959 1336 essentiam,
974 1271 1027 1328 sed
1046 1289 1082 1328 ex
1100 1271 1157 1328 hoc

57 1356 184 1413 minime
197 1358 329 1428 sequitur
342 1375 402 1414 non
416 1375 480 1415 esse
493 1367 551 1415 tres
564 1376 705 1429 personas
719 1358 749 1413 in
763 1359 822 1415 unii
835 1358 1001 1429 eademque
1013 1358 1157 1416 essentia:

57 1442 144 1500 Deus
164 1444 244 1501 enim
266 1462 341 1501 unus
359 1462 423 1502 esse
443 1454 542 1516 potest
560 1445 697 1517 respectu
713 1451 840 1516 natura,
860 1455 889 1502 et
911 1445 1002 1501 trinus
1021 1444 1158 1516 respedtu

50 1537 258 1601 personarum,
274 1540 306 1588 ut
318 1532 411 1589 fusius
424 1532 498 1588 infra
511 1533 716 1590 declarabitur.
756 1533 869 1589 Textus
882 1541 979 1588 autem
999 1531 1038 1588 ab
1056 1531 1158 1588 adver-

56 1617 142 1674 sariis
154 1618 243 1688 allati,
260 1619 372 1677 nedum
385 1620 492 1677 thesim
507 1621 637 1677 nostram
650 1629 835 1692 oppugnent,
851 1637 916 1677 eam
936 1619 1034 1690 potius
1053 1618 1161 1689 confir·-

56 1714 151 1761 mant.

91 1807 133 1858 44
172 1792 212 1862 (a)
223 1791 390 1866 Opponunt
400 1794 465 1853 haec
472 1793 561 1851 verba
572 1794 598 1850 S.
609 1794 693 1850 Pauli
707 1815 712 1850 :
735 1795 755 1821 ‘¹
766 1793 844 1849 Nam
853 1793 907 1849 etsi
918 1802 987 1849 sunt
996 1793 1048 1864 qui
1058 1792 1157 1851 dican-

56 1885 105 1933 tur
119 1878 161 1934 dii
174 1878 236 1936 sive
249 1879 279 1935 in
293 1880 370 1937 coelo
383 1880 444 1938 sive
457 1880 487 1936 in
500 1880 575 1938 terra
588 1880 747 1952 (siquidem
761 1888 830 1936 sunt
841 1878 881 1936 dii
897 1879 990 1945 multi,
1002 1888 1031 1936 et
1044 1880 1158 1938 domini

56 1963 166 2035 multi),
183 1964 270 2022 nobis
282 1975 382 2024 tamen
397 1986 471 2023 unies
488 1974 530 2023 est
545 1967 636 2036 Deus,
649 1966 749 2035 Pater,
763 1985 797 2023 ex
817 1984 878 2037 quo
897 1966 1041 2023 omnia’'³.
1079 1967 1159 2039 Jam-

56 2069 128 2108 vero
142 2070 177 2109 ex
190 2062 330 2111 contextu
344 2056 424 2125 patet
439 2056 467 2112 S.
480 2055 603 2112 Paulum
615 2055 664 2111 hic
673 2054 843 2111 antithesim
854 2053 1005 2111 instituere
1014 2055 1159 2111 interdms

57 2141 138 2208 quos
157 2139 264 2196 ethnici
280 2140 428 2212 colebant,
451 2150 480 2198 et
500 2133 598 2198 Deum
619 2159 708 2212 quern
733 2141 900 2198 Christiani
916 2140 1057 2198 adorant:
1077 2141 1158 2198 hunc

60 2226 161 2282 Deum
176 2244 269 2284 unum
282 2245 346 2286 esse
365 2228 497 2300 affirmat,
514 2238 546 2286 ut
567 2229 609 2286 sic
628 2229 801 2286 excludatur
819 2228 1050 2299 polytheismus;
1069 2229 1122 2287 sed
1142 2248 1158 2285 a

57 2313 212 2370 consortio
226 2313 334 2372 divinae
347 2324 458 2372 naturae
470 2315 541 2372 alias
555 2332 694 2386 personas
714 2333 774 2371 non
793 2314 930 2384 excludit,
947 2332 1040 2385 quum
1059 2316 1157 2372 statim

56 2400 152 2458 addat
171 2401 235 2459 haec
250 2401 343 2475 xverba
362 2402 400 2460 ab
421 2403 563 2462 Unitariis
582 2402 722 2460 recitata:
745 2408 802 2460 “et
821 2421 896 2459 unus
913 2403 1061 2459 Dominus
1071 2403 1158 2477 Jesus

61 2486 208 2554 Christus,
222 2496 365 2560 perquem
378 2489 510 2556 nmnia'',
531 2491 560 2546 in
580 2490 690 2562 quibus
708 2490 872 2547 luculenter
891 2489 1029 2547 divinitas
1047 2490 1158 2549 Christi

57 2573 246 2632 declaratur:
264 2586 386 2634 vocatur
398 2576 477 2645 enim
491 2577 648 2643 Dominus,
669 2586 698 2634 et
717 2577 761 2633 vii*
779 2576 913 2647 mentina,
929 2594 996 2648 quae
1016 2577 1070 2634 soli
1091 2578 1158 2636 Deo

57 2662 215 2732 competit,
231 2663 328 2721 eidem
342 2661 514 2722 ascribitur:
539 2666 618 2735 “per
628 2682 708 2734 quem
721 2663 818 2719 animia
827 2663 851 2718 ”.

93 2761 137 2817 45.
175 2749 216 2822 (b)
230 2749 347 2809 Eodem
360 2751 453 2809 modo
466 2750 649 2822 explicantur
662 2749 718 2807 alia
737 2750 872 2819 ejusdem
892 2749 1030 2821 Apostoli
1048 2749 1157 2808 verba:

61 2835 181 2893 “Unus
201 2837 291 2906 Deus,
313 2848 342 2896 et
363 2837 456 2894 Pater
474 2838 601 2895 oninium
611 2838 643 2873 ”⁴
649 2857 658 2909 3
685 2837 797 2895 dixerat
819 2837 898 2894 enim
919 2837 1009 2908 paulo
1030 2847 1098 2895 ante
1118 2839 1158 2896 de

58 2923 182 2981 Christo
203 2925 260 2997 (5):
290 2926 308 2953 ‘⁴
317 2943 392 2982 unus
412 2924 558 2981 Dominus
566 2925 591 2994 '’,
613 2936 641 2982 et
661 2925 750 2996 paulo
770 2933 837 2995 post
858 2923 884 2980 ei
904 2923 1039 2981 tribuitur
1058 2925 1158 2996 gratiae

59 3010 262 3082 dispensatio:
295 3012 390 3070 “data
411 3022 458 3087 'est
482 3012 574 3084 gratia
599 3012 764 3070 secundum
790 3028 959 3068 mensuram
989 3011 1158 3070 donationis

59 3099 172 3157 Christi
180 3099 196 3125 ’'
209 3101 262 3172 t7l;
280 3101 432 3172 multaque
446 3100 502 3158 alia
515 3101 544 3156 in
557 3100 662 3158 eidem
677 3100 812 3171 Epistola
825 3099 963 3156 dicuntur
972 3117 1043 3172 quae
1055 3100 1159 3158 divini-

58 3197 152 3245 tatem
167 3187 275 3246 Christi
289 3187 459 3266 important.

93 3280 136 3346 4⁶·
177 3274 215 3344 (c)
229 3274 294 3332 Nec
306 3275 449 3346 maiorem
463 3274 522 3331 vim
536 3273 647 3331 habent
661 3273 759 3342 verba,
772 3291 840 3345 quae
853 3273 883 3328 in
901 3272 1159 3332 confirmationem

59 3359 293 3432 praecedentium
306 3360 514 3420 adducuntur:
535 3361 679 3419 “Gratias
689 3370 811 3432 agentes
819 3376 936 3432 semper
947 3378 1000 3432 pro
1010 3361 1158 3432 omnibus,

58 3578 117 3631 tica
129 3575 228 3644 major,
242 3576 295 3629 vol.
313 3577 352 3643 ΙΙ,
369 3577 444 3643 1872,
457 3593 484 3645 p.
502 3589 553 3645 337
567 3593 608 3645 sq.
615 3595 622 3640 ;
635 3576 667 3644 J.
684 3577 718 3629 P.
736 3577 859 3639 Martin,
884 3575 1078 3629 Introduilion
1098 3576 1115 3628 a
1133 3577 1160 3630 la

59 3664 120 3717 crit.
137 3672 214 3726 text,
230 3673 247 3716 t.
264 3675 293 3730 53*
310 3664 343 3716 R.
362 3663 487 3732 Cornely,
506 3661 688 3727 Introduitio,
703 3664 759 3726 ΙΙΙ,
775 3680 802 3716 n.
815 3680 863 3732 231
880 3680 920 3731 sq.
935 3662 981 3715 ubi
995 3673 1160 3730 argumenta

57 3760 152 3820 praet
166 3756 264 3803 contra
275 3749 375 3804 eximie
387 3762 570 3819 exponuntur.

95 3850 103 3872 ¹
116 3840 151 3907 J.
175 3839 208 3891 F.
230 3838 339 3902 Clarke,
364 3839 441 3891 Man.
463 3838 494 3891 of
513 3838 662 3892 Unitarian
681 3838 773 3904 belief,
793 3839 857 3890 less.
880 3838 930 3890 vl.
969 3837 1079 3891 Eodem
1102 3837 1159 3891 fere

57 3926 146 3980 modo
165 3932 285 3993 arguunt
304 3926 495 3979 Protestantes
513 3925 655 3978 Liberales
673 3924 701 3977 in
722 3924 823 3988 Gallia,
846 3933 876 3977 ut
897 3923 993 3977 videre
1017 3933 1059 3977 est
1084 3925 1159 3992 apud

57 4013 282 4082 Licittenberger,
297 4029 340 4080 op.
355 4012 412 4079 cit,
425 4029 495 4066 voce
511 4013 537 4064 T
534 4013 628 4075 reniti,
643 4029 670 4082 p.
687 4026 811 4081 ²¹3·²15·

92 4117 103 4139 ²
108 4102 141 4169 J.
156 4101 190 4154 F.
208 4100 318 4167 Clarke,
331 4101 348 4154 l.
363 4102 406 4154 cit.
422 4100 505 4169 Quod
518 4099 615 4153 audior
628 4101 746 4168 probare
760 4098 904 4153 contendit
917 4115 950 4152 ex
964 4099 982 4150 I
993 4099 1055 4151 Cor.
1071 4099 1155 4166 Vlll,

58 4204 82 4258 5,
96 4189 126 4253 6;
145 4187 220 4256 Epa.
243 4188 293 4250 ΙΙΙ,
313 4188 343 4255 6;
354 4188 421 4256 Joa.
443 4188 557 4253 XVlll,
577 4199 604 4252 33
627 4187 697 4255 ΕΜ.
714 4187 749 4249 V,
766 4182 1084 4248 20.-³Jc0r.vl11‚
1103 4185 1155 4252 5-6.

58 4271 117 4311 —⁴
127 4271 232 4342 Ephes.
251 4269 342 4335 1v,6.
