2684 4634
198 170 253 221 116
536 155 538 159 '
642 170 780 222 capus
798 170 841 219 11.

196 359 394 422 cooperentur
406 349 436 406 in
450 349 607 407 bonum''¹.
650 352 687 422 (c)
702 350 765 408 Nos
777 369 795 406 a
809 355 921 421 peccate
937 353 1068 417 removet,
1081 365 1163 414 narn,
1178 356 1211 405 ut
1224 345 1293 403 Scri·
1316 369 1319 373 ·

196 449 283 510 ptura
295 447 441 503 testatur2,
456 437 525 495 ideo
539 455 698 509 peccamus
712 438 782 510 quia
796 438 852 495 Dei
872 435 1060 509 praesentiam
1080 453 1142 492 non
1162 433 1294 492 recorda·

196 544 279 582 mur:
303 525 401 582 “Non
415 535 459 582 est
475 527 557 583 Deus
571 527 600 582 in
614 527 779 598 conspeetu
793 527 874 598 ejus:
894 525 1057 596 inquinatae
1069 534 1139 581 sunt
1153 523 1208 580 viae
1222 521 1294 578 illius

196 614 226 668 in
251 613 332 669 omni
358 612 522 684 tempore.''
560 613 636 685 Quis
661 613 740 670 enirn
764 630 888 684 peccare
907 612 1038 679 auderet,
1063 610 1137 667 dum
1156 609 1295 680 recogitat

197 699 296 756 Deum
310 699 396 757 nobis
409 718 473 757 esse
493 710 680 771 praesentem,
695 702 786 758 corda
805 710 833 758 et
852 717 938 757 renes
957 708 1151 764 scrutantem,
1164 696 1294 753 brachio

196 803 254 856 que
267 786 381 858 potenti
395 796 551 855 armatum,
565 786 602 843 ad
617 805 671 844 nos
686 787 776 858 poena
788 789 897 844 aeterni
911 783 1103 857 plectendos?
1121 783 1163 854 (d)
1176 782 1227 840 Ad
1239 801 1294 838 eea-

187 873 283 944 jerem
293 873 491 944 perfeliienem
505 874 606 931 incitat
615 895 623 945 3
643 874 694 946 qui
713 874 792 932 enim
813 874 850 932 de
872 875 938 931 Deo
951 871 1068 943 cogitat,
1086 889 1178 942 quem
1191 869 1293 927 saneti-

195 959 262 1015 tatis
283 959 396 1016 fontem
418 975 483 1015 esse
506 957 609 1026 noscit,
636 956 741 1013 melius
765 955 900 1027 intelligit
921 974 952 1013 se
974 955 1113 1014 omnibus
1140 956 1293 1014 virtutibus

195 1054 330 1103 ornatum
349 1064 414 1103 esse
432 1044 550 1114 debere,
574 1053 606 1100 ut
625 1043 734 1101 divinae
753 1041 898 1114 majestati
918 1043 1053 1114 placeat:
1075 1043 1208 1101 “Estote
1226 1061 1294 1115 ergo

194 1133 326 1203 perfecti,
350 1133 425 1190 sicut
447 1142 476 1189 et
500 1132 586 1188 Pater
608 1140 703 1188 vester
725 1131 852 1188 eoelestis
875 1130 1023 1202 perfectus
1042 1130 1134 1201 est’'a;
1154 1139 1294 1203 praeterea

194 1220 269 1276 sieut
283 1219 367 1277 miles
381 1219 475 1290 magis
488 1228 607 1276 strenue
621 1227 712 1274 certat
725 1216 782 1275 sub
796 1217 889 1274 oculis
903 1217 996 1288 ducis,
1013 1217 1053 1274 ita
1066 1227 1095 1274 et
1108 1235 1164 1274 nos
1177 1217 1217 1275 ad
1237 1236 1293 1275 ma-

193 1308 270 1377 jores
283 1318 407 1364 conatus
422 1306 580 1363 incitamur
593 1306 664 1364 dum
679 1306 846 1377 cogitamus
860 1305 969 1362 ducem
983 1316 1118 1363 nostrum
1133 1305 1223 1363 nobis
1237 1325 1294 1364 cer-

194 1390 326 1447 tantibus
339 1390 448 1448 adesse.
489 1390 608 1448 “Unde
621 1390 672 1461 qui
687 1399 798 1447 attente
817 1389 894 1446 hanc
916 1389 971 1446 Dei
992 1389 1181 1461 praesentiam
1201 1389 1293 1446 consi-

194 1478 286 1546 derat,
306 1495 432 1550 eamque
455 1495 573 1550 semper
594 1478 633 1536 ob
653 1479 756 1536 oculos
776 1478 873 1548 habet,
896 1496 1050 1550 nunquam
1069 1477 1193 1536 audebit
1213 1478 1292 1535 illum

194 1565 345 1623 offendere
358 1587 363 1622 :
382 1566 435 1623 sed
448 1565 567 1623 assidue
580 1566 618 1623 ad
632 1567 696 1637 ejus
708 1583 841 1623 amorem
855 1574 884 1623 et
896 1561 1033 1623 timorem
1046 1565 1266 1623 excitabitur”⁴.

510 1728 552 1785 V.
577 1728 632 1786 De
658 1727 853 1786 Infinitate
877 1728 974 1786 Dei⁵.

235 1878 282 1944 42.
334 1879 365 1928 1⁰
380 1866 486 1928 Netz'e.
533 1866 704 1930 Infinitum
722 1867 755 1927 in
773 1887 893 1948 genere
909 1876 959 1930 est
976 1868 1009 1930 id
1026 1869 1114 1949 quod
1133 1868 1295 1934 limitibus

194 1979 290 2032 caret.
337 1970 474 2051 Duplex
492 1970 648 2051 distingui
666 1979 797 2051 potest:
822 1969 987 2034 infinitum
1012 1971 1161 2050 absolute,
1178 1995 1239 2037 seu
1262 1975 1294 2036 in

194 2075 320 2136 ratione
337 2075 431 2149 entiS,
448 2076 537 2156 quod
555 2074 709 2137 omnibus
727 2074 834 2136 modis
851 2073 1017 2137 infinitum
1035 2084 1102 2155 est;
1126 2075 1295 2141 infinitum

194 2177 226 2237 in
242 2186 324 2238 certe
333 2197 455 2255 genere,
472 2178 561 2258 quod
579 2177 728 2240 continet
743 2196 877 2238 ornnem
895 2173 1131 2258 persediionem
1155 2180 1296 2260 possibi-

194 2279 257 2341 lem
275 2281 307 2341 in
325 2279 382 2341 illo
398 2300 527 2361 genere.
571 2281 727 2361 Jamvero
744 2282 836 2343 Deus
849 2290 899 2343 est
911 2280 1059 2344 infinitus
1072 2279 1175 2362 priori
1185 2303 1295 2362 sensu,

193 2402 250 2444 seu
267 2383 424 2446 absolute:
448 2382 555 2445 nullos
567 2383 667 2445 habet
680 2384 811 2461 limiteS,
823 2385 880 2446 sed
894 2392 1000 2447 totam
1015 2384 1101 2446 entis
1114 2384 1295 2466 plenitudi-

193 2506 269 2548 nem
286 2485 526 2568 compledtitut,
542 2506 724 2568 omnesque
741 2484 969 2569 perfectiones,
985 2495 1019 2548 et
1035 2486 1170 2568 quidem
1188 2491 1294 2570 gradu

193 2588 330 2651 infinito.
378 2590 479 2650 Porro
496 2587 713 2669 perfedtiones
731 2590 869 2671 triplicis
885 2589 1015 2671 generis
1031 2589 1193 2672 distingui
1219 2613 1294 2673 pos-

193 2701 270 2754 sunt
281 2692 308 2752 :6
331 2691 381 2773 (a)
396 2691 587 2772 simpliciter
599 2693 763 2773 simplices,
780 2714 854 2775 quae
872 2693 996 2756 nullam
1014 2691 1140 2756 habent
1156 2694 1220 2757 sibi
1237 2697 1294 2758 ad·

190 2793 339 2874 jundtam
352 2792 645 2875 imperfeetionem,
655 2798 687 2850 et
698 2807 779 2869 quas
791 2789 907 2852 melius
920 2801 971 2854 est
980 2792 1100 2856 habere
1111 2814 1214 2876 quarn
1228 2818 1294 2860 non

192 2900 321 2974 habere,
338 2899 452 2979 quales
468 2907 545 2960 sunt
562 2893 733 2977 sapientia,
749 2891 889 2971 bonitas
903 2895 1042 2976 justitia,
1055 2907 1128 2977 etc.;
1152 2899 1205 2982 (b)
1217 2902 1294 2964 sim-

185 3002 292 3080 plices,
309 3022 382 3081 quae
407 3000 531 3061 nullam
556 2999 680 3061 habent
704 2995 896 3077 adjunttam
920 3001 1218 3084 impersediionem,
1235 3008 1293 3069 sed

192 3122 266 3183 quae
284 3111 422 3182 possunt
438 3123 496 3182 per
512 3102 592 3163 alias
609 3120 703 3181 aeque
720 3099 881 3180 perferas
905 3104 1059 3185 suppleri,
1076 3106 1192 3186 quales
1217 3118 1294 3171 sunt

192 3206 368 3268 relationes
384 3207 505 3267 divinae
522 3205 739 3286 paternitatis,
757 3204 925 3267 filiationis
947 3216 1021 3285 etc.;
1044 3207 1093 3289 (c)
1109 3209 1223 3273 mettre
1237 3232 1294 3274 seu

191 3308 363 3370 secundum
379 3308 467 3388 quiri,
479 3329 554 3389 quae
570 3308 694 3389 aliquid
711 3308 836 3370 habent
852 3308 1118 3390 imperfectionis
1128 3323 1163 3376 et
1176 3315 1293 3396 majori

192 3409 382 3492 persediioni
399 3422 622 3492 opponuntur,
638 3420 674 3473 ut
690 3411 739 3473 vis
756 3412 983 3488 ratiocinandi,
1001 3434 1076 3494 quae
1100 3415 1133 3476 in
1157 3415 1295 3479 homine

192 3510 350 3594 persediio
373 3522 432 3588 est,
448 3513 504 3574 sed
530 3514 563 3574 in
587 3534 622 3575 se
645 3514 751 3576 multo
776 3513 997 3595 imperfediior
1012 3517 1134 3580 virtute
1152 3540 1204 3582 res
1228 3541 1294 3583 uno

191 3617 312 3679 intuitu
330 3615 544 3697 intelligendi.
592 3616 654 3678 His
668 3619 792 3698 positis,
807 3617 898 3680 Deus
911 3619 1060 3699 possidet
1072 3620 1293 3702 persediiones

191 3719 358 3800 simplices
365 3720 565 3798 mentaliter,
582 3721 600 3781 i.
617 3741 642 3781 e.
660 3722 842 3783 secundum
867 3742 962 3784 suum
987 3725 1159 3805 proprium
1176 3747 1293 3790 conce·

227 3925 233 3946 ¹
254 3918 295 3971 Cf.
317 3919 438 3984 Lesst'us,
457 3935 501 3986 op.
522 3918 577 3983 cit,
603 3919 650 3972 ubi
676 3919 786 3987 egregie
812 3920 847 3973 de
867 3918 971 3972 divinis
990 3921 1133 3976 attributis
1159 3923 1293 3994 disputat,

190 4004 236 4057 lib.
254 4006 291 4070 ll,
306 4021 328 4056 c.
345 4018 370 4073 3,
384 4021 410 4056 n.
426 4019 466 4056 21.
482 4005 596 4057 —2Ps
613 4007 663 4072 IX,
678 4007 718 4059 26.
733 4009 888 4059 -³Matt.
904 4007 938 4072 V,
952 4006 995 4073 48.
1010 4007 1205 4079 —⁴Lessius,
1222 4013 1238 4067 l.
1248 4013 1292 4066 cit.

189 4109 214 4145 n.
231 4108 271 4144 22.
286 4121 320 4128 -—
332 4101 342 4134 ⁵
356 4091 396 4145 Cf.
411 4093 443 4143 S.
460 4093 486 4143 T
482 4092 555 4143 leorae.
570 4093 580 4144 Ι
596 4109 621 4159 p.
632 4109 657 4160 q.
669 4104 697 4156 7;
717 4094 832 4159 Suarea,
842 4095 858 4147 l.
873 4093 911 4157 ΙΙ,
921 4109 943 4145 c.
957 4111 982 4161 13
1002 4095 1142 4161 Be'lluart,
1153 4096 1227 4167 disp.
1238 4099 1293 4164 ΙΙΙ,

190 4193 215 4229 a.
232 4192 247 4226 2
253 4193 259 4238 ;
279 4174 414 4239 Lesst'um,
429 4174 474 4228 lib.
494 4175 515 4239 1,
529 4191 551 4226 c.
566 4176 594 4238 6;
614 4175 733 4241 Hurter,
743 4192 769 4229 n.
780 4189 813 4243 34
826 4193 868 4245 sq.
883 4206 915 4216 —-
928 4177 938 4209 ⁶
952 4181 993 4234 Cf.
1007 4184 1038 4235 S.
1052 4181 1217 4252 Auselmus,
1233 4187 1293 4240 Mo·

190 4262 341 4331 nologium,
356 4278 378 4315 c.
399 4274 437 4329 15.
