<?xml version="1.0" encoding="UTF-8"?>
<!DOCTYPE html PUBLIC "-//W3C//DTD XHTML 1.0 Transitional//EN"
    "http://www.w3.org/TR/xhtml1/DTD/xhtml1-transitional.dtd">
<html xmlns="http://www.w3.org/1999/xhtml" xml:lang="en" lang="en">
 <head>
  <title>
</title>
<meta http-equiv="Content-Type" content="text/html;charset=utf-8" />
  <meta name='ocr-system' content='tesseract 3.04.00' />
  <meta name='ocr-capabilities' content='ocr_page ocr_carea ocr_par ocr_line ocrx_word'/>
</head>
<body>
  <div class='ocr_page' id='page_1' title='image "./synopsistheolog00tanqgoog_0382.png"; bbox 0 0 2684 4634; ppageno 0'>
   <div class='ocr_carea' id='block_1_1' title="bbox 493 120 1170 176">
    <p class='ocr_par' dir='ltr' id='par_1_1' title="bbox 493 120 1170 176">
     <span class='ocr_line' id='line_1_1' title="bbox 493 120 1170 176; baseline 0.009 -6"><span class='ocrx_word' id='word_1_1' title='bbox 493 120 549 172; x_wconf 86' lang='lat' dir='ltr'>DE</span> <span class='ocrx_word' id='word_1_2' title='bbox 566 121 752 173; x_wconf 84' lang='lat' dir='ltr'><strong>HOMINE.</strong></span> <span class='ocrx_word' id='word_1_3' title='bbox 1111 126 1170 176; x_wconf 85' lang='lat'>361</span> 
     </span>
    </p>
   </div>
   <div class='ocr_carea' id='block_1_2' title="bbox 10 301 1173 783">
    <p class='ocr_par' dir='ltr' id='par_1_2' title="bbox 60 301 1172 387">
     <span class='ocr_line' id='line_1_2' title="bbox 60 301 1172 387; baseline 0.004 -22"><span class='ocrx_word' id='word_1_4' title='bbox 60 311 182 366; x_wconf 87' lang='lat' dir='ltr'>cetera</span> <span class='ocrx_word' id='word_1_5' title='bbox 189 301 373 381; x_wconf 56' lang='lat' dir='ltr'>animalia</span> <span class='ocrx_word' id='word_1_6' title='bbox 380 305 617 368; x_wconf 90' lang='lat' dir='ltr'>convenienter</span> <span class='ocrx_word' id='word_1_7' title='bbox 631 305 702 386; x_wconf 92' lang='lat' dir='ltr'>ejus</span> <span class='ocrx_word' id='word_1_8' title='bbox 718 305 951 387; x_wconf 86' lang='lat' dir='ltr'>gubernationi</span> <span class='ocrx_word' id='word_1_9' title='bbox 974 305 1172 385; x_wconf 91' lang='lat' dir='ltr'>subduntur;</span> 
     </span>
    </p>

    <p class='ocr_par' dir='ltr' id='par_1_3' title="bbox 63 404 1171 490">
     <span class='ocr_line' id='line_1_3' title="bbox 63 404 1171 490; baseline 0.005 -23"><span class='ocrx_word' id='word_1_10' title='bbox 63 404 116 487; x_wconf 84' lang='lat' dir='ltr'>(c)</span> <span class='ocrx_word' id='word_1_11' title='bbox 132 405 274 469; x_wconf 92' lang='lat' dir='ltr'>tandem</span> <span class='ocrx_word' id='word_1_12' title='bbox 291 407 324 469; x_wconf 95' lang='lat' dir='ltr'>in</span> <span class='ocrx_word' id='word_1_13' title='bbox 343 407 479 470; x_wconf 90' lang='lat' dir='ltr'>homine</span> <span class='ocrx_word' id='word_1_14' title='bbox 496 409 687 471; x_wconf 91' lang='lat' dir='ltr'>universalis</span> <span class='ocrx_word' id='word_1_15' title='bbox 703 410 869 472; x_wconf 91' lang='lat' dir='ltr'>invenitur</span> <span class='ocrx_word' id='word_1_16' title='bbox 892 409 1076 490; x_wconf 90' lang='lat' dir='ltr'>prudentia,</span> <span class='ocrx_word' id='word_1_17' title='bbox 1091 411 1171 473; x_wconf 93' lang='lat' dir='ltr'>dum</span> 
     </span>
    </p>

    <p class='ocr_par' dir='ltr' id='par_1_4' title="bbox 66 506 1171 593">
     <span class='ocr_line' id='line_1_4' title="bbox 66 506 1171 593; baseline 0.005 -22"><span class='ocrx_word' id='word_1_18' title='bbox 66 509 100 571; x_wconf 92' lang='lat' dir='ltr'>in</span> <span class='ocrx_word' id='word_1_19' title='bbox 117 508 195 572; x_wconf 90' lang='lat' dir='ltr'>aliis</span> <span class='ocrx_word' id='word_1_20' title='bbox 217 506 417 573; x_wconf 85' lang='lat' dir='ltr'>animalibus</span> <span class='ocrx_word' id='word_1_21' title='bbox 441 512 582 593; x_wconf 88' lang='lat' dir='ltr'>reperire</span> <span class='ocrx_word' id='word_1_22' title='bbox 607 522 658 575; x_wconf 92' lang='lat' dir='ltr'>est</span> <span class='ocrx_word' id='word_1_23' title='bbox 680 513 893 577; x_wconf 90' lang='lat' dir='ltr'>solummodo</span> <span class='ocrx_word' id='word_1_24' title='bbox 915 515 1171 577; x_wconf 88' lang='lat' dir='ltr'>aestimationem</span> 
     </span>
    </p>

    <p class='ocr_par' dir='ltr' id='par_1_5' title="bbox 10 610 1173 783">
     <span class='ocr_line' id='line_1_5' title="bbox 68 610 1173 698; baseline 0.006 -25"><span class='ocrx_word' id='word_1_25' title='bbox 68 610 259 674; x_wconf 88' lang='lat' dir='ltr'>naturalem</span> <span class='ocrx_word' id='word_1_26' title='bbox 290 613 376 675; x_wconf 89' lang='lat' dir='ltr'>circa</span> <span class='ocrx_word' id='word_1_27' title='bbox 402 611 496 677; x_wconf 66' lang='lat' dir='ltr'>aetus</span> <span class='ocrx_word' id='word_1_28' title='bbox 524 615 753 695; x_wconf 88' lang='lat' dir='ltr'>particulares;</span> <span class='ocrx_word' id='word_1_29' title='bbox 790 617 940 698; x_wconf 85' lang='lat' dir='ltr'>jamvero</span> <span class='ocrx_word' id='word_1_30' title='bbox 963 617 1173 698; x_wconf 91' lang='lat' dir='ltr'>particularia</span> 
     </span>
     <span class='ocr_line' id='line_1_6' title="bbox 10 718 732 783; baseline 0.011 -8"><span class='ocrx_word' id='word_1_31' title='bbox 10 768 16 775; x_wconf 93' lang='lat'>.</span> <span class='ocrx_word' id='word_1_32' title='bbox 69 718 269 783; x_wconf 87' lang='lat' dir='ltr'>naturaliter</span> <span class='ocrx_word' id='word_1_33' title='bbox 283 718 522 783; x_wconf 89' lang='lat' dir='ltr'>universalibus</span> <span class='ocrx_word' id='word_1_34' title='bbox 538 719 732 783; x_wconf 92' lang='lat' dir='ltr'>subduntur.</span> 
     </span>
    </p>
   </div>
   <div class='ocr_carea' id='block_1_3' title="bbox 10 862 1244 2507">
    <p class='ocr_par' dir='ltr' id='par_1_6' title="bbox 10 862 1244 2507">
     <span class='ocr_line' id='line_1_7' title="bbox 10 862 1172 952; baseline 0.002 -24"><span class='ocrx_word' id='word_1_35' title='bbox 10 862 17 911; x_wconf 70' lang='grc' dir='ltr'>ἓ·</span> <span class='ocrx_word' id='word_1_36' title='bbox 114 864 183 931; x_wconf 88' lang='lat'>161.</span> <span class='ocrx_word' id='word_1_37' title='bbox 231 866 453 932; x_wconf 68' lang='lat' dir='ltr'>Corollarium.</span> <span class='ocrx_word' id='word_1_38' title='bbox 500 866 622 929; x_wconf 88' lang='lat' dir='ltr'>Errant</span> <span class='ocrx_word' id='word_1_39' title='bbox 654 867 753 948; x_wconf 84' lang='lat' dir='ltr'>igitur</span> <span class='ocrx_word' id='word_1_40' title='bbox 779 868 845 949; x_wconf 92' lang='lat' dir='ltr'>qui,</span> <span class='ocrx_word' id='word_1_41' title='bbox 867 889 943 931; x_wconf 94' lang='lat' dir='ltr'>cum</span> <span class='ocrx_word' id='word_1_42' title='bbox 968 868 1002 952; x_wconf 94' lang='lat' dir='ltr'>J.</span> <span class='ocrx_word' id='word_1_43' title='bbox 1027 868 1172 931; x_wconf 79' lang='lat' dir='ltr'>Lubbock</span> 
     </span>
     <span class='ocr_line' id='line_1_8' title="bbox 10 924 1172 1053; baseline 0.002 -23"><span class='ocrx_word' id='word_1_44' title='bbox 10 924 19 1029; x_wconf 87' lang='lat' dir='ltr'>l</span> <span class='ocrx_word' id='word_1_45' title='bbox 70 969 220 1052; x_wconf 90' lang='lat' dir='ltr'>aliisque,</span> <span class='ocrx_word' id='word_1_46' title='bbox 236 980 388 1034; x_wconf 90' lang='lat' dir='ltr'>asserunt</span> <span class='ocrx_word' id='word_1_47' title='bbox 403 970 529 1053; x_wconf 92' lang='lat' dir='ltr'>primos</span> <span class='ocrx_word' id='word_1_48' title='bbox 545 970 698 1032; x_wconf 89' lang='lat' dir='ltr'>homines</span> <span class='ocrx_word' id='word_1_49' title='bbox 714 970 814 1033; x_wconf 84' lang='lat' dir='ltr'>luisse</span> <span class='ocrx_word' id='word_1_50' title='bbox 831 970 993 1034; x_wconf 87' lang='lat' dir='ltr'>barbariae</span> <span class='ocrx_word' id='word_1_51' title='bbox 1009 971 1172 1046; x_wconf 75' lang='lat' dir='ltr'>addictos,</span> 
     </span>
     <span class='ocr_line' id='line_1_9' title="bbox 70 1073 1170 1157; baseline 0.001 -21"><span class='ocrx_word' id='word_1_52' title='bbox 70 1083 102 1136; x_wconf 90' lang='lat' dir='ltr'>et</span> <span class='ocrx_word' id='word_1_53' title='bbox 119 1075 255 1136; x_wconf 93' lang='lat' dir='ltr'>nonnisi</span> <span class='ocrx_word' id='word_1_54' title='bbox 271 1083 350 1157; x_wconf 90' lang='lat' dir='ltr'>post</span> <span class='ocrx_word' id='word_1_55' title='bbox 365 1074 471 1137; x_wconf 90' lang='lat' dir='ltr'>multa</span> <span class='ocrx_word' id='word_1_56' title='bbox 487 1073 610 1137; x_wconf 85' lang='lat' dir='ltr'>saecula</span> <span class='ocrx_word' id='word_1_57' title='bbox 624 1074 727 1137; x_wconf 89' lang='lat' dir='ltr'>vitam</span> <span class='ocrx_word' id='word_1_58' title='bbox 745 1074 940 1138; x_wconf 86' lang='lat' dir='ltr'>rationalem</span> <span class='ocrx_word' id='word_1_59' title='bbox 958 1085 991 1137; x_wconf 91' lang='lat' dir='ltr'>et</span> <span class='ocrx_word' id='word_1_60' title='bbox 1014 1075 1170 1138; x_wconf 87' lang='lat' dir='ltr'>socialem</span> 
     </span>
     <span class='ocr_line' id='line_1_10' title="bbox 69 1178 219 1242; baseline 0.013 -2"><span class='ocrx_word' id='word_1_61' title='bbox 69 1178 219 1242; x_wconf 89' lang='lat' dir='ltr'>duxisse.</span> 
     </span>
     <span class='ocr_line' id='line_1_11' title="bbox 10 1279 1168 1373; baseline 0.001 -30"><span class='ocrx_word' id='word_1_62' title='bbox 10 1336 16 1373; x_wconf 41' lang='grc' dir='ltr'>ἲ</span> <span class='ocrx_word' id='word_1_63' title='bbox 111 1279 175 1363; x_wconf 85' lang='grc' dir='ltr'>(Α)</span> <span class='ocrx_word' id='word_1_64' title='bbox 191 1281 282 1344; x_wconf 89' lang='lat' dir='ltr'>Talis</span> <span class='ocrx_word' id='word_1_65' title='bbox 297 1282 385 1345; x_wconf 90' lang='lat' dir='ltr'>enim</span> <span class='ocrx_word' id='word_1_66' title='bbox 402 1281 597 1365; x_wconf 89' lang='lat' dir='ltr'>hypothesis</span> <span class='ocrx_word' id='word_1_67' title='bbox 613 1301 678 1343; x_wconf 91' lang='lat' dir='ltr'>non</span> <span class='ocrx_word' id='word_1_68' title='bbox 692 1282 800 1345; x_wconf 92' lang='lat' dir='ltr'>solum</span> <span class='ocrx_word' id='word_1_69' title='bbox 815 1282 969 1344; x_wconf 88' lang='lat' dir='ltr'>mosaicae</span> <span class='ocrx_word' id='word_1_70' title='bbox 982 1282 1168 1359; x_wconf 85' lang='lat' dir='ltr'>narrationi,</span> 
     </span>
     <span class='ocr_line' id='line_1_12' title="bbox 10 1376 1170 1469; baseline 0.006 -28"><span class='ocrx_word' id='word_1_71' title='bbox 10 1376 14 1441; x_wconf 82' lang='lat'>.¹</span> <span class='ocrx_word' id='word_1_72' title='bbox 68 1384 126 1446; x_wconf 90' lang='lat' dir='ltr'>sed</span> <span class='ocrx_word' id='word_1_73' title='bbox 144 1385 249 1447; x_wconf 90' lang='lat' dir='ltr'>etiam</span> <span class='ocrx_word' id='word_1_74' title='bbox 272 1386 370 1447; x_wconf 93' lang='lat' dir='ltr'>variis</span> <span class='ocrx_word' id='word_1_75' title='bbox 394 1384 592 1469; x_wconf 89' lang='lat' dir='ltr'>populomm</span> <span class='ocrx_word' id='word_1_76' title='bbox 616 1382 1082 1461; x_wconf 84' lang='lat' dir='ltr'>traditionibus,contradicit,</span> <span class='ocrx_word' id='word_1_77' title='bbox 1099 1406 1170 1466; x_wconf 88' lang='lat' dir='ltr'>quae</span> 
     </span>
     <span class='ocr_line' id='line_1_13' title="bbox 10 1488 1170 1571; baseline 0.002 -22"><span class='ocrx_word' id='word_1_78' title='bbox 10 1504 12 1509; x_wconf 86' lang='lat'>·</span> <span class='ocrx_word' id='word_1_79' title='bbox 66 1507 207 1550; x_wconf 82' lang='lat' dir='ltr'>auream</span> <span class='ocrx_word' id='word_1_80' title='bbox 221 1498 347 1551; x_wconf 64' lang='lat' dir='ltr'>(etatem</span> <span class='ocrx_word' id='word_1_81' title='bbox 363 1489 563 1565; x_wconf 90' lang='lat' dir='ltr'>describunt,</span> <span class='ocrx_word' id='word_1_82' title='bbox 581 1488 613 1549; x_wconf 92' lang='lat' dir='ltr'>in</span> <span class='ocrx_word' id='word_1_83' title='bbox 630 1492 696 1569; x_wconf 78' lang='lat' dir='ltr'>qua</span> <span class='ocrx_word' id='word_1_84' title='bbox 713 1489 809 1570; x_wconf 93' lang='lat' dir='ltr'>primi</span> <span class='ocrx_word' id='word_1_85' title='bbox 826 1490 977 1551; x_wconf 91' lang='lat' dir='ltr'>homines</span> <span class='ocrx_word' id='word_1_86' title='bbox 994 1490 1083 1571; x_wconf 90' lang='lat' dir='ltr'>piam</span> <span class='ocrx_word' id='word_1_87' title='bbox 1102 1490 1170 1551; x_wconf 89' lang='lat' dir='ltr'>seli-</span> 
     </span>
     <span class='ocr_line' id='line_1_14' title="bbox 10 1580 1169 1675; baseline -0.001 -20"><span class='ocrx_word' id='word_1_88' title='bbox 10 1580 14 1643; x_wconf 62' lang='grc' dir='ltr'>’ἱ</span> <span class='ocrx_word' id='word_1_89' title='bbox 67 1612 211 1675; x_wconf 91' lang='lat' dir='ltr'>cemque</span> <span class='ocrx_word' id='word_1_90' title='bbox 227 1593 330 1656; x_wconf 91' lang='lat' dir='ltr'>vitam</span> <span class='ocrx_word' id='word_1_91' title='bbox 346 1593 530 1670; x_wconf 89' lang='lat' dir='ltr'>ducebant;</span> <span class='ocrx_word' id='word_1_92' title='bbox 552 1612 651 1674; x_wconf 93' lang='lat' dir='ltr'>porro</span> <span class='ocrx_word' id='word_1_93' title='bbox 666 1592 737 1654; x_wconf 84' lang='lat' dir='ltr'>haec</span> <span class='ocrx_word' id='word_1_94' title='bbox 753 1592 947 1655; x_wconf 88' lang='lat' dir='ltr'>universalis</span> <span class='ocrx_word' id='word_1_95' title='bbox 963 1593 1097 1656; x_wconf 89' lang='lat' dir='ltr'>traditio</span> <span class='ocrx_word' id='word_1_96' title='bbox 1113 1614 1169 1655; x_wconf 88' lang='lat' dir='ltr'>ex-</span> 
     </span>
     <span class='ocr_line' id='line_1_15' title="bbox 10 1680 1168 1778; baseline 0 -21"><span class='ocrx_word' id='word_1_97' title='bbox 10 1680 12 1685; x_wconf 52' lang='grc'><strong>’</strong></span> <span class='ocrx_word' id='word_1_98' title='bbox 66 1694 186 1777; x_wconf 87' lang='lat' dir='ltr'>plicari</span> <span class='ocrx_word' id='word_1_99' title='bbox 203 1697 363 1778; x_wconf 90' lang='lat' dir='ltr'>nequiret,</span> <span class='ocrx_word' id='word_1_100' title='bbox 379 1696 406 1758; x_wconf 92' lang='lat' dir='ltr'>si</span> <span class='ocrx_word' id='word_1_101' title='bbox 421 1694 574 1759; x_wconf 92' lang='lat' dir='ltr'>homin&#39;es</span> <span class='ocrx_word' id='word_1_102' title='bbox 591 1695 773 1758; x_wconf 81' lang='lat' dir='ltr'>fuissentin</span> <span class='ocrx_word' id='word_1_103' title='bbox 787 1705 875 1758; x_wconf 93' lang='lat' dir='ltr'>statu</span> <span class='ocrx_word' id='word_1_104' title='bbox 889 1695 1048 1758; x_wconf 81' lang='lat' dir='ltr'>barbariae</span> <span class='ocrx_word' id='word_1_105' title='bbox 1061 1696 1168 1757; x_wconf 88' lang='lat' dir='ltr'>creati.</span> 
     </span>
     <span class='ocr_line' id='line_1_16' title="bbox 68 1797 1168 1881; baseline -0.001 -20"><span class='ocrx_word' id='word_1_106' title='bbox 68 1798 213 1863; x_wconf 86' lang='lat' dir='ltr'>Minime</span> <span class='ocrx_word' id='word_1_107' title='bbox 228 1800 364 1881; x_wconf 89' lang='lat' dir='ltr'>quidem</span> <span class='ocrx_word' id='word_1_108' title='bbox 382 1799 616 1863; x_wconf 92' lang='lat' dir='ltr'>contendimus</span> <span class='ocrx_word' id='word_1_109' title='bbox 632 1799 759 1861; x_wconf 93' lang='lat' dir='ltr'>homini</span> <span class='ocrx_word' id='word_1_110' title='bbox 777 1800 937 1880; x_wconf 81' lang='lat' dir='ltr'>primaevo</span> <span class='ocrx_word' id='word_1_111' title='bbox 954 1808 1050 1860; x_wconf 92' lang='lat' dir='ltr'>notas</span> <span class='ocrx_word' id='word_1_112' title='bbox 1068 1797 1168 1860; x_wconf 80' lang='lat' dir='ltr'>fuisse</span> 
     </span>
     <span class='ocr_line' id='line_1_17' title="bbox 67 1900 1169 1985; baseline 0.002 -22"><span class='ocrx_word' id='word_1_113' title='bbox 67 1912 157 1967; x_wconf 87' lang='lat' dir='ltr'>artes</span> <span class='ocrx_word' id='word_1_114' title='bbox 174 1902 244 1966; x_wconf 90' lang='lat' dir='ltr'>sive</span> <span class='ocrx_word' id='word_1_115' title='bbox 260 1903 411 1966; x_wconf 91' lang='lat' dir='ltr'>liberales</span> <span class='ocrx_word' id='word_1_116' title='bbox 427 1904 495 1966; x_wconf 90' lang='lat' dir='ltr'>sive</span> <span class='ocrx_word' id='word_1_117' title='bbox 507 1903 730 1985; x_wconf 18' lang='lat' dir='ltr'>«mechanicas,</span> <span class='ocrx_word' id='word_1_118' title='bbox 746 1904 865 1985; x_wconf 92' lang='lat' dir='ltr'>quibus</span> <span class='ocrx_word' id='word_1_119' title='bbox 881 1902 980 1965; x_wconf 91' lang='lat' dir='ltr'>hodie</span> <span class='ocrx_word' id='word_1_120' title='bbox 993 1900 1169 1983; x_wconf 61' lang='lat' dir='ltr'>jaetamus</span> 
     </span>
     <span class='ocr_line' id='line_1_18' title="bbox 67 2005 1244 2089; baseline 0 -20"><span class='ocrx_word' id='word_1_121' title='bbox 67 2007 125 2070; x_wconf 93' lang='lat' dir='ltr'>sed</span> <span class='ocrx_word' id='word_1_122' title='bbox 142 2007 175 2070; x_wconf 90' lang='lat' dir='ltr'>ei</span> <span class='ocrx_word' id='word_1_123' title='bbox 193 2007 334 2070; x_wconf 93' lang='lat' dir='ltr'>inditam</span> <span class='ocrx_word' id='word_1_124' title='bbox 351 2006 453 2071; x_wconf 83' lang='lat' dir='ltr'>luisse</span> <span class='ocrx_word' id='word_1_125' title='bbox 469 2009 642 2085; x_wconf 88' lang='lat' dir='ltr'>rationem,</span> <span class='ocrx_word' id='word_1_126' title='bbox 658 2008 761 2070; x_wconf 91' lang='lat' dir='ltr'>nostri</span> <span class='ocrx_word' id='word_1_127' title='bbox 778 2007 929 2083; x_wconf 88' lang='lat' dir='ltr'>similem,</span> <span class='ocrx_word' id='word_1_128' title='bbox 946 2011 1012 2086; x_wconf 76' lang='lat' dir='ltr'>qua</span> <span class='ocrx_word' id='word_1_129' title='bbox 1033 2005 1102 2087; x_wconf 89' lang='lat' dir='ltr'>jam</span> <span class='ocrx_word' id='word_1_130' title='bbox 1127 2007 1169 2069; x_wconf 92' lang='lat' dir='ltr'>ab</span> <span class='ocrx_word' id='word_1_131' title='bbox 1241 2084 1244 2089; x_wconf 18' lang='grc' dir='ltr'>Ι</span> 
     </span>
     <span class='ocr_line' id='line_1_19' title="bbox 68 2110 1168 2195; baseline -0.001 -22"><span class='ocrx_word' id='word_1_132' title='bbox 68 2111 164 2174; x_wconf 92' lang='lat' dir='ltr'>initio</span> <span class='ocrx_word' id='word_1_133' title='bbox 182 2110 288 2174; x_wconf 91' lang='lat' dir='ltr'>brutis</span> <span class='ocrx_word' id='word_1_134' title='bbox 303 2113 441 2175; x_wconf 92' lang='lat' dir='ltr'>omnino</span> <span class='ocrx_word' id='word_1_135' title='bbox 452 2113 658 2195; x_wconf 82' lang='lat' dir='ltr'>&#39;superiorem</span> <span class='ocrx_word' id='word_1_136' title='bbox 676 2129 804 2173; x_wconf 89' lang='lat' dir='ltr'>morum</span> <span class='ocrx_word' id='word_1_137' title='bbox 821 2130 976 2190; x_wconf 89' lang='lat' dir='ltr'>capacem</span> <span class='ocrx_word' id='word_1_138' title='bbox 990 2130 1028 2171; x_wconf 93' lang='lat' dir='ltr'>ac</span> <span class='ocrx_word' id='word_1_139' title='bbox 1041 2110 1168 2192; x_wconf 87' lang='lat' dir='ltr'>religio·</span> 
     </span>
     <span class='ocr_line' id='line_1_20' title="bbox 68 2214 1168 2294; baseline 0.002 -18"><span class='ocrx_word' id='word_1_140' title='bbox 68 2234 140 2277; x_wconf 92' lang='lat' dir='ltr'>sum</span> <span class='ocrx_word' id='word_1_141' title='bbox 158 2234 234 2279; x_wconf 91' lang='lat' dir='ltr'>sese</span> <span class='ocrx_word' id='word_1_142' title='bbox 249 2215 411 2280; x_wconf 89' lang='lat' dir='ltr'>exhibuit.</span> <span class='ocrx_word' id='word_1_143' title='bbox 459 2217 499 2279; x_wconf 94' lang='lat' dir='ltr'>Id</span> <span class='ocrx_word' id='word_1_144' title='bbox 516 2236 596 2279; x_wconf 90' lang='lat' dir='ltr'>sane</span> <span class='ocrx_word' id='word_1_145' title='bbox 611 2216 842 2279; x_wconf 90' lang='lat' dir='ltr'>demonstrant</span> <span class='ocrx_word' id='word_1_146' title='bbox 858 2214 1090 2294; x_wconf 90' lang='lat' dir='ltr'>antiquissima</span> <span class='ocrx_word' id='word_1_147' title='bbox 1114 2237 1168 2278; x_wconf 88' lang='lat' dir='ltr'>ve-</span> 
     </span>
     <span class='ocr_line' id='line_1_21' title="bbox 68 2314 1167 2401; baseline 0 -20"><span class='ocrx_word' id='word_1_148' title='bbox 68 2318 168 2401; x_wconf 85' lang='lat' dir='ltr'>stigia</span> <span class='ocrx_word' id='word_1_149' title='bbox 184 2318 341 2382; x_wconf 89' lang='lat' dir='ltr'>humanae</span> <span class='ocrx_word' id='word_1_150' title='bbox 356 2321 446 2397; x_wconf 86' lang='lat' dir='ltr'>artis,</span> <span class='ocrx_word' id='word_1_151' title='bbox 462 2340 537 2401; x_wconf 88' lang='lat' dir='ltr'>quae</span> <span class='ocrx_word' id='word_1_152' title='bbox 554 2327 701 2382; x_wconf 88' lang='lat' dir='ltr'>recenter</span> <span class='ocrx_word' id='word_1_153' title='bbox 723 2318 858 2380; x_wconf 90' lang='lat' dir='ltr'>inventa</span> <span class='ocrx_word' id='word_1_154' title='bbox 881 2326 967 2393; x_wconf 86' lang='lat' dir='ltr'>sunt,</span> <span class='ocrx_word' id='word_1_155' title='bbox 982 2314 1167 2398; x_wconf 78' lang='lat' dir='ltr'>praesertim</span> 
     </span>
     <span class='ocr_line' id='line_1_22' title="bbox 69 2419 1168 2507; baseline -0.001 -22"><span class='ocrx_word' id='word_1_156' title='bbox 69 2424 94 2485; x_wconf 92' lang='lat' dir='ltr'>si</span> <span class='ocrx_word' id='word_1_157' title='bbox 117 2423 336 2488; x_wconf 91' lang='lat' dir='ltr'>attendamus</span> <span class='ocrx_word' id='word_1_158' title='bbox 358 2425 432 2507; x_wconf 90' lang='lat' dir='ltr'>plus</span> <span class='ocrx_word' id='word_1_159' title='bbox 456 2423 581 2506; x_wconf 86' lang='lat' dir='ltr'>ingenii</span> <span class='ocrx_word' id='word_1_160' title='bbox 604 2423 646 2485; x_wconf 95' lang='lat' dir='ltr'>ad</span> <span class='ocrx_word' id='word_1_161' title='bbox 670 2422 812 2504; x_wconf 90' lang='lat' dir='ltr'>primam</span> <span class='ocrx_word' id='word_1_162' title='bbox 830 2419 965 2482; x_wconf 80' lang='lat' dir='ltr'>securim</span> <span class='ocrx_word' id='word_1_163' title='bbox 983 2419 1168 2484; x_wconf 85' lang='lat' dir='ltr'>faciendam</span> 
     </span>
    </p>
   </div>
   <div class='ocr_carea' id='block_1_4' title="bbox 70 2524 845 2609">
    <p class='ocr_par' dir='ltr' id='par_1_7' title="bbox 70 2524 845 2609">
     <span class='ocr_line' id='line_1_23' title="bbox 70 2524 845 2609; baseline -0.001 -21"><span class='ocrx_word' id='word_1_164' title='bbox 70 2526 191 2609; x_wconf 88' lang='lat' dir='ltr'>requiri</span> <span class='ocrx_word' id='word_1_165' title='bbox 206 2547 308 2609; x_wconf 92' lang='lat' dir='ltr'>quam</span> <span class='ocrx_word' id='word_1_166' title='bbox 324 2527 367 2591; x_wconf 90' lang='lat' dir='ltr'>ad</span> <span class='ocrx_word' id='word_1_167' title='bbox 384 2548 435 2590; x_wconf 91' lang='lat' dir='ltr'>res</span> <span class='ocrx_word' id='word_1_168' title='bbox 452 2528 603 2590; x_wconf 90' lang='lat' dir='ltr'>inventas</span> <span class='ocrx_word' id='word_1_169' title='bbox 618 2524 845 2607; x_wconf 88' lang='lat' dir='ltr'>expoliendas.</span> 
     </span>
    </p>
   </div>
   <div class='ocr_carea' id='block_1_5' title="bbox 10 2672 1211 4310">
    <p class='ocr_par' dir='ltr' id='par_1_8' title="bbox 111 2672 1168 2759">
     <span class='ocr_line' id='line_1_24' title="bbox 111 2672 1168 2759; baseline 0 -21"><span class='ocrx_word' id='word_1_170' title='bbox 111 2674 179 2738; x_wconf 86' lang='lat'>162.</span> <span class='ocrx_word' id='word_1_171' title='bbox 226 2674 285 2755; x_wconf 78' lang='grc' dir='ltr'>(Β)</span> <span class='ocrx_word' id='word_1_172' title='bbox 304 2677 446 2759; x_wconf 90' lang='lat' dir='ltr'>Insuper</span> <span class='ocrx_word' id='word_1_173' title='bbox 460 2683 656 2757; x_wconf 85' lang='lat' dir='ltr'>argumenta</span> <span class='ocrx_word' id='word_1_174' title='bbox 672 2672 934 2736; x_wconf 90' lang='lat' dir='ltr'>adversariorum</span> <span class='ocrx_word' id='word_1_175' title='bbox 952 2695 1018 2736; x_wconf 93' lang='lat' dir='ltr'>non</span> <span class='ocrx_word' id='word_1_176' title='bbox 1036 2674 1168 2738; x_wconf 90' lang='lat' dir='ltr'>valent:</span> 
     </span>
    </p>

    <p class='ocr_par' dir='ltr' id='par_1_9' title="bbox 74 2777 1168 2860">
     <span class='ocr_line' id='line_1_25' title="bbox 74 2777 1168 2860; baseline -0.004 -14"><span class='ocrx_word' id='word_1_177' title='bbox 74 2777 117 2860; x_wconf 86' lang='lat' dir='ltr'>(a)</span> <span class='ocrx_word' id='word_1_178' title='bbox 133 2778 253 2843; x_wconf 89' lang='lat' dir='ltr'>dicunt</span> <span class='ocrx_word' id='word_1_179' title='bbox 268 2778 434 2860; x_wconf 91' lang='lat' dir='ltr'>siquidem</span> <span class='ocrx_word' id='word_1_180' title='bbox 451 2778 608 2842; x_wconf 91' lang='lat' dir='ltr'>barbaras</span> <span class='ocrx_word' id='word_1_181' title='bbox 625 2787 750 2860; x_wconf 85' lang='lat' dir='ltr'>gentes,</span> <span class='ocrx_word' id='word_1_182' title='bbox 767 2798 842 2859; x_wconf 87' lang='lat' dir='ltr'>quae</span> <span class='ocrx_word' id='word_1_183' title='bbox 858 2779 958 2841; x_wconf 91' lang='lat' dir='ltr'>etiam</span> <span class='ocrx_word' id='word_1_184' title='bbox 976 2778 1075 2842; x_wconf 90' lang='lat' dir='ltr'>hodie</span> <span class='ocrx_word' id='word_1_185' title='bbox 1098 2781 1168 2842; x_wconf 90' lang='lat' dir='ltr'>exi-</span> 
     </span>
    </p>

    <p class='ocr_par' dir='ltr' id='par_1_10' title="bbox 10 2864 1168 2966">
     <span class='ocr_line' id='line_1_26' title="bbox 10 2864 1168 2966; baseline 0.007 -26"><span class='ocrx_word' id='word_1_186' title='bbox 10 2864 12 2907; x_wconf 41' lang='grc' dir='ltr'>ἶ</span> <span class='ocrx_word' id='word_1_187' title='bbox 72 2890 170 2958; x_wconf 90' lang='lat' dir='ltr'>stunt,</span> <span class='ocrx_word' id='word_1_188' title='bbox 187 2880 341 2964; x_wconf 88' lang='lat' dir='ltr'>reliquias</span> <span class='ocrx_word' id='word_1_189' title='bbox 357 2902 429 2946; x_wconf 89' lang='lat' dir='ltr'>esse</span> <span class='ocrx_word' id='word_1_190' title='bbox 452 2883 598 2965; x_wconf 89' lang='lat' dir='ltr'>priorum</span> <span class='ocrx_word' id='word_1_191' title='bbox 623 2882 796 2944; x_wconf 91' lang='lat' dir='ltr'>hominum</span> <span class='ocrx_word' id='word_1_192' title='bbox 820 2890 853 2944; x_wconf 91' lang='lat' dir='ltr'>et</span> <span class='ocrx_word' id='word_1_193' title='bbox 876 2891 978 2944; x_wconf 90' lang='lat' dir='ltr'>testes</span> <span class='ocrx_word' id='word_1_194' title='bbox 1001 2885 1168 2966; x_wconf 82' lang='lat' dir='ltr'>primaevae</span> 
     </span>
    </p>

    <p class='ocr_par' dir='ltr' id='par_1_11' title="bbox 10 2985 1168 3068">
     <span class='ocr_line' id='line_1_27' title="bbox 72 2985 1168 3068; baseline 0.003 -19.786"><span class='ocrx_word' id='word_1_195' title='bbox 72 3004 183 3051; x_wconf 89' lang='lat' dir='ltr'>eorum</span> <span class='ocrx_word' id='word_1_196' title='bbox 199 2987 409 3051; x_wconf 80' lang='lat' dir='ltr'>conditionis,</span> <span class='ocrx_word' id='word_1_197' title='bbox 425 3024 469 3035; x_wconf 91' lang='lat'>-</span> <span class='ocrx_word' id='word_1_198' title='bbox 486 2987 563 3051; x_wconf 92' lang='lat' dir='ltr'>Hoc</span> <span class='ocrx_word' id='word_1_199' title='bbox 581 2995 693 3049; x_wconf 88' lang='lat' dir='ltr'>autem</span> <span class='ocrx_word' id='word_1_200' title='bbox 710 2985 808 3068; x_wconf 91' lang='lat' dir='ltr'>plane</span> <span class='ocrx_word' id='word_1_201' title='bbox 825 2985 1007 3067; x_wconf 84' lang='lat' dir='ltr'>gratuitum</span> <span class='ocrx_word' id='word_1_202' title='bbox 1024 2998 1083 3065; x_wconf 90' lang='lat' dir='ltr'>est,</span> <span class='ocrx_word' id='word_1_203' title='bbox 1100 2989 1168 3052; x_wconf 93' lang='lat' dir='ltr'>imo</span> 
     </span>
    </p>

    <p class='ocr_par' dir='ltr' id='par_1_12' title="bbox 73 3089 1167 3171">
     <span class='ocr_line' id='line_1_28' title="bbox 73 3089 1167 3171; baseline 0.006 -21"><span class='ocrx_word' id='word_1_204' title='bbox 73 3100 183 3170; x_wconf 89' lang='lat' dir='ltr'>aperte</span> <span class='ocrx_word' id='word_1_205' title='bbox 198 3089 332 3168; x_wconf 82' lang='lat' dir='ltr'>salsum3</span> <span class='ocrx_word' id='word_1_206' title='bbox 356 3089 470 3154; x_wconf 89' lang='lat' dir='ltr'>multae</span> <span class='ocrx_word' id='word_1_207' title='bbox 486 3091 575 3153; x_wconf 90' lang='lat' dir='ltr'>enim</span> <span class='ocrx_word' id='word_1_208' title='bbox 592 3112 637 3153; x_wconf 89' lang='lat' dir='ltr'>ex</span> <span class='ocrx_word' id='word_1_209' title='bbox 655 3090 827 3166; x_wconf 75' lang='lat' dir='ltr'>Gentibus</span> <span class='ocrx_word' id='word_1_210' title='bbox 845 3110 919 3171; x_wconf 87' lang='lat' dir='ltr'>quae</span> <span class='ocrx_word' id='word_1_211' title='bbox 936 3111 1024 3154; x_wconf 92' lang='lat' dir='ltr'>nunc</span> <span class='ocrx_word' id='word_1_212' title='bbox 1040 3092 1072 3155; x_wconf 92' lang='lat' dir='ltr'>in</span> <span class='ocrx_word' id='word_1_213' title='bbox 1097 3094 1167 3157; x_wconf 89' lang='lat' dir='ltr'>infi-</span> 
     </span>
    </p>

    <p class='ocr_par' dir='ltr' id='par_1_13' title="bbox 74 3192 1169 3276">
     <span class='ocr_line' id='line_1_29' title="bbox 74 3192 1169 3276; baseline 0.003 -19"><span class='ocrx_word' id='word_1_214' title='bbox 74 3214 121 3258; x_wconf 90' lang='lat' dir='ltr'>mo</span> <span class='ocrx_word' id='word_1_215' title='bbox 136 3203 232 3259; x_wconf 92' lang='lat' dir='ltr'>statu</span> <span class='ocrx_word' id='word_1_216' title='bbox 247 3195 372 3272; x_wconf 89' lang='lat' dir='ltr'>vivunt,</span> <span class='ocrx_word' id='word_1_217' title='bbox 389 3194 573 3276; x_wconf 93' lang='lat' dir='ltr'>antiquitus</span> <span class='ocrx_word' id='word_1_218' title='bbox 590 3194 741 3256; x_wconf 91' lang='lat' dir='ltr'>altiorem</span> <span class='ocrx_word' id='word_1_219' title='bbox 766 3192 1021 3258; x_wconf 87' lang='lat' dir='ltr'>civilizationem</span> <span class='ocrx_word' id='word_1_220' title='bbox 1045 3197 1169 3260; x_wconf 89' lang='lat' dir='ltr'>habue-</span> 
     </span>
    </p>

    <p class='ocr_par' dir='ltr' id='par_1_14' title="bbox 73 3296 1166 3378">
     <span class='ocr_line' id='line_1_30' title="bbox 73 3296 1166 3378; baseline 0.002 -17"><span class='ocrx_word' id='word_1_221' title='bbox 73 3309 142 3362; x_wconf 89' lang='lat' dir='ltr'>runt</span> <span class='ocrx_word' id='word_1_222' title='bbox 150 3319 159 3377; x_wconf 89' lang='lat'>;</span> <span class='ocrx_word' id='word_1_223' title='bbox 182 3307 221 3361; x_wconf 94' lang='lat' dir='ltr'>ut</span> <span class='ocrx_word' id='word_1_224' title='bbox 237 3307 368 3361; x_wconf 91' lang='lat' dir='ltr'>constat</span> <span class='ocrx_word' id='word_1_225' title='bbox 384 3307 455 3360; x_wconf 92' lang='lat' dir='ltr'>tum</span> <span class='ocrx_word' id='word_1_226' title='bbox 479 3318 523 3360; x_wconf 90' lang='lat' dir='ltr'>ex</span> <span class='ocrx_word' id='word_1_227' title='bbox 547 3296 772 3360; x_wconf 89' lang='lat' dir='ltr'>monumentis</span> <span class='ocrx_word' id='word_1_228' title='bbox 796 3317 870 3378; x_wconf 89' lang='lat' dir='ltr'>quae</span> <span class='ocrx_word' id='word_1_229' title='bbox 893 3309 1079 3375; x_wconf 87' lang='lat' dir='ltr'>erexerunt,</span> <span class='ocrx_word' id='word_1_230' title='bbox 1096 3310 1166 3363; x_wconf 94' lang='lat' dir='ltr'>tum</span> 
     </span>
    </p>

    <p class='ocr_par' dir='ltr' id='par_1_15' title="bbox 73 3399 1167 3483">
     <span class='ocr_line' id='line_1_31' title="bbox 73 3399 1167 3483; baseline 0.003 -21"><span class='ocrx_word' id='word_1_231' title='bbox 73 3420 108 3464; x_wconf 89' lang='lat' dir='ltr'>ex</span> <span class='ocrx_word' id='word_1_232' title='bbox 130 3402 250 3482; x_wconf 75' lang='lat' dir='ltr'>lingua</span> <span class='ocrx_word' id='word_1_233' title='bbox 272 3421 347 3483; x_wconf 89' lang='lat' dir='ltr'>quae</span> <span class='ocrx_word' id='word_1_234' title='bbox 369 3401 458 3483; x_wconf 88' lang='lat' dir='ltr'>apud</span> <span class='ocrx_word' id='word_1_235' title='bbox 483 3401 573 3483; x_wconf 92' lang='lat' dir='ltr'>ipsos</span> <span class='ocrx_word' id='word_1_236' title='bbox 596 3401 629 3462; x_wconf 94' lang='lat' dir='ltr'>in</span> <span class='ocrx_word' id='word_1_237' title='bbox 654 3420 713 3462; x_wconf 93' lang='lat' dir='ltr'>usu</span> <span class='ocrx_word' id='word_1_238' title='bbox 731 3399 808 3476; x_wconf 87' lang='lat' dir='ltr'>fuit;</span> <span class='ocrx_word' id='word_1_239' title='bbox 832 3401 879 3462; x_wconf 90' lang='lat' dir='ltr'>ita</span> <span class='ocrx_word' id='word_1_240' title='bbox 895 3422 923 3464; x_wconf 91' lang='lat' dir='ltr'>v.</span> <span class='ocrx_word' id='word_1_241' title='bbox 940 3421 969 3482; x_wconf 84' lang='lat' dir='ltr'>g.</span> <span class='ocrx_word' id='word_1_242' title='bbox 988 3402 1167 3481; x_wconf 88' lang='lat' dir='ltr'>Mexicani,</span> 
     </span>
    </p>

    <p class='ocr_par' dir='ltr' id='par_1_16' title="bbox 73 3502 1166 3587">
     <span class='ocr_line' id='line_1_32' title="bbox 73 3502 1166 3587; baseline 0.004 -22"><span class='ocrx_word' id='word_1_243' title='bbox 73 3504 254 3581; x_wconf 90' lang='lat' dir='ltr'>Peruviani,</span> <span class='ocrx_word' id='word_1_244' title='bbox 270 3513 332 3567; x_wconf 89' lang='lat' dir='ltr'>etc.</span> <span class='ocrx_word' id='word_1_245' title='bbox 378 3504 485 3587; x_wconf 86' lang='lat' dir='ltr'>Igitur</span> <span class='ocrx_word' id='word_1_246' title='bbox 501 3513 607 3568; x_wconf 89' lang='lat' dir='ltr'>status</span> <span class='ocrx_word' id='word_1_247' title='bbox 624 3504 679 3567; x_wconf 92' lang='lat' dir='ltr'>ille</span> <span class='ocrx_word' id='word_1_248' title='bbox 703 3502 835 3566; x_wconf 85' lang='lat' dir='ltr'>intimus</span> <span class='ocrx_word' id='word_1_249' title='bbox 859 3505 984 3586; x_wconf 91' lang='lat' dir='ltr'>optime</span> <span class='ocrx_word' id='word_1_250' title='bbox 1007 3507 1166 3587; x_wconf 89' lang='lat' dir='ltr'>explicari</span> 
     </span>
    </p>

    <p class='ocr_par' dir='ltr' id='par_1_17' title="bbox 72 3607 1167 3691">
     <span class='ocr_line' id='line_1_33' title="bbox 72 3607 1167 3691; baseline 0 -17"><span class='ocrx_word' id='word_1_251' title='bbox 72 3617 179 3688; x_wconf 87' lang='lat' dir='ltr'>potest</span> <span class='ocrx_word' id='word_1_252' title='bbox 194 3626 256 3690; x_wconf 90' lang='lat' dir='ltr'>per</span> <span class='ocrx_word' id='word_1_253' title='bbox 271 3607 451 3689; x_wconf 92' lang='lat' dir='ltr'>quamdam</span> <span class='ocrx_word' id='word_1_254' title='bbox 469 3627 599 3672; x_wconf 91' lang='lat' dir='ltr'>morum</span> <span class='ocrx_word' id='word_1_255' title='bbox 623 3608 879 3688; x_wconf 84' lang='lat' dir='ltr'>corruptionem,</span> <span class='ocrx_word' id='word_1_256' title='bbox 896 3629 936 3671; x_wconf 91' lang='lat' dir='ltr'>eo</span> <span class='ocrx_word' id='word_1_257' title='bbox 960 3610 1066 3690; x_wconf 88' lang='lat' dir='ltr'>magis</span> <span class='ocrx_word' id='word_1_258' title='bbox 1090 3612 1167 3691; x_wconf 92' lang='lat' dir='ltr'>quia</span> 
     </span>
    </p>

    <p class='ocr_par' dir='ltr' id='par_1_18' title="bbox 72 3709 1166 3792">
     <span class='ocr_line' id='line_1_34' title="bbox 72 3709 1166 3792; baseline 0.005 -20"><span class='ocrx_word' id='word_1_259' title='bbox 72 3709 194 3775; x_wconf 77' lang='lat' dir='ltr'>facilius</span> <span class='ocrx_word' id='word_1_260' title='bbox 204 3711 300 3774; x_wconf 91' lang='lat' dir='ltr'>estin</span> <span class='ocrx_word' id='word_1_261' title='bbox 312 3710 509 3775; x_wconf 88' lang='lat' dir='ltr'>deteriorem</span> <span class='ocrx_word' id='word_1_262' title='bbox 520 3720 644 3775; x_wconf 91' lang='lat' dir='ltr'>statum</span> <span class='ocrx_word' id='word_1_263' title='bbox 659 3711 724 3773; x_wconf 91' lang='lat' dir='ltr'>labi</span> <span class='ocrx_word' id='word_1_264' title='bbox 735 3732 835 3792; x_wconf 92' lang='lat' dir='ltr'>quam</span> <span class='ocrx_word' id='word_1_265' title='bbox 849 3713 892 3776; x_wconf 94' lang='lat' dir='ltr'>ab</span> <span class='ocrx_word' id='word_1_266' title='bbox 902 3713 959 3775; x_wconf 92' lang='lat' dir='ltr'>illo</span> <span class='ocrx_word' id='word_1_267' title='bbox 972 3713 1004 3775; x_wconf 92' lang='lat' dir='ltr'>in</span> <span class='ocrx_word' id='word_1_268' title='bbox 1015 3714 1166 3778; x_wconf 89' lang='lat' dir='ltr'>altiorem</span> 
     </span>
    </p>

    <p class='ocr_par' dir='ltr' id='par_1_19' title="bbox 71 3812 1211 4000">
     <span class='ocr_line' id='line_1_35' title="bbox 71 3812 1166 3898; baseline 0.005 -22"><span class='ocrx_word' id='word_1_269' title='bbox 71 3816 153 3898; x_wconf 85' lang='lat' dir='ltr'>erigi.</span> <span class='ocrx_word' id='word_1_270' title='bbox 201 3815 332 3877; x_wconf 91' lang='lat' dir='ltr'>Revera</span> <span class='ocrx_word' id='word_1_271' title='bbox 347 3812 484 3877; x_wconf 78' lang='lat' dir='ltr'>historia</span> <span class='ocrx_word' id='word_1_272' title='bbox 501 3823 707 3897; x_wconf 91' lang='lat' dir='ltr'>compertum</span> <span class='ocrx_word' id='word_1_273' title='bbox 725 3825 775 3878; x_wconf 89' lang='lat' dir='ltr'>est</span> <span class='ocrx_word' id='word_1_274' title='bbox 799 3815 871 3878; x_wconf 91' lang='lat' dir='ltr'>illas</span> <span class='ocrx_word' id='word_1_275' title='bbox 895 3817 1046 3880; x_wconf 90' lang='lat' dir='ltr'>nationes</span> <span class='ocrx_word' id='word_1_276' title='bbox 1070 3821 1166 3882; x_wconf 88' lang='lat' dir='ltr'>rudes</span> 
     </span>
     <span class='ocr_line' id='line_1_36' title="bbox 71 3918 1211 4000; baseline 0.003 -19"><span class='ocrx_word' id='word_1_277' title='bbox 71 3918 166 3984; x_wconf 82' lang='lat' dir='ltr'>luisse</span> <span class='ocrx_word' id='word_1_278' title='bbox 181 3928 242 3983; x_wconf 90' lang='lat' dir='ltr'>aut</span> <span class='ocrx_word' id='word_1_279' title='bbox 256 3918 438 3982; x_wconf 92' lang='lat' dir='ltr'>hodiedum</span> <span class='ocrx_word' id='word_1_280' title='bbox 454 3919 557 3983; x_wconf 91' lang='lat' dir='ltr'>etiam</span> <span class='ocrx_word' id='word_1_281' title='bbox 574 3941 655 3996; x_wconf 90' lang='lat' dir='ltr'>esse,</span> <span class='ocrx_word' id='word_1_282' title='bbox 672 3939 747 4000; x_wconf 88' lang='lat' dir='ltr'>quae</span> <span class='ocrx_word' id='word_1_283' title='bbox 764 3939 783 3980; x_wconf 90' lang='lat' dir='ltr'>a</span> <span class='ocrx_word' id='word_1_284' title='bbox 800 3918 1028 3982; x_wconf 88' lang='lat' dir='ltr'>civilizationis</span> <span class='ocrx_word' id='word_1_285' title='bbox 1052 3931 1166 3984; x_wconf 90' lang='lat' dir='ltr'>centro</span> <span class='ocrx_word' id='word_1_286' title='bbox 1208 3986 1211 3992; x_wconf 24' lang='lat'><strong>⁴</strong></span> 
     </span>
    </p>

    <p class='ocr_par' dir='ltr' id='par_1_20' title="bbox 10 4014 1166 4109">
     <span class='ocr_line' id='line_1_37' title="bbox 10 4014 1166 4109; baseline 0.002 -22"><span class='ocrx_word' id='word_1_287' title='bbox 10 4014 12 4019; x_wconf 40' lang='lat'><strong>¹</strong></span> <span class='ocrx_word' id='word_1_288' title='bbox 38 4041 41 4045; x_wconf 88' lang='grc'><strong><em>·</em></strong></span> <span class='ocrx_word' id='word_1_289' title='bbox 70 4025 226 4109; x_wconf 84' lang='lat' dir='ltr'>depulsae,</span> <span class='ocrx_word' id='word_1_290' title='bbox 241 4022 315 4088; x_wconf 90' lang='lat' dir='ltr'>illas</span> <span class='ocrx_word' id='word_1_291' title='bbox 331 4033 474 4088; x_wconf 90' lang='lat' dir='ltr'>remotas</span> <span class='ocrx_word' id='word_1_292' title='bbox 490 4034 586 4089; x_wconf 89' lang='lat' dir='ltr'>terrae</span> <span class='ocrx_word' id='word_1_293' title='bbox 603 4033 713 4106; x_wconf 89' lang='lat' dir='ltr'>partes</span> <span class='ocrx_word' id='word_1_294' title='bbox 730 4022 871 4086; x_wconf 89' lang='lat' dir='ltr'>incolere</span> <span class='ocrx_word' id='word_1_295' title='bbox 884 4024 1079 4102; x_wconf 87' lang='lat' dir='ltr'>debuerunt,</span> <span class='ocrx_word' id='word_1_296' title='bbox 1091 4046 1166 4107; x_wconf 86' lang='lat' dir='ltr'>quae</span> 
     </span>
    </p>

    <p class='ocr_par' dir='ltr' id='par_1_21' title="bbox 69 4123 1199 4310">
     <span class='ocr_line' id='line_1_38' title="bbox 70 4123 1178 4211; baseline 0.002 -21"><span class='ocrx_word' id='word_1_297' title='bbox 70 4136 201 4210; x_wconf 91' lang='lat' dir='ltr'>propter</span> <span class='ocrx_word' id='word_1_298' title='bbox 216 4124 302 4189; x_wconf 89' lang='lat' dir='ltr'>aeris</span> <span class='ocrx_word' id='word_1_299' title='bbox 318 4123 565 4189; x_wconf 90' lang='lat' dir='ltr'>inclementiam</span> <span class='ocrx_word' id='word_1_300' title='bbox 589 4125 642 4188; x_wconf 91' lang='lat' dir='ltr'>vel</span> <span class='ocrx_word' id='word_1_301' title='bbox 667 4126 761 4191; x_wconf 88' lang='lat' dir='ltr'>fundi</span> <span class='ocrx_word' id='word_1_302' title='bbox 786 4127 1178 4211; x_wconf 67' lang='lat' dir='ltr'>sterilitatemaliasque</span> 
     </span>
     <span class='ocr_line' id='line_1_39' title="bbox 69 4228 1199 4310; baseline 0.003 -20"><span class='ocrx_word' id='word_1_303' title='bbox 69 4228 257 4310; x_wconf 84' lang='lat' dir='ltr'>hujusmodi</span> <span class='ocrx_word' id='word_1_304' title='bbox 276 4246 391 4290; x_wconf 87' lang='lat' dir='ltr'>causas</span> <span class='ocrx_word' id='word_1_305' title='bbox 412 4228 576 4294; x_wconf 88' lang='lat' dir='ltr'>bonarum</span> <span class='ocrx_word' id='word_1_306' title='bbox 601 4232 729 4299; x_wconf 87' lang='lat' dir='ltr'>artium</span> <span class='ocrx_word' id='word_1_307' title='bbox 755 4234 903 4301; x_wconf 75' lang='lat' dir='ltr'>cultura</span> <span class='ocrx_word' id='word_1_308' title='bbox 929 4234 1092 4300; x_wconf 81' lang='lat' dir='ltr'>maxime</span> <span class='ocrx_word' id='word_1_309' title='bbox 1116 4232 1199 4295; x_wconf 81' lang='lat' dir='ltr'>obs-</span> 
     </span>
    </p>
   </div>
   <div class='ocr_carea' id='block_1_6' title="bbox 0 0 1346 4634">
    <p class='ocr_par' dir='ltr' id='par_1_22' title="bbox 0 0 1346 4634">
     <span class='ocr_line' id='line_1_40' title="bbox 0 0 1346 4634; baseline 0 1"><span class='ocrx_word' id='word_1_310' title='bbox 0 0 1346 4634; x_wconf 95' lang='lat' dir='ltr'> </span> 
     </span>
    </p>
   </div>
  </div>
 </body>
</html>
