2684 4634
369 190 426 241 DE
443 185 788 242 OPERATIONIBUS
806 193 979 244 DIVINIS.
1162 194 1223 246 1³3

162 368 224 450 (A)
242 356 341 432 Deus¹
351 370 525 451 cognoscit
539 365 785 435 omniasutura
808 374 944 455 praecise
966 395 1007 436 eo
1030 374 1132 437 modo
1154 394 1221 456 quo

119 470 232 534 futura
249 481 337 548 sunt,
352 480 385 535 et
400 493 503 555 quum
520 471 669 537 adtiones
683 474 839 538 humanae
855 477 922 540 sint
938 477 1058 554 liberae,
1067 498 1123 540 eas
1138 496 1232 558 prae-⁴

118 575 211 637 videt
240 585 276 638 ut
303 575 442 639 liberas:
468 571 569 657 igitur
595 577 805 658 praescientia
831 580 904 654 Dei,
930 576 1222 657 licet'infallibilis‚

117 699 186 740 non
203 669 322 755 aufert,
338 679 396 742 sed
413 679 572 761 supponit
587 678 797 743 libertatem:
824 681 992 745 falleretur
1014 682 1103 744 enim
1121 683 1223 759 Deus

117 782 144 842 si
162 779 315 844 adtiones
330 803 413 864 quas
429 777 557 845 futuras
572 801 644 843 esse
669 785 855 864 praenoscit‚
871 785 973 848 libere
996 806 1062 848 non
1088 806 1223 867 perage·

117 893 243 948 rentur.

161 1043 211 1114 77.
232 1082 236 1087 .
259 1032 320 1114 (B)
336 1031 450 1114 Quum
466 1029 617 1114 respectu
634 1032 700 1094 Dei
712 1033 947 1122 omnialfutura
960 1034 1027 1096 sint
1038 1035 1224 1116 praesentia,

118 1135 262 1198 scientia
277 1136 391 1199 divina
405 1158 441 1200 se
456 1136 558 1200 habet
570 1138 615 1200 ad
641 1136 751 1198 futura
774 1137 859 1198 sicut
884 1137 1022 1200 scientia
1047 1147 1159 1200 nostra
1180 1139 1223 1200 ad

119 1239 317 1319 praesentia3
343 1239 435 1320 atqui
451 1259 491 1301 ea
506 1260 581 1320 quae
597 1259 617 1301 a
632 1239 729 1301 nobis
744 1238 908 1314 videntur,
920 1238 997 1302 licet
1013 1240 1225 1321 nonpossint

120 1362 188 1403 non
205 1342 352 1404 existere
367 1352 519 1424 tempore
534 1362 602 1422 quo
617 1361 656 1403 ea
671 1343 846 1418 cernimus
861 1342 963 1404 libere
978 1351 1092 1406 tamen
1115 1363 1135 1405 a
1157 1345 1225 1406 suis

121 1445 303 1525 agentibus
318 1455 530 1526 peraguntur,
541 1466 571 1508 v.
584 1465 613 1525 g.
630 1446 728 1507 video
741 1445 909 1525 jacentem
927 1445 1092 1527 aliquem:
1116 1467 1226 1509 neces-

120 1549 204 1611 sitas
218 1549 252 1611 ei
269 1570 335 1611 non
353 1548 492 1612 insertur
506 1569 527 1610 a
549 1548 677 1610 visione
697 1551 776 1610 mea
799 1557 835 1611 ut
856 1547 976 1630 jaceat,
991 1550 1049 1611 sed
1073 1551 1184 1632 potius
1207 1571 1226 1612 a

118 1652 255 1732 jacente
271 1651 351 1714 mihi
368 1651 505 1716 infertur
517 1652 697 1713 necessitas
708 1661 744 1714 ut
754 1651 903 1729 videam;
926 1673 1005 1733 ergo
1015 1653 1102 1714 idem
1115 1653 1228 1715 dicen·
1289 1695 1293 1703 ·

120 1756 204 1818 dum
222 1763 274 1818 est
288 1755 331 1818 de
346 1755 484 1817 scientia
499 1753 685 1817 futurorum
702 1754 735 1814 in
760 1754 841 1817 Deo.
889 1754 989 1836 Quod
1016 1755 1050 1818 S.
1066 1755 1227 1836 Augaia:

121 1873 207 1922 nus1
225 1859 477 1941 comparatione
492 1858 657 1920 illustrat:
683 1856 805 1921 “Sicut
821 1858 910 1919 enim
927 1867 962 1919 tu
987 1859 1147 1920 memorii
1169 1862 1228 1921 tud

122 1983 190 2025 non
200 1952 302 2043 scogis
319 1959 406 2024 fadta
421 1981 494 2024 esse
509 1953 584 2041 quae
600 1960 838 2040 praeterierunt,
848 1961 895 2022 sic
912 1960 1005 2022 Deus
1020 1962 1227 2044 praescientid

121 2065 182 2124 sud
199 2083 270 2124 non
286 2062 375 2142 cogit
391 2060 543 2124 facienda
554 2079 633 2140 -quae
650 2058 762 2136 sutura
778 2060 882 2122 sunt.’'

164 2215 216 2290 78.
264 2211 321 2293 (C)
334 2212 497 2288 Tandem,
507 2211 549 2274 ad
562 2213 738 2275 solvendas
751 2211 973 2288 difficultates,
984 2211 1100 2274 sedulo
1112 2212 1227 2274 distin-

122 2309 364 2397 guendum‘est
380 2316 465 2378 inter
482 2317 513 2380 id
530 2317 620 2399 quod
634 2315 855 2395 infallibiliter
865 2328 966 2399 atque
979 2318 1011 2381 id
1025 2319 1114 2398 quod
1129 2338 1227 2380 neees-

121 2418 216 2481 sario
230 2418 417 2498 contingit:
435 2418 534 2498 prius
548 2429 629 2482 certo
645 2419 779 2500 quidem
806 2423 924 2498 evenit,
940 2424 997 2484 sed
1024 2431 1135 2502 potest
1157 2441 1228 2484 esse

123 2520 351 2582 necessarium
367 2518 423 2581 vel
435 2519 575 2583 liberum
593 2532 692 2604 prout
707 2543 810 2606 agens
826 2547 870 2587 ex
894 2527 1093 2588 necessitate
1112 2524 1164 2587 vel
1185 2546 1228 2587 ex

124 2626 232 2688 libera
248 2622 410 2687 eledtion'e
426 2644 498 2687 sese
512 2627 731 2702 determinat3
747 2627 913 2706 posterius
930 2647 996 2689 non
1013 2626 1120 2689 solum
1138 2637 1229 2689 certo

124 2727 378 2808 contingit,'sed
395 2728 496 2791 etiam
512 2714 560 2817 ita
577 2739 694 2792 utnon
712 2729 809 2792 suerit
826 2731 858 2791 in
875 2741 996 2811 agente
1022 2730 1162 2791 facultas
1186 2731 1228 2790 ad

124 2831 329 2915 oppositum.
376 2831 482 2912 Atqui
498 2831 587 2911 quod
612 2833 704 2894 Deus
730 2835 898 2914 praevidet,
914 2833 1138 2912 infallibiliter
1159 2833 1229 2912 qui-

124 2936 216 3010 dem,
226 2935 244 2995 i.
256 2954 281 2994 e.
298 2942 379 2995 certa
394 2932 533 3009 eveniet,
545 2935 601 2995 sed
620 2955 686 2995 non
704 2955 835 3017 semper
850 2935 1053 2997 necessario:
1077 2936 1236 3015 quaedam'

125 3038 218 3100 enim
236 3036 396 3118 praevidet
413 3044 449 3098 ut
465 3045 556 3098 certo
571 3037 720 3100 simulet
736 3037 836 3099 libere
848 3045 1014 3098 eventura.

163 3249 172 3272 ¹
187 3235 233 3287 De
246 3233 336 3287 libero
348 3231 429 3286 arbit.
443 3232 461 3287 l.
480 3233 535 3304 ΙΗ,
552 3250 576 3287 c.
589 3248 614 3303 4.
625 3264 662 3304 ·-
674 3235 704 3288 S.
724 3233 846 3286 Thomas
858 3231 906 3300 (ln
921 3233 1109 3287 Perihermen.
1125 3233 1230 3284 Aristo-

126 3320 201 3387 telis,
216 3319 263 3373 lib.
283 3320 305 3386 l,
324 3317 388 3373 leet.
407 3318 449 3386 14)
469 3334 529 3372 rem
548 3319 662 3387 egregie
680 3320 813 3388 exponit:
833 3319 940 3374 “Deus
959 3330 1001 3374 est
1021 3303 1136 3372 omnino
1155 3330 1232 3372 extra

126 3408 260 3462 or‘dinem
273 3407 418 3475 temporis,
431 3405 512 3474 quasi
526 3405 554 3458 in
568 3422 633 3460 arce
646 3405 813 3460 aeternitatis
833 3405 1012 3470 constitutus,
1028 3422 1092 3474 quae
1112 3415 1155 3459 est
1174 3415 1232 3458 tota

127 3493 223 3556 simul,
239 3490 284 3546 cui
298 3492 424 3560 subjacet
437 3501 512 3546 totus
526 3493 662 3562 temporis
673 3493 817 3560 decursus,
827 3493 983 3557 secundum
993 3510 1079 3545 unum
1090 3503 1117 3547 et
1128 3492 1231 3561 simpli-

127 3598 193 3636 cem
207 3578 345 3632 intuitum.
383 3579 421 3632 Et
435 3577 499 3632 ideo
512 3595 568 3632 uno
582 3577 683 3632 intuitu
697 3578 774 3633 videt
793 3578 896 3647 omnia,
914 3597 977 3648 quae
996 3590 1116 3647 aguntur
1135 3596 1232 3637 secun-

128 3670 199 3723 dum
212 3667 348 3735 temporis
361 3667 520 3735 decursum,
531 3675 559 3719 et
569 3665 789 3734 unumquodque
800 3666 954 3719 secundum
964 3665 1039 3735 quod
1050 3676 1092 3719 est
1102 3664 1129 3717 in
1141 3665 1233 3733 seipso

127 3755 264 3820 existenS,
277 3771 334 3807 non
352 3752 433 3823 quasi
453 3752 509 3817 sibi
525 3752 683 3807 futurum...
703 3753 755 3806 sed
775 3753 890 3805 omnino
910 3753 1080 3806 aeternaliter
1100 3751 1140 3805 sic
1153 3751 1234 3805 ¹videt

129 3840 352 3909 unumquodque
366 3856 464 3894 eorum
474 3833 541 3909 ⁴quae
555 3848 628 3905 sunt,
646 3838 717 3892 sicut
730 3838 828 3892 oculus
841 3839 981 3891 humanus
995 3839 1074 3893 videt
1089 3839 1234 3891 Socratem

129 3927 230 3983 sedere
243 3928 272 3979 in
286 3927 388 3995 seipso,
403 3943 460 3980 non
474 3927 502 3980 in
516 3926 603 3980 causet
616 3925 675 3978 sud.
714 3927 757 3978 Ex
770 3926 824 3978 hoc
844 3937 939 3978 autem
959 3925 1035 3994 quod
1054 3926 1139 3977 homo
1159 3924 1234 3979 videt

130 4017 278 4070 Socratem
293 4013 403 4078 sedere,
418 4012 595 4070 nontollitur
607 4013 668 4082 ejus
683 4013 884 4080 contingentia,
898 4031 961 4082 quae
975 4013 1089 4080 respicit
1108 4012 1234 4064 ordinem

130 4117 227 4154 causae
239 4087 465 4154 ad'effedtum...‘
496 4100 543 4153 Sic
557 4100 642 4168 igitur
655 4100 829 4168 relinquitur,
843 4101 919 4169 quod
935 4102 1013 4152 Deus
1034 4099 1189 4152 certissime
1207 4109 1236 4153 et

131 4186 317 4242 infallibiliter
330 4196 484 4255 cognoscat
497 4186 592 4252 onmia
605 4205 669 4258 quae
682 4187 751 4243 fiunt
763 4188 790 4242 in
800 4197 939 4261 tempore,
949 4197 1086 4243 ettamen
1096 4204 1132 4242 ea
1139 4185 1244 4257 quein

130 4287 256 4338 tempore
266 4271 402 4337 eveniunt,
415 4288 473 4325 non
487 4284 556 4328 sunt
569 4277 614 4330 vel
627 4276 701 4333 fiunt
715 4295 751 4334 ex
766 4281 956 4344 necessitate,
966 4280 1021 4336 sed
1035 4275 1261 4348 contingenter?
