2684 4620
123 173 188 223 336
578 173 716 225 CAPUT
734 173 785 222 111

123 356 205 417 alios
221 355 321 418 fuisse
337 355 507 419 homines:
535 357 624 438 quod
642 357 857 420 confirmatur
871 378 916 420 ex
933 377 973 419 eo
998 354 1090 438 quod
1115 355 1212 417 civita-

122 468 189 520 tem
203 460 303 539 paulo
313 469 389 542 post
399 458 638 522 aedificaverit1.
687 460 763 522 Hoc
773 470 884 523 autem
896 461 942 522 nil
953 463 1072 522 c'ontra
1081 470 1210 522 nostram

122 561 242 623 thesim
258 563 397 643 probat:
424 563 606 643 praevidere
622 564 711 625 enim
728 572 860 644 poterat
875 563 1029 625 homines
1046 563 1136 625 brevi
1146 563 1211 624 mul·

123 663 322 745 tiplicandos
338 683 417 740 esse,
434 674 466 727 et
482 665 645 746 quosdam
662 687 706 726 ex
723 665 862 746 propriis
876 663 1055 747 nepotibus
1070 668 1145 729 vitae
1157 687 1210 728 suae

123 768 333 830 insidiaturos
349 788 433 846 esse3
456 769 608 849 quamvis
625 770 713 831 enim
732 769 903 849 Scriptura
923 769 1082 832 distincte
1095 779 1208 832 tantun

123 870 277 950 loquatur
292 873 334 933 de
350 870 455 933 tribus
471 869 545 932 filiis
563 870 684 947 Adam,
703 871 809 934 multo
825 872 935 952 plures
947 871 1049 934 fuisse
1063 872 1209 952 colligitur

10 981 13 987 '
122 994 165 1035 ex
183 995 222 1035 eo
239 976 327 1054 quod
346 975 446 1036 modo
461 974 608 1055 generali
633 975 755 1038 dicitur
780 976 935 1055 genuisse
959 975 1045 1038 filios
1068 987 1101 1040 et
1124 975 1209 1051 filias,

123 1087 291 1158 praeterea,
301 1098 402 1158 quum
417 1076 480 1138 illis
493 1077 698 1159 temporibus
711 1077 862 1139 homines
873 1079 1059 1143 diutissime
1071 1081 1208 1153 viverent,

18 1215 21 1224 ·
123 1190 200 1242 ante
217 1191 357 1244 mortem
375 1181 468 1257 Cain,
481 1181 551 1262 jam
567 1202 674 1263 genus
690 1181 873 1244 humanum
892 1182 1013 1245 multas
1030 1183 1209 1245 numerabat

123 1283 272 1346 familias.
318 1284 466 1346 Aliunde
493 1285 618 1358 civitas,
644 1285 686 1347 de
713 1288 779 1364 qua
812 1284 930 1364 agitur,
957 1305 1023 1348 non
1052 1295 1123 1348 erat
1147 1285 1208 1347 urbs

124 1387 249 1466 ingens,
265 1388 322 1448 sed
339 1389 559 1466 quarumdam
576 1389 752 1452 domorum
770 1385 922 1450 collediio
938 1409 998 1469 pro
1015 1389 1140 1452 familia
1155 1391 1208 1464 sul,

123 1510 183 1572 pro
199 1489 273 1551 filiis
289 1489 414 1553 scilicet
429 1501 462 1553 et
479 1492 673 1573 nepotibus;
700 1512 767 1554 vox
793 1492 881 1552 enim
905 1490 1072 1554 haebraica
1096 1493 1134 1566 ir,
1149 1509 1208 1571 quae

124 1616 182 1676 per
205 1596 399 1657 “civitatem
412 1597 427 1621 ’³
448 1597 605 1673 redditur,
621 1596 709 1657 hunc
734 1616 868 1658 sensum
894 1592 1006 1670 habet,
1022 1604 1060 1656 ut
1086 1602 1209 1656 testatur

124 1697 193 1779 ipse
212 1697 374 1773 Gesonius,
390 1696 504 1761 audior
520 1700 756 1762 rationalista2.

124 1803 175 1885 (d)
191 1802 457 1866 Aliadifficultas
467 1805 651 1866 desumitur
662 1825 707 1866 ex
723 1805 799 1868 Gen.
810 1803 872 1878 Vl,
890 1821 928 1866 2:
955 1807 970 1833 “
983 1801 1147 1864 Videntes
1152 1796 1211 1881 filii

124 1907 190 1969 Dei
202 1906 307 1988 filios·
322 1906 498 1982 hominum,
522 1892 611 1987 quod
637 1916 747 1970 essent
768 1905 924 1988 pulchrae,
947 1912 1147 1985 acceperunt
1161 1900 1210 1962 sibi

124 2031 245 2072 uxores
271 2032 315 2072 ex
342 2010 497 2073 omnibus
524 2031 606 2092 quas
633 2010 847 2093 elegerant'';
889 2028 996 2091 porro,
1023 2006 1142 2081 aiebat,
1170 2003 1211 2064 hic

124 2115 235 2194 agitur
248 2113 289 2175 de
305 2113 435 2175 duabus
451 2113 623 2196 speciebus
638 2113 812 2175 hominum
830 2113 928 2193 plane
943 2109 1088 2173 diversis.
1134 2108 1212 2186 Nego

123 2217 288 2291 minorem,
314 2236 402 2291 nam,
422 2216 523 2296 juxta
549 2236 761 2278 communem
787 2212 983 2287 doctrinam,
998 2211 1074 2293 filo·
1094 2211 1160 2272 Dei
1180 2208 1212 2269 de

123 2320 243 2400 quibus
258 2320 367 2401 agitur
377 2328 454 2381 sunt
465 2317 522 2381 filii
534 2319 625 2395 Seth,
635 2320 690 2400 qui
703 2320 777 2381 Deo
788 2318 928 2380 fideliter
937 2314 1134 2385 serviebant,
1143 2314 1212 2374 dum

117 2423 201 2504 filice
212 2423 379 2485 hominum
395 2431 472 2484 sunt
488 2421 563 2484 filiae
579 2443 654 2502 quae
666 2443 710 2484 ex
722 2422 803 2485 Cain
815 2419 940 2483 familia
949 2416 1212 2480 descendebantl.

175 2572 239 2640 129.
286 2560 346 2640 (B)
361 2558 501 2620 Ratione
511 2559 729 2640 confirmatur.
776 2557 864 2619 Nam
877 2562 1085 2637 argumenta,
1094 2573 1168 2633 quae
1180 2550 1213 2613 ab

124 2662 319 2724 adversariis
335 2658 546 2741 proferuntur
561 2660 602 2721 ad
630 2670 777 2722 nostram
804 2658 924 2721 thesim
950 2654 1214 2740 impugnandam.

124 2785 190 2826 non
207 2764 355 2826 valent4:

159 2959 248 3016 ¹Gen.
265 2962 314 3024 IV,
334 2976 374 3023 12,
394 2973 432 3025 17.

159 3058 168 3079 ²
184 3051 265 3101 “Est
279 3047 354 3101 enim
367 3046 478 3117 proprie
497 3047 610 3116 vigilio,
624 3045 762 3112 custodia,
775 3040 860 3098 locus'
873 3043 1068 3098 excubitorum
1087 3053 1115 3097 et
1134 3053 1214 3096 custo·

124 3139 199 3202 dum,
221 3135 268 3204 qui
290 3151 369 3187 muro
391 3134 500 3187 vallove
522 3132 631 3187 cindius
652 3133 697 3187 vel
718 3131 800 3186 turris
822 3132 849 3184 in
870 3131 986 3203 modum
1007 3128 1150 3184 extruitus
1163 3136 1214 3182 erat

125 3225 203 3291 (Gen.
221 3222 340 3286 XXXV,
357 3237 399 3284 12;
419 3219 763 3289 HParap.XXVl,1o),
785 3229 816 3273 ut
833 3235 951 3288 gregum
970 3217 1105 3272 custodes
1123 3234 1141 3270 a
1159 3214 1214 3269 feris

124 3312 175 3366 tuti
189 3319 301 3363 essent:
321 3308 386 3362 dein
400 3307 477 3360 locus
490 3324 571 3360 muro
584 3308 698 3360 oollooe
710 3311 812 3376 septus,
826 3323 881 3376 quo
902 3304 1049 3359 Nomades
1068 3318 1215 3375 gregesque

125 3419 141 3453 a
154 3400 275 3453 ferarum
289 3396 468 3464 hostiumque
481 3394 687 3447 incursionibus
701 3411 731 3448 se
744 3393 939 3456 defenderent,
954 3409 1044 3462 pagus
1060 3392 1214 3445 Nomadum

125 3484 260 3548 munitus;
279 3483 400 3551 denique
414 3483 547 3550 oppidum
567 3481 651 3550 idque
671 3498 746 3550 saepe
765 3480 882 3534 minoris
901 3479 1017 3546 moduli,
1030 3489 1060 3533 ut
1074 3480 1117 3532 vel
1137 3492 1215 3532 exeo

125 3573 240 3639 colligas
254 3570 329 3638 quod
344 3568 371 3621 in
385 3569 459 3622 terrie
475 3569 608 3622 Capanea
622 3584 651 3637 3¹
668 3569 752 3622 urbes
766 3567 858 3636 regiae,
872 3567 901 3619 in
915 3566 971 3619 und
984 3565 1058 3619 tribu
1077 3564 1159 3633 Judae
1174 3576 1214 3624 124

124 3663 199 3715 arim
212 3657 416 3710 recensentur’'.
457 3656 596 3721 Genesius,
611 3656 772 3709 Thesaurus
785 3654 890 3722 linguae
903 3653 981 3706 hebr.
998 3669 1023 3720 p.
1041 3664 1117 3719 1005.

159 3752 169 3781 ³
192 3744 264 3797 Aliae
288 3742 418 3812 quaedam
443 3742 643 3812 explicationes
663 3742 779 3805 dantur;
796 3739 925 3797 ,nonnulli
943 3739 1038 3793 Patres
1057 3745 1215 3807 putaverant

125 3834 196 3886 filios
212 3829 266 3884 Dei
280 3846 343 3883 esse
356 3830 489 3897 Angelos,
506 3829 562 3898 qui,
575 3829 738 3898 corporibus
752 3827 914 3895 assumptis,
927 3842 991 3881 cum
1004 3825 1116 3879 filiabus
1136 3823 1215 3877 homi·

125 3937 193 3974 num
206 3919 318 3972 carnale
330 3917 529 3973 commercium
542 3917 698 3972 habuerant
711 3915 756 3985 (cf.
771 3917 869 3970 Petoo.
884 3914 919 3968 de
930 3913 1054 3982 Angelis,
1063 3913 1080 3967 1.
1094 3914 1151 3975 111,
1164 3929 1185 3964 c.
1194 3927 1215 3982 2;

125 4011 304 4072 Lemonum,
328 4004 459 4072 Origines
480 4005 515 4058 de
536 4002 641 4067 l'Hist.,
667 4020 689 4056 c.
712 4001 755 4068 7);
775 4002 835 4064 sed,
851 4000 987 4071 quidquid
1001 4000 1046 4067 sit,
1060 3998 1215 4054 nullomodo

125 4102 236 4149 constat
249 4093 294 4145 hic
307 4092 353 4160 agi
367 4093 403 4146 de
416 4092 525 4146 duabus
539 4092 685 4145 hominum
698 4089 853 4159 speciebus.

160 4181 223 4236 ⁴Cs.
238 4180 388 4244 Priclzard,
405 4180 579 4235 Researches
593 4178 652 4232 into
671 4178 719 4232 the
739 4176 865 4246 physical
887 4176 1003 4244 History
1022 4174 1054 4228 of
1072 4172 1215 4233 Maukind;

113 4271 149 4326 ao
154 4267 357 4342 Qualresoges,
369 4266 457 4326 Unite
468 4266 505 4324 de
513 4263 800 4337 l’uspeeeuumuue,
814 4260 948 4329 Uespece
957 4258 1101 4329 humaine,
1114 4257 1216 4329 anglice
