<?xml version="1.0" encoding="UTF-8"?>
<!DOCTYPE html PUBLIC "-//W3C//DTD XHTML 1.0 Transitional//EN"
    "http://www.w3.org/TR/xhtml1/DTD/xhtml1-transitional.dtd">
<html xmlns="http://www.w3.org/1999/xhtml" xml:lang="en" lang="en">
 <head>
  <title>
</title>
<meta http-equiv="Content-Type" content="text/html;charset=utf-8" />
  <meta name='ocr-system' content='tesseract 3.04.00' />
  <meta name='ocr-capabilities' content='ocr_page ocr_carea ocr_par ocr_line ocrx_word'/>
</head>
<body>
  <div class='ocr_page' id='page_1' title='image "./synopsistheolog00tanqgoog_0135.png"; bbox 0 0 2684 4634; ppageno 0'>
   <div class='ocr_carea' id='block_1_1' title="bbox 208 163 852 216">
    <p class='ocr_par' dir='ltr' id='par_1_1' title="bbox 208 163 852 216">
     <span class='ocr_line' id='line_1_1' title="bbox 208 163 852 216; baseline -0.002 -3"><span class='ocrx_word' id='word_1_1' title='bbox 208 165 264 216; x_wconf 73' lang='lat'>114</span> <span class='ocrx_word' id='word_1_2' title='bbox 511 175 513 179; x_wconf 81' lang='grc'>’</span> <span class='ocrx_word' id='word_1_3' title='bbox 654 163 792 215; x_wconf 78' lang='lat' dir='ltr'>CAPUT</span> <span class='ocrx_word' id='word_1_4' title='bbox 810 163 852 213; x_wconf 89' lang='lat'>11.</span> 
     </span>
    </p>
   </div>
   <div class='ocr_carea' id='block_1_2' title="bbox 182 345 1305 1773">
    <p class='ocr_par' dir='ltr' id='par_1_2' title="bbox 200 345 1305 945">
     <span class='ocr_line' id='line_1_2' title="bbox 207 345 1305 429; baseline 0.005 -23"><span class='ocrx_word' id='word_1_5' title='bbox 207 346 239 407; x_wconf 93' lang='lat' dir='ltr'>in</span> <span class='ocrx_word' id='word_1_6' title='bbox 264 345 416 407; x_wconf 90' lang='lat' dir='ltr'>omnibus</span> <span class='ocrx_word' id='word_1_7' title='bbox 440 345 572 407; x_wconf 86' lang='lat' dir='ltr'>entibus</span> <span class='ocrx_word' id='word_1_8' title='bbox 596 347 674 426; x_wconf 84' lang='lat' dir='ltr'>agit,</span> <span class='ocrx_word' id='word_1_9' title='bbox 698 348 754 409; x_wconf 92' lang='lat' dir='ltr'>sed</span> <span class='ocrx_word' id='word_1_10' title='bbox 780 347 907 409; x_wconf 89' lang='lat' dir='ltr'>ratione</span> <span class='ocrx_word' id='word_1_11' title='bbox 929 346 1126 425; x_wconf 73' lang='lat' dir='ltr'>selbstantz&#39;ae,</span> <span class='ocrx_word' id='word_1_12' title='bbox 1142 356 1305 429; x_wconf 88' lang='lat' dir='ltr'>quatenus</span> 
     </span>
     <span class='ocr_line' id='line_1_3' title="bbox 207 448 1304 531; baseline 0.005 -21"><span class='ocrx_word' id='word_1_13' title='bbox 207 449 360 511; x_wconf 92' lang='lat' dir='ltr'>omnibus</span> <span class='ocrx_word' id='word_1_14' title='bbox 377 448 473 511; x_wconf 91' lang='lat' dir='ltr'>rebus</span> <span class='ocrx_word' id='word_1_15' title='bbox 490 449 750 513; x_wconf 80' lang='lat' dir='ltr'>substantialiter</span> <span class='ocrx_word' id='word_1_16' title='bbox 773 471 918 531; x_wconf 86' lang='lat' dir='ltr'>praesens</span> <span class='ocrx_word' id='word_1_17' title='bbox 943 460 993 514; x_wconf 92' lang='lat' dir='ltr'>est</span> <span class='ocrx_word' id='word_1_18' title='bbox 1016 471 1083 512; x_wconf 92' lang='lat' dir='ltr'>non</span> <span class='ocrx_word' id='word_1_19' title='bbox 1107 452 1304 515; x_wconf 82' lang='lat' dir='ltr'>circumscri-</span> 
     </span>
     <span class='ocr_line' id='line_1_4' title="bbox 200 551 1304 637; baseline 0.005 -25"><span class='ocrx_word' id='word_1_20' title='bbox 200 551 299 631; x_wconf 80' lang='lat' dir='ltr'>ptive,</span> <span class='ocrx_word' id='word_1_21' title='bbox 317 551 417 613; x_wconf 93' lang='lat' dir='ltr'>modo</span> <span class='ocrx_word' id='word_1_22' title='bbox 433 571 607 632; x_wconf 91' lang='lat' dir='ltr'>corporum</span> <span class='ocrx_word' id='word_1_23' title='bbox 624 573 764 633; x_wconf 91' lang='lat' dir='ltr'>quorum</span> <span class='ocrx_word' id='word_1_24' title='bbox 781 554 880 615; x_wconf 85' lang='lat' dir='ltr'>variae</span> <span class='ocrx_word' id='word_1_25' title='bbox 898 563 1008 634; x_wconf 90' lang='lat' dir='ltr'>partes</span> <span class='ocrx_word' id='word_1_26' title='bbox 1024 555 1121 616; x_wconf 92' lang='lat' dir='ltr'>variis</span> <span class='ocrx_word' id='word_1_27' title='bbox 1145 554 1209 617; x_wconf 93' lang='lat' dir='ltr'>loci</span> <span class='ocrx_word' id='word_1_28' title='bbox 1234 577 1304 637; x_wconf 88' lang='lat' dir='ltr'>par-</span> 
     </span>
     <span class='ocr_line' id='line_1_5' title="bbox 208 654 1303 740; baseline 0.005 -25"><span class='ocrx_word' id='word_1_29' title='bbox 208 654 295 716; x_wconf 90' lang='lat' dir='ltr'>tibus</span> <span class='ocrx_word' id='word_1_30' title='bbox 312 654 521 735; x_wconf 90' lang='lat' dir='ltr'>respondent,</span> <span class='ocrx_word' id='word_1_31' title='bbox 538 675 644 740; x_wconf 92' lang='lat' dir='ltr'>neque</span> <span class='ocrx_word' id='word_1_32' title='bbox 660 656 832 736; x_wconf 79' lang='lat' dir='ltr'>definitive,</span> <span class='ocrx_word' id='word_1_33' title='bbox 844 657 928 718; x_wconf 92' lang='lat' dir='ltr'>sicut</span> <span class='ocrx_word' id='word_1_34' title='bbox 943 656 1074 738; x_wconf 82' lang='lat' dir='ltr'>Angeli,</span> <span class='ocrx_word' id='word_1_35' title='bbox 1085 658 1140 738; x_wconf 92' lang='lat' dir='ltr'>qui</span> <span class='ocrx_word' id='word_1_36' title='bbox 1155 657 1232 720; x_wconf 88' lang='lat' dir='ltr'>licet</span> <span class='ocrx_word' id='word_1_37' title='bbox 1245 661 1303 721; x_wconf 92' lang='lat' dir='ltr'>toti</span> 
     </span>
     <span class='ocr_line' id='line_1_6' title="bbox 208 757 1303 838; baseline 0.006 -20"><span class='ocrx_word' id='word_1_38' title='bbox 208 759 240 819; x_wconf 92' lang='lat' dir='ltr'>in</span> <span class='ocrx_word' id='word_1_39' title='bbox 257 758 403 838; x_wconf 71' lang='lat' dir='ltr'>qualibet</span> <span class='ocrx_word' id='word_1_40' title='bbox 427 765 520 838; x_wconf 93' lang='lat' dir='ltr'>parte</span> <span class='ocrx_word' id='word_1_41' title='bbox 544 757 606 820; x_wconf 84' lang='lat' dir='ltr'>loci</span> <span class='ocrx_word' id='word_1_42' title='bbox 630 759 705 835; x_wconf 84' lang='lat' dir='ltr'>sint,</span> <span class='ocrx_word' id='word_1_43' title='bbox 722 760 753 820; x_wconf 93' lang='lat' dir='ltr'>in</span> <span class='ocrx_word' id='word_1_44' title='bbox 779 759 851 821; x_wconf 89' lang='lat' dir='ltr'>loco</span> <span class='ocrx_word' id='word_1_45' title='bbox 874 768 986 822; x_wconf 87' lang='lat' dir='ltr'>tamen</span> <span class='ocrx_word' id='word_1_46' title='bbox 1010 762 1232 837; x_wconf 87' lang='lat' dir='ltr'>continentur,</span> <span class='ocrx_word' id='word_1_47' title='bbox 1248 764 1303 825; x_wconf 90' lang='lat' dir='ltr'>sed</span> 
     </span>
     <span class='ocr_line' id='line_1_7' title="bbox 208 860 1303 945; baseline 0.004 -23"><span class='ocrx_word' id='word_1_48' title='bbox 208 861 309 922; x_wconf 92' lang='lat' dir='ltr'>modo</span> <span class='ocrx_word' id='word_1_49' title='bbox 325 862 470 941; x_wconf 91' lang='lat' dir='ltr'>quodam</span> <span class='ocrx_word' id='word_1_50' title='bbox 488 860 655 937; x_wconf 80' lang='lat' dir='ltr'>meffabili,</span> <span class='ocrx_word' id='word_1_51' title='bbox 673 872 836 943; x_wconf 90' lang='lat' dir='ltr'>quatenus</span> <span class='ocrx_word' id='word_1_52' title='bbox 861 872 946 925; x_wconf 84' lang='lat' dir='ltr'>totus</span> <span class='ocrx_word' id='word_1_53' title='bbox 968 873 1001 926; x_wconf 89' lang='lat' dir='ltr'>et</span> <span class='ocrx_word' id='word_1_54' title='bbox 1025 865 1147 945; x_wconf 79' lang='lat' dir='ltr'>ubique,</span> <span class='ocrx_word' id='word_1_55' title='bbox 1165 874 1250 927; x_wconf 81' lang='lat' dir='ltr'>tutus</span> <span class='ocrx_word' id='word_1_56' title='bbox 1271 866 1303 926; x_wconf 82' lang='lat' dir='ltr'>in</span> 
     </span>
    </p>

    <p class='ocr_par' dir='ltr' id='par_1_3' title="bbox 182 944 1304 1773">
     <span class='ocr_line' id='line_1_8' title="bbox 182 944 1301 1046; baseline 0.004 -21"><span class='ocrx_word' id='word_1_57' title='bbox 182 944 186 1005; x_wconf 60' lang='lat' dir='ltr'>l</span> <span class='ocrx_word' id='word_1_58' title='bbox 207 966 296 1026; x_wconf 81' lang='lat' dir='ltr'>omm‘</span> <span class='ocrx_word' id='word_1_59' title='bbox 309 965 379 1040; x_wconf 77' lang='lat' dir='ltr'>loce,</span> <span class='ocrx_word' id='word_1_60' title='bbox 395 974 428 1027; x_wconf 92' lang='lat' dir='ltr'>et</span> <span class='ocrx_word' id='word_1_61' title='bbox 444 975 527 1026; x_wconf 82' lang='lat' dir='ltr'>totus</span> <span class='ocrx_word' id='word_1_62' title='bbox 542 966 612 1027; x_wconf 82' lang='lat' dir='ltr'>sine</span> <span class='ocrx_word' id='word_1_63' title='bbox 626 965 698 1042; x_wconf 77' lang='lat' dir='ltr'>loce,</span> <span class='ocrx_word' id='word_1_64' title='bbox 715 987 817 1046; x_wconf 94' lang='lat' dir='ltr'>quum</span> <span class='ocrx_word' id='word_1_65' title='bbox 835 967 867 1028; x_wconf 94' lang='lat' dir='ltr'>in</span> <span class='ocrx_word' id='word_1_66' title='bbox 886 967 959 1028; x_wconf 92' lang='lat' dir='ltr'>loco</span> <span class='ocrx_word' id='word_1_67' title='bbox 975 988 1041 1029; x_wconf 92' lang='lat' dir='ltr'>non</span> <span class='ocrx_word' id='word_1_68' title='bbox 1065 968 1301 1032; x_wconf 88' lang='lat' dir='ltr'>contineatur1.</span> 
     </span>
     <span class='ocr_line' id='line_1_9' title="bbox 209 1068 1302 1155; baseline 0.005 -27"><span class='ocrx_word' id='word_1_69' title='bbox 209 1068 306 1129; x_wconf 91' lang='lat' dir='ltr'>Hanc</span> <span class='ocrx_word' id='word_1_70' title='bbox 325 1069 387 1129; x_wconf 91' lang='lat' dir='ltr'>Dei</span> <span class='ocrx_word' id='word_1_71' title='bbox 412 1069 669 1131; x_wconf 84' lang='lat' dir='ltr'>immensitatem</span> <span class='ocrx_word' id='word_1_72' title='bbox 694 1070 931 1151; x_wconf 70' lang='lat' dir='ltr'>impugnarunt</span> <span class='ocrx_word' id='word_1_73' title='bbox 954 1091 1021 1132; x_wconf 93' lang='lat' dir='ltr'>non</span> <span class='ocrx_word' id='word_1_74' title='bbox 1045 1071 1153 1133; x_wconf 93' lang='lat' dir='ltr'>solum</span> <span class='ocrx_word' id='word_1_75' title='bbox 1178 1073 1302 1155; x_wconf 92' lang='lat' dir='ltr'>antiqui</span> 
     </span>
     <span class='ocr_line' id='line_1_10' title="bbox 206 1171 1302 1254; baseline 0.005 -22"><span class='ocrx_word' id='word_1_76' title='bbox 206 1171 395 1254; x_wconf 87' lang='lat' dir='ltr'>philosophi</span> <span class='ocrx_word' id='word_1_77' title='bbox 412 1177 468 1252; x_wconf 91' lang='lat' dir='ltr'>qui</span> <span class='ocrx_word' id='word_1_78' title='bbox 487 1173 597 1234; x_wconf 91' lang='lat' dir='ltr'>Deum</span> <span class='ocrx_word' id='word_1_79' title='bbox 620 1174 652 1234; x_wconf 94' lang='lat' dir='ltr'>in</span> <span class='ocrx_word' id='word_1_80' title='bbox 669 1174 779 1253; x_wconf 77' lang='lat' dir='ltr'>prirno</span> <span class='ocrx_word' id='word_1_81' title='bbox 794 1175 865 1236; x_wconf 77' lang='lat' dir='ltr'>coelo</span> <span class='ocrx_word' id='word_1_82' title='bbox 888 1174 1104 1249; x_wconf 87' lang='lat' dir='ltr'>collocabant,</span> <span class='ocrx_word' id='word_1_83' title='bbox 1120 1175 1179 1236; x_wconf 91' lang='lat' dir='ltr'>sed</span> <span class='ocrx_word' id='word_1_84' title='bbox 1203 1177 1302 1238; x_wconf 89' lang='lat' dir='ltr'>etiam</span> 
     </span>
     <span class='ocr_line' id='line_1_11' title="bbox 207 1274 1301 1360; baseline 0.005 -25"><span class='ocrx_word' id='word_1_85' title='bbox 207 1275 341 1355; x_wconf 90' lang='lat' dir='ltr'>quidam</span> <span class='ocrx_word' id='word_1_86' title='bbox 369 1274 563 1351; x_wconf 78' lang='lat' dir='ltr'>Cnlvz&#39;nistae,</span> <span class='ocrx_word' id='word_1_87' title='bbox 588 1286 624 1339; x_wconf 94' lang='lat' dir='ltr'>ut</span> <span class='ocrx_word' id='word_1_88' title='bbox 656 1277 802 1340; x_wconf 78' lang='lat' dir='ltr'>Vorstius</span> <span class='ocrx_word' id='word_1_89' title='bbox 829 1286 862 1339; x_wconf 92' lang='lat' dir='ltr'>et</span> <span class='ocrx_word' id='word_1_90' title='bbox 890 1277 1066 1351; x_wconf 80' lang='lat' dir='ltr'>Socinz&#39;ani,</span> <span class='ocrx_word' id='word_1_91' title='bbox 1087 1277 1188 1357; x_wconf 89' lang='lat' dir='ltr'>juxta</span> <span class='ocrx_word' id='word_1_92' title='bbox 1215 1281 1301 1360; x_wconf 90' lang='lat' dir='ltr'>quod</span> 
     </span>
     <span class='ocr_line' id='line_1_12' title="bbox 210 1380 1302 1460; baseline 0.003 -19"><span class='ocrx_word' id='word_1_93' title='bbox 210 1380 299 1447; x_wconf 90' lang='lat' dir='ltr'>Deus</span> <span class='ocrx_word' id='word_1_94' title='bbox 316 1400 373 1460; x_wconf 90' lang='lat' dir='ltr'>per</span> <span class='ocrx_word' id='word_1_95' title='bbox 389 1401 482 1442; x_wconf 87' lang='lat' dir='ltr'>suam</span> <span class='ocrx_word' id='word_1_96' title='bbox 500 1380 719 1443; x_wconf 86' lang='lat' dir='ltr'>substantiam</span> <span class='ocrx_word' id='word_1_97' title='bbox 736 1401 867 1443; x_wconf 93' lang='lat' dir='ltr'>summo</span> <span class='ocrx_word' id='word_1_98' title='bbox 883 1382 968 1444; x_wconf 80' lang='lat' dir='ltr'>coelo</span> <span class='ocrx_word' id='word_1_99' title='bbox 985 1382 1113 1457; x_wconf 88' lang='lat' dir='ltr'>insidet,</span> <span class='ocrx_word' id='word_1_100' title='bbox 1126 1390 1160 1444; x_wconf 89' lang='lat' dir='ltr'>et</span> <span class='ocrx_word' id='word_1_101' title='bbox 1173 1383 1302 1445; x_wconf 91' lang='lat' dir='ltr'>nonnisi</span> 
     </span>
     <span class='ocr_line' id='line_1_13' title="bbox 199 1483 1304 1565; baseline 0.002 -19"><span class='ocrx_word' id='word_1_102' title='bbox 199 1483 344 1564; x_wconf 61' lang='lat' dir='ltr'>polemici</span> <span class='ocrx_word' id='word_1_103' title='bbox 362 1486 455 1548; x_wconf 91' lang='lat' dir='ltr'>terris</span> <span class='ocrx_word' id='word_1_104' title='bbox 480 1506 624 1565; x_wconf 85' lang='lat' dir='ltr'>praesens</span> <span class='ocrx_word' id='word_1_105' title='bbox 648 1494 715 1564; x_wconf 91' lang='lat' dir='ltr'>est;</span> <span class='ocrx_word' id='word_1_106' title='bbox 738 1494 771 1546; x_wconf 90' lang='lat' dir='ltr'>et</span> <span class='ocrx_word' id='word_1_107' title='bbox 796 1485 943 1547; x_wconf 94' lang='lat' dir='ltr'>nonnulli</span> <span class='ocrx_word' id='word_1_108' title='bbox 967 1485 1203 1561; x_wconf 78' lang='lat' dir='ltr'>Rationalz&#39;stoe,</span> <span class='ocrx_word' id='word_1_109' title='bbox 1222 1487 1304 1549; x_wconf 91' lang='lat' dir='ltr'>inter</span> 
     </span>
     <span class='ocr_line' id='line_1_14' title="bbox 207 1588 1303 1671; baseline 0.001 -21"><span class='ocrx_word' id='word_1_110' title='bbox 207 1609 289 1670; x_wconf 90' lang='lat' dir='ltr'>quos</span> <span class='ocrx_word' id='word_1_111' title='bbox 313 1589 481 1664; x_wconf 65' lang='lat' dir='ltr'>Isauram,</span> <span class='ocrx_word' id='word_1_112' title='bbox 498 1589 663 1663; x_wconf 56' lang='lat' dir='ltr'>Rernnsnt</span> <span class='ocrx_word' id='word_1_113' title='bbox 691 1588 859 1664; x_wconf 66' lang='lat' dir='ltr'>Crombiffl,</span> <span class='ocrx_word' id='word_1_114' title='bbox 883 1590 939 1671; x_wconf 92' lang='lat' dir='ltr'>qui</span> <span class='ocrx_word' id='word_1_115' title='bbox 963 1589 1078 1651; x_wconf 89' lang='lat' dir='ltr'>dicunt</span> <span class='ocrx_word' id='word_1_116' title='bbox 1102 1589 1213 1652; x_wconf 92' lang='lat' dir='ltr'>Deum</span> <span class='ocrx_word' id='word_1_117' title='bbox 1239 1611 1303 1651; x_wconf 92' lang='lat' dir='ltr'>non</span> 
     </span>
     <span class='ocr_line' id='line_1_15' title="bbox 207 1691 846 1773; baseline 0 -19"><span class='ocrx_word' id='word_1_118' title='bbox 207 1713 277 1754; x_wconf 91' lang='lat' dir='ltr'>esse</span> <span class='ocrx_word' id='word_1_119' title='bbox 294 1693 416 1773; x_wconf 92' lang='lat' dir='ltr'>ubique</span> <span class='ocrx_word' id='word_1_120' title='bbox 432 1714 490 1773; x_wconf 89' lang='lat' dir='ltr'>per</span> <span class='ocrx_word' id='word_1_121' title='bbox 506 1714 599 1754; x_wconf 92' lang='lat' dir='ltr'>suam</span> <span class='ocrx_word' id='word_1_122' title='bbox 617 1691 846 1754; x_wconf 91' lang='lat' dir='ltr'>substantiam.</span> 
     </span>
    </p>
   </div>
   <div class='ocr_carea' id='block_1_3' title="bbox 206 1857 1303 2149">
    <p class='ocr_par' dir='ltr' id='par_1_4' title="bbox 206 1857 1303 2149">
     <span class='ocr_line' id='line_1_16' title="bbox 245 1857 1303 1940; baseline -0.002 -17"><span class='ocrx_word' id='word_1_123' title='bbox 245 1861 293 1940; x_wconf 87' lang='lat'>38.</span> <span class='ocrx_word' id='word_1_124' title='bbox 340 1870 367 1918; x_wconf 88' lang='lat'>2⁰</span> <span class='ocrx_word' id='word_1_125' title='bbox 385 1861 482 1918; x_wconf 76' lang='lat' dir='ltr'>leesz‘s</span> <span class='ocrx_word' id='word_1_126' title='bbox 492 1887 502 1920; x_wconf 90' lang='lat'>.·</span> <span class='ocrx_word' id='word_1_127' title='bbox 526 1860 624 1923; x_wconf 90' lang='lat' dir='ltr'>Deus</span> <span class='ocrx_word' id='word_1_128' title='bbox 640 1863 697 1923; x_wconf 90' lang='lat' dir='ltr'>est</span> <span class='ocrx_word' id='word_1_129' title='bbox 712 1875 794 1921; x_wconf 88' lang='lat' dir='ltr'>vere</span> <span class='ocrx_word' id='word_1_130' title='bbox 809 1857 1016 1936; x_wconf 90' lang='lat' dir='ltr'>immensus,</span> <span class='ocrx_word' id='word_1_131' title='bbox 1035 1857 1215 1937; x_wconf 84' lang='lat' dir='ltr'>rebusque</span> <span class='ocrx_word' id='word_1_132' title='bbox 1231 1877 1303 1922; x_wconf 92' lang='lat' dir='ltr'>om·</span> 
     </span>
     <span class='ocr_line' id='line_1_17' title="bbox 206 1955 1302 2035; baseline 0.003 -17"><span class='ocrx_word' id='word_1_133' title='bbox 206 1957 311 2021; x_wconf 89' lang='lat' dir='ltr'>nibus</span> <span class='ocrx_word' id='word_1_134' title='bbox 323 1974 481 2035; x_wconf 81' lang='lat' dir='ltr'>praesens</span> <span class='ocrx_word' id='word_1_135' title='bbox 492 1961 548 2020; x_wconf 90' lang='lat' dir='ltr'>est</span> <span class='ocrx_word' id='word_1_136' title='bbox 558 1972 621 2033; x_wconf 86' lang='lat' dir='ltr'>per</span> <span class='ocrx_word' id='word_1_137' title='bbox 631 1955 827 2034; x_wconf 88' lang='lat' dir='ltr'>scientiam,</span> <span class='ocrx_word' id='word_1_138' title='bbox 842 1956 1039 2034; x_wconf 86' lang='lat' dir='ltr'>potentiam</span> <span class='ocrx_word' id='word_1_139' title='bbox 1050 1961 1086 2020; x_wconf 90' lang='lat' dir='ltr'>et</span> <span class='ocrx_word' id='word_1_140' title='bbox 1096 1956 1302 2021; x_wconf 83' lang='lat' dir='ltr'>essentiam.</span> 
     </span>
     <span class='ocr_line' id='line_1_18' title="bbox 206 2054 1302 2149; baseline 0.003 -33"><span class='ocrx_word' id='word_1_141' title='bbox 206 2055 335 2135; x_wconf 79' lang='lat' dir='ltr'>Defide</span> <span class='ocrx_word' id='word_1_142' title='bbox 351 2063 400 2116; x_wconf 89' lang='lat' dir='ltr'>est</span> <span class='ocrx_word' id='word_1_143' title='bbox 416 2075 460 2116; x_wconf 89' lang='lat' dir='ltr'>ex</span> <span class='ocrx_word' id='word_1_144' title='bbox 487 2054 638 2117; x_wconf 78' lang='lat' dir='ltr'>Vaticano</span> <span class='ocrx_word' id='word_1_145' title='bbox 656 2056 765 2116; x_wconf 92' lang='lat' dir='ltr'>Deum</span> <span class='ocrx_word' id='word_1_146' title='bbox 783 2076 854 2117; x_wconf 91' lang='lat' dir='ltr'>esse</span> <span class='ocrx_word' id='word_1_147' title='bbox 871 2057 1086 2149; x_wconf 87' lang='lat' dir='ltr'>immensum;</span> <span class='ocrx_word' id='word_1_148' title='bbox 1110 2058 1231 2118; x_wconf 91' lang='lat' dir='ltr'>modus</span> <span class='ocrx_word' id='word_1_149' title='bbox 1248 2079 1302 2119; x_wconf 90' lang='lat' dir='ltr'>au-</span> 
     </span>
    </p>
   </div>
   <div class='ocr_carea' id='block_1_4' title="bbox 199 2149 1304 3882">
    <p class='ocr_par' dir='ltr' id='par_1_5' title="bbox 207 2149 1303 2324">
     <span class='ocr_line' id='line_1_19' title="bbox 207 2149 1303 2240; baseline 0.004 -21"><span class='ocrx_word' id='word_1_150' title='bbox 207 2167 273 2219; x_wconf 93' lang='lat' dir='ltr'>tem</span> <span class='ocrx_word' id='word_1_151' title='bbox 298 2178 364 2238; x_wconf 90' lang='lat' dir='ltr'>quo</span> <span class='ocrx_word' id='word_1_152' title='bbox 388 2176 533 2237; x_wconf 89' lang='lat' dir='ltr'>praesens</span> <span class='ocrx_word' id='word_1_153' title='bbox 557 2166 615 2231; x_wconf 88' lang='lat' dir='ltr'>est,</span> <span class='ocrx_word' id='word_1_154' title='bbox 632 2167 723 2220; x_wconf 90' lang='lat' dir='ltr'>certo</span> <span class='ocrx_word' id='word_1_155' title='bbox 740 2159 910 2240; x_wconf 75' lang='lat' dir='ltr'>Scriptura</span> <span class='ocrx_word' id='word_1_156' title='bbox 934 2149 972 2221; x_wconf 85' lang='lat' dir='ltr'>ac</span> <span class='ocrx_word' id='word_1_157' title='bbox 997 2160 1124 2222; x_wconf 90' lang='lat' dir='ltr'>ratione</span> <span class='ocrx_word' id='word_1_158' title='bbox 1146 2160 1303 2223; x_wconf 90' lang='lat' dir='ltr'>determi-</span> 
     </span>
     <span class='ocr_line' id='line_1_20' title="bbox 207 2271 334 2324; baseline -0.008 -2"><span class='ocrx_word' id='word_1_159' title='bbox 207 2271 334 2324; x_wconf 47' lang='lat' dir='ltr'>natur..</span> 
     </span>
    </p>

    <p class='ocr_par' dir='ltr' id='par_1_6' title="bbox 199 2361 1304 3882">
     <span class='ocr_line' id='line_1_21' title="bbox 250 2361 1304 2449; baseline 0.006 -24"><span class='ocrx_word' id='word_1_160' title='bbox 250 2361 310 2449; x_wconf 82' lang='lat' dir='ltr'>(A)</span> <span class='ocrx_word' id='word_1_161' title='bbox 339 2364 452 2445; x_wconf 78' lang='lat' dir='ltr'>Script.</span> <span class='ocrx_word' id='word_1_162' title='bbox 499 2364 548 2445; x_wconf 81' lang='lat' dir='ltr'>(a)</span> <span class='ocrx_word' id='word_1_163' title='bbox 573 2366 665 2428; x_wconf 91' lang='lat' dir='ltr'>Deus</span> <span class='ocrx_word' id='word_1_164' title='bbox 688 2367 840 2430; x_wconf 94' lang='lat' dir='ltr'>omnibus</span> <span class='ocrx_word' id='word_1_165' title='bbox 865 2387 1009 2448; x_wconf 82' lang='lat' dir='ltr'>praesens</span> <span class='ocrx_word' id='word_1_166' title='bbox 1033 2375 1083 2428; x_wconf 92' lang='lat' dir='ltr'>est</span> <span class='ocrx_word' id='word_1_167' title='bbox 1104 2367 1304 2446; x_wconf 71' lang='lat' dir='ltr'>cognitione:</span> 
     </span>
     <span class='ocr_line' id='line_1_22' title="bbox 206 2467 1303 2552; baseline 0.005 -22"><span class='ocrx_word' id='word_1_168' title='bbox 206 2469 311 2530; x_wconf 90' lang='lat' dir='ltr'>“Non</span> <span class='ocrx_word' id='word_1_169' title='bbox 330 2477 380 2530; x_wconf 91' lang='lat' dir='ltr'>est</span> <span class='ocrx_word' id='word_1_170' title='bbox 396 2467 462 2530; x_wconf 89' lang='lat' dir='ltr'>ulla</span> <span class='ocrx_word' id='word_1_171' title='bbox 477 2478 626 2530; x_wconf 90' lang='lat' dir='ltr'>creatura</span> <span class='ocrx_word' id='word_1_172' title='bbox 643 2470 813 2533; x_wconf 90' lang='lat' dir='ltr'>invisibilis</span> <span class='ocrx_word' id='word_1_173' title='bbox 830 2472 861 2532; x_wconf 91' lang='lat' dir='ltr'>in</span> <span class='ocrx_word' id='word_1_174' title='bbox 879 2469 1057 2552; x_wconf 72' lang='lat' dir='ltr'>conspectu</span> <span class='ocrx_word' id='word_1_175' title='bbox 1074 2470 1166 2552; x_wconf 92' lang='lat' dir='ltr'>ejus:</span> <span class='ocrx_word' id='word_1_176' title='bbox 1190 2473 1303 2535; x_wconf 92' lang='lat' dir='ltr'>omnia</span> 
     </span>
     <span class='ocr_line' id='line_1_23' title="bbox 206 2573 1302 2656; baseline 0.003 -22"><span class='ocrx_word' id='word_1_177' title='bbox 206 2581 316 2634; x_wconf 90' lang='lat' dir='ltr'>autem</span> <span class='ocrx_word' id='word_1_178' title='bbox 342 2573 431 2634; x_wconf 91' lang='lat' dir='ltr'>nuda</span> <span class='ocrx_word' id='word_1_179' title='bbox 454 2582 487 2634; x_wconf 91' lang='lat' dir='ltr'>et</span> <span class='ocrx_word' id='word_1_180' title='bbox 511 2581 625 2652; x_wconf 88' lang='lat' dir='ltr'>aperta</span> <span class='ocrx_word' id='word_1_181' title='bbox 648 2582 725 2635; x_wconf 92' lang='lat' dir='ltr'>sunt</span> <span class='ocrx_word' id='word_1_182' title='bbox 748 2573 911 2652; x_wconf 87' lang='lat' dir='ltr'>oculis&#39;’3;</span> <span class='ocrx_word' id='word_1_183' title='bbox 938 2573 986 2655; x_wconf 78' lang='lat' dir='ltr'>(b)</span> <span class='ocrx_word' id='word_1_184' title='bbox 1008 2574 1133 2654; x_wconf 76' lang='lat' dir='ltr'>&#39;ubique</span> <span class='ocrx_word' id='word_1_185' title='bbox 1157 2595 1302 2656; x_wconf 84' lang='lat' dir='ltr'>praesens</span> 
     </span>
     <span class='ocr_line' id='line_1_24' title="bbox 206 2675 1302 2760; baseline 0.002 -21"><span class='ocrx_word' id='word_1_186' title='bbox 206 2687 256 2740; x_wconf 92' lang='lat' dir='ltr'>est</span> <span class='ocrx_word' id='word_1_187' title='bbox 264 2675 419 2758; x_wconf 68' lang='lat' dir='ltr'>polemici,</span> <span class='ocrx_word' id='word_1_188' title='bbox 435 2685 598 2758; x_wconf 89' lang='lat' dir='ltr'>quatenns</span> <span class='ocrx_word' id='word_1_189' title='bbox 615 2678 727 2739; x_wconf 90' lang='lat' dir='ltr'>omnia</span> <span class='ocrx_word' id='word_1_190' title='bbox 744 2678 805 2759; x_wconf 90' lang='lat' dir='ltr'>ipsi</span> <span class='ocrx_word' id='word_1_191' title='bbox 829 2686 906 2740; x_wconf 90' lang='lat' dir='ltr'>sunt</span> <span class='ocrx_word' id='word_1_192' title='bbox 929 2675 1098 2758; x_wconf 68' lang='lat' dir='ltr'>subjecta:</span> <span class='ocrx_word' id='word_1_193' title='bbox 1123 2683 1139 2710; x_wconf 85' lang='lat'>“</span> <span class='ocrx_word' id='word_1_194' title='bbox 1152 2677 1302 2760; x_wconf 84' lang='lat' dir='ltr'>Attingit</span> 
     </span>
     <span class='ocr_line' id='line_1_25' title="bbox 205 2779 1301 2862; baseline 0 -18"><span class='ocrx_word' id='word_1_195' title='bbox 205 2804 224 2844; x_wconf 90' lang='lat' dir='ltr'>a</span> <span class='ocrx_word' id='word_1_196' title='bbox 241 2781 305 2843; x_wconf 88' lang='lat' dir='ltr'>fine</span> <span class='ocrx_word' id='word_1_197' title='bbox 320 2781 363 2846; x_wconf 84' lang='lat' dir='ltr'>ad</span> <span class='ocrx_word' id='word_1_198' title='bbox 380 2779 478 2842; x_wconf 88' lang='lat' dir='ltr'>finem</span> <span class='ocrx_word' id='word_1_199' title='bbox 496 2780 623 2843; x_wconf 87' lang='lat' dir='ltr'>fortiter</span> <span class='ocrx_word' id='word_1_200' title='bbox 639 2789 672 2842; x_wconf 88' lang='lat' dir='ltr'>et</span> <span class='ocrx_word' id='word_1_201' title='bbox 688 2780 835 2861; x_wconf 92' lang='lat' dir='ltr'>disponit</span> <span class='ocrx_word' id='word_1_202' title='bbox 851 2781 963 2842; x_wconf 94' lang='lat' dir='ltr'>omnia</span> <span class='ocrx_word' id='word_1_203' title='bbox 979 2781 1147 2843; x_wconf 86' lang='lat' dir='ltr'>suaviter...</span> <span class='ocrx_word' id='word_1_204' title='bbox 1164 2790 1301 2862; x_wconf 89' lang='lat' dir='ltr'>portans</span> 
     </span>
     <span class='ocr_line' id='line_1_26' title="bbox 205 2882 1301 2965; baseline 0 -19"><span class='ocrx_word' id='word_1_205' title='bbox 205 2886 315 2947; x_wconf 90' lang='lat' dir='ltr'>omnia</span> <span class='ocrx_word' id='word_1_206' title='bbox 331 2884 432 2947; x_wconf 91' lang='lat' dir='ltr'>verbo</span> <span class='ocrx_word' id='word_1_207' title='bbox 448 2885 577 2946; x_wconf 89' lang='lat' dir='ltr'>virtutis</span> <span class='ocrx_word' id='word_1_208' title='bbox 594 2884 716 2962; x_wconf 81' lang='lat' dir='ltr'>suae&#39;&#39;4;</span> <span class='ocrx_word' id='word_1_209' title='bbox 740 2882 788 2965; x_wconf 81' lang='lat' dir='ltr'>(c)</span> <span class='ocrx_word' id='word_1_210' title='bbox 805 2885 837 2945; x_wconf 92' lang='lat' dir='ltr'>in</span> <span class='ocrx_word' id='word_1_211' title='bbox 854 2882 1009 2945; x_wconf 92' lang='lat' dir='ltr'>omnibus</span> <span class='ocrx_word' id='word_1_212' title='bbox 1026 2883 1120 2945; x_wconf 90' lang='lat' dir='ltr'>adest</span> <span class='ocrx_word' id='word_1_213' title='bbox 1132 2903 1191 2964; x_wconf 89' lang='lat' dir='ltr'>per</span> <span class='ocrx_word' id='word_1_214' title='bbox 1200 2904 1301 2946; x_wconf 83' lang='lat' dir='ltr'>essen-</span> 
     </span>
     <span class='ocr_line' id='line_1_27' title="bbox 205 2986 1300 3068; baseline 0 -18"><span class='ocrx_word' id='word_1_215' title='bbox 205 2990 304 3050; x_wconf 80' lang='lat' dir='ltr'>tiam:</span> <span class='ocrx_word' id='word_1_216' title='bbox 329 2992 344 3019; x_wconf 90' lang='lat'><strong>“</strong></span> <span class='ocrx_word' id='word_1_217' title='bbox 359 2987 434 3049; x_wconf 93' lang='lat' dir='ltr'>Non</span> <span class='ocrx_word' id='word_1_218' title='bbox 451 2987 550 3068; x_wconf 82' lang='lat' dir='ltr'>longe</span> <span class='ocrx_word' id='word_1_219' title='bbox 566 2995 616 3049; x_wconf 90' lang='lat' dir='ltr'>est</span> <span class='ocrx_word' id='word_1_220' title='bbox 629 2986 671 3048; x_wconf 88' lang='lat' dir='ltr'>ab</span> <span class='ocrx_word' id='word_1_221' title='bbox 684 3007 883 3068; x_wconf 92' lang='lat' dir='ltr'>unoquoque</span> <span class='ocrx_word' id='word_1_222' title='bbox 896 2997 1056 3063; x_wconf 89' lang='lat' dir='ltr'>nostrum;</span> <span class='ocrx_word' id='word_1_223' title='bbox 1081 2988 1112 3049; x_wconf 93' lang='lat' dir='ltr'>in</span> <span class='ocrx_word' id='word_1_224' title='bbox 1127 2987 1200 3068; x_wconf 91' lang='lat' dir='ltr'>ipso</span> <span class='ocrx_word' id='word_1_225' title='bbox 1212 2989 1300 3050; x_wconf 94' lang='lat' dir='ltr'>enim</span> 
     </span>
     <span class='ocr_line' id='line_1_28' title="bbox 204 3090 1300 3167; baseline -0.002 -13"><span class='ocrx_word' id='word_1_226' title='bbox 204 3091 353 3164; x_wconf 90' lang='lat' dir='ltr'>vivimus,</span> <span class='ocrx_word' id='word_1_227' title='bbox 370 3099 402 3152; x_wconf 92' lang='lat' dir='ltr'>et</span> <span class='ocrx_word' id='word_1_228' title='bbox 420 3110 599 3165; x_wconf 90' lang='lat' dir='ltr'>movemur,</span> <span class='ocrx_word' id='word_1_229' title='bbox 616 3099 649 3152; x_wconf 91' lang='lat' dir='ltr'>et</span> <span class='ocrx_word' id='word_1_230' title='bbox 665 3091 834 3167; x_wconf 85' lang='lat' dir='ltr'>sumus&#39;&#39;5;</span> <span class='ocrx_word' id='word_1_231' title='bbox 858 3111 917 3152; x_wconf 89' lang='lat' dir='ltr'>nec</span> <span class='ocrx_word' id='word_1_232' title='bbox 934 3099 1045 3152; x_wconf 89' lang='lat' dir='ltr'>tamen</span> <span class='ocrx_word' id='word_1_233' title='bbox 1063 3090 1159 3152; x_wconf 92' lang='lat' dir='ltr'>rebus</span> <span class='ocrx_word' id='word_1_234' title='bbox 1182 3093 1300 3154; x_wconf 91' lang='lat' dir='ltr'>creatis</span> 
     </span>
     <span class='ocr_line' id='line_1_29' title="bbox 204 3192 1301 3275; baseline 0.001 -19"><span class='ocrx_word' id='word_1_235' title='bbox 204 3193 481 3256; x_wconf 89' lang='lat' dir='ltr'>circumscribitur</span> <span class='ocrx_word' id='word_1_236' title='bbox 495 3214 502 3255; x_wconf 89' lang='lat'>:</span> <span class='ocrx_word' id='word_1_237' title='bbox 525 3198 541 3224; x_wconf 89' lang='lat'><strong>“</strong></span> <span class='ocrx_word' id='word_1_238' title='bbox 553 3192 588 3255; x_wconf 89' lang='lat' dir='ltr'>Si</span> <span class='ocrx_word' id='word_1_239' title='bbox 599 3193 720 3255; x_wconf 86' lang='lat' dir='ltr'>coelum</span> <span class='ocrx_word' id='word_1_240' title='bbox 732 3201 764 3254; x_wconf 91' lang='lat' dir='ltr'>et</span> <span class='ocrx_word' id='word_1_241' title='bbox 774 3193 848 3255; x_wconf 86' lang='lat' dir='ltr'>coeli</span> <span class='ocrx_word' id='word_1_242' title='bbox 860 3192 1018 3255; x_wconf 88' lang='lat' dir='ltr'>coelorum</span> <span class='ocrx_word' id='word_1_243' title='bbox 1033 3212 1098 3254; x_wconf 91' lang='lat' dir='ltr'>non</span> <span class='ocrx_word' id='word_1_244' title='bbox 1112 3201 1145 3255; x_wconf 89' lang='lat' dir='ltr'>te</span> <span class='ocrx_word' id='word_1_245' title='bbox 1156 3195 1301 3275; x_wconf 89' lang='lat' dir='ltr'>capiunt,</span> 
     </span>
     <span class='ocr_line' id='line_1_30' title="bbox 204 3294 1300 3380; baseline 0 -20"><span class='ocrx_word' id='word_1_246' title='bbox 204 3308 329 3380; x_wconf 88' lang='lat' dir='ltr'>quanto</span> <span class='ocrx_word' id='word_1_247' title='bbox 357 3298 463 3378; x_wconf 81' lang='lat' dir='ltr'>magis</span> <span class='ocrx_word' id='word_1_248' title='bbox 495 3298 614 3360; x_wconf 92' lang='lat' dir='ltr'>domus</span> <span class='ocrx_word' id='word_1_249' title='bbox 646 3299 717 3373; x_wconf 86' lang='lat' dir='ltr'>ista,</span> <span class='ocrx_word' id='word_1_250' title='bbox 748 3317 847 3379; x_wconf 91' lang='lat' dir='ltr'>quam</span> <span class='ocrx_word' id='word_1_251' title='bbox 875 3294 1096 3359; x_wconf 85' lang='lat' dir='ltr'>aedificavi?&#39;&#39;⁶</span> <span class='ocrx_word' id='word_1_252' title='bbox 1135 3296 1300 3379; x_wconf 91' lang='lat' dir='ltr'>Graphice</span> 
     </span>
     <span class='ocr_line' id='line_1_31' title="bbox 204 3398 1300 3482; baseline -0.001 -17"><span class='ocrx_word' id='word_1_253' title='bbox 204 3401 399 3465; x_wconf 89' lang='lat' dir='ltr'>describitur</span> <span class='ocrx_word' id='word_1_254' title='bbox 415 3400 470 3463; x_wconf 88' lang='lat' dir='ltr'>illa</span> <span class='ocrx_word' id='word_1_255' title='bbox 482 3401 649 3482; x_wconf 90' lang='lat' dir='ltr'>ubiquitas</span> <span class='ocrx_word' id='word_1_256' title='bbox 662 3401 694 3462; x_wconf 93' lang='lat' dir='ltr'>in</span> <span class='ocrx_word' id='word_1_257' title='bbox 707 3400 877 3464; x_wconf 82' lang='lat' dir='ltr'>Psalmis:</span> <span class='ocrx_word' id='word_1_258' title='bbox 899 3403 915 3432; x_wconf 90' lang='lat'><strong>“</strong></span> <span class='ocrx_word' id='word_1_259' title='bbox 928 3398 1004 3479; x_wconf 83' lang='lat' dir='ltr'>Quo</span> <span class='ocrx_word' id='word_1_260' title='bbox 1015 3398 1070 3461; x_wconf 94' lang='lat' dir='ltr'>ibo</span> <span class='ocrx_word' id='word_1_261' title='bbox 1082 3419 1101 3460; x_wconf 91' lang='lat' dir='ltr'>a</span> <span class='ocrx_word' id='word_1_262' title='bbox 1113 3400 1231 3480; x_wconf 91' lang='lat' dir='ltr'>spiritu</span> <span class='ocrx_word' id='word_1_263' title='bbox 1245 3411 1300 3464; x_wconf 92' lang='lat' dir='ltr'>tuo</span> 
     </span>
     <span class='ocr_line' id='line_1_32' title="bbox 203 3502 1299 3586; baseline -0.001 -18"><span class='ocrx_word' id='word_1_264' title='bbox 203 3517 236 3570; x_wconf 87' lang='lat' dir='ltr'>et</span> <span class='ocrx_word' id='word_1_265' title='bbox 252 3527 317 3586; x_wconf 90' lang='lat' dir='ltr'>quo</span> <span class='ocrx_word' id='word_1_266' title='bbox 333 3527 351 3566; x_wconf 90' lang='lat' dir='ltr'>a</span> <span class='ocrx_word' id='word_1_267' title='bbox 369 3505 452 3566; x_wconf 81' lang='lat' dir='ltr'>facie</span> <span class='ocrx_word' id='word_1_268' title='bbox 468 3509 525 3567; x_wconf 71' lang='lat' dir='ltr'>tua</span> <span class='ocrx_word' id='word_1_269' title='bbox 541 3505 686 3586; x_wconf 85' lang='lat' dir='ltr'>fugiam?</span> <span class='ocrx_word' id='word_1_270' title='bbox 711 3504 746 3567; x_wconf 89' lang='lat' dir='ltr'>Si</span> <span class='ocrx_word' id='word_1_271' title='bbox 768 3504 948 3565; x_wconf 90' lang='lat' dir='ltr'>ascendero</span> <span class='ocrx_word' id='word_1_272' title='bbox 972 3503 1004 3564; x_wconf 93' lang='lat' dir='ltr'>in</span> <span class='ocrx_word' id='word_1_273' title='bbox 1028 3502 1159 3579; x_wconf 88' lang='lat' dir='ltr'>coelum,</span> <span class='ocrx_word' id='word_1_274' title='bbox 1174 3512 1212 3566; x_wconf 91' lang='lat' dir='ltr'>tu</span> <span class='ocrx_word' id='word_1_275' title='bbox 1237 3505 1299 3567; x_wconf 91' lang='lat' dir='ltr'>illic</span> 
     </span>
     <span class='ocr_line' id='line_1_33' title="bbox 203 3606 1299 3688; baseline -0.001 -16"><span class='ocrx_word' id='word_1_276' title='bbox 203 3631 238 3672; x_wconf 89' lang='lat' dir='ltr'>es</span> <span class='ocrx_word' id='word_1_277' title='bbox 246 3632 252 3686; x_wconf 90' lang='lat'>;</span> <span class='ocrx_word' id='word_1_278' title='bbox 276 3609 302 3669; x_wconf 93' lang='lat' dir='ltr'>si</span> <span class='ocrx_word' id='word_1_279' title='bbox 320 3609 523 3670; x_wconf 88' lang='lat' dir='ltr'>descendero</span> <span class='ocrx_word' id='word_1_280' title='bbox 540 3608 572 3668; x_wconf 86' lang='lat' dir='ltr'>in</span> <span class='ocrx_word' id='word_1_281' title='bbox 590 3608 763 3682; x_wconf 80' lang='lat' dir='ltr'>infernum,</span> <span class='ocrx_word' id='word_1_282' title='bbox 780 3609 868 3670; x_wconf 82' lang='lat' dir='ltr'>ades,</span> <span class='ocrx_word' id='word_1_283' title='bbox 916 3606 951 3670; x_wconf 90' lang='lat' dir='ltr'>Si</span> <span class='ocrx_word' id='word_1_284' title='bbox 975 3626 1148 3688; x_wconf 91' lang='lat' dir='ltr'>sumpsero</span> <span class='ocrx_word' id='word_1_285' title='bbox 1172 3628 1299 3688; x_wconf 89' lang='lat' dir='ltr'>pennas</span> 
     </span>
     <span class='ocr_line' id='line_1_34' title="bbox 202 3709 1297 3776; baseline -0.002 -1"><span class='ocrx_word' id='word_1_286' title='bbox 202 3711 347 3776; x_wconf 92' lang='lat' dir='ltr'>diluculo</span> <span class='ocrx_word' id='word_1_287' title='bbox 364 3719 397 3773; x_wconf 89' lang='lat' dir='ltr'>et</span> <span class='ocrx_word' id='word_1_288' title='bbox 413 3711 607 3774; x_wconf 89' lang='lat' dir='ltr'>habitavero</span> <span class='ocrx_word' id='word_1_289' title='bbox 624 3712 656 3772; x_wconf 83' lang='lat' dir='ltr'>ln</span> <span class='ocrx_word' id='word_1_290' title='bbox 674 3711 833 3773; x_wconf 86' lang='lat' dir='ltr'>extremis</span> <span class='ocrx_word' id='word_1_291' title='bbox 851 3709 972 3772; x_wconf 89' lang='lat' dir='ltr'>maris:</span> <span class='ocrx_word' id='word_1_292' title='bbox 996 3711 1119 3771; x_wconf 89' lang='lat' dir='ltr'>etenim</span> <span class='ocrx_word' id='word_1_293' title='bbox 1137 3709 1216 3774; x_wconf 91' lang='lat' dir='ltr'>illuc</span> <span class='ocrx_word' id='word_1_294' title='bbox 1233 3731 1297 3773; x_wconf 87' lang='lat' dir='ltr'>ma·</span> 
     </span>
     <span class='ocr_line' id='line_1_35' title="bbox 199 3812 1298 3882; baseline -0.005 -2"><span class='ocrx_word' id='word_1_295' title='bbox 199 3838 262 3882; x_wconf 91' lang='lat' dir='ltr'>nus</span> <span class='ocrx_word' id='word_1_296' title='bbox 280 3825 337 3878; x_wconf 94' lang='lat' dir='ltr'>tua</span> <span class='ocrx_word' id='word_1_297' title='bbox 361 3815 505 3877; x_wconf 90' lang='lat' dir='ltr'>deducet</span> <span class='ocrx_word' id='word_1_298' title='bbox 530 3835 582 3876; x_wconf 89' lang='lat' dir='ltr'>me</span> <span class='ocrx_word' id='word_1_299' title='bbox 606 3824 639 3877; x_wconf 92' lang='lat' dir='ltr'>et</span> <span class='ocrx_word' id='word_1_300' title='bbox 662 3815 789 3877; x_wconf 90' lang='lat' dir='ltr'>tenebit</span> <span class='ocrx_word' id='word_1_301' title='bbox 814 3835 866 3875; x_wconf 88' lang='lat' dir='ltr'>me</span> <span class='ocrx_word' id='word_1_302' title='bbox 889 3814 1030 3878; x_wconf 87' lang='lat' dir='ltr'>dextera</span> <span class='ocrx_word' id='word_1_303' title='bbox 1053 3821 1110 3875; x_wconf 91' lang='lat' dir='ltr'>tua</span> <span class='ocrx_word' id='word_1_304' title='bbox 1120 3812 1162 3876; x_wconf 88' lang='lat'>&#39;&#39;⁷.</span> <span class='ocrx_word' id='word_1_305' title='bbox 1211 3815 1298 3878; x_wconf 87' lang='lat' dir='ltr'>Hinc</span> 
     </span>
    </p>
   </div>
   <div class='ocr_carea' id='block_1_5' title="bbox 173 4009 1297 4348">
    <p class='ocr_par' dir='ltr' id='par_1_7' title="bbox 236 4009 1297 4081">
     <span class='ocr_line' id='line_1_36' title="bbox 236 4009 1297 4081; baseline 0.003 -16"><span class='ocrx_word' id='word_1_306' title='bbox 236 4022 244 4044; x_wconf 86' lang='lat'>¹</span> <span class='ocrx_word' id='word_1_307' title='bbox 257 4013 295 4065; x_wconf 85' lang='lat' dir='ltr'>Cf.</span> <span class='ocrx_word' id='word_1_308' title='bbox 311 4013 505 4077; x_wconf 76' lang='lat' dir='ltr'>Liebermann,</span> <span class='ocrx_word' id='word_1_309' title='bbox 518 4012 565 4066; x_wconf 89' lang='lat' dir='ltr'>lib.</span> <span class='ocrx_word' id='word_1_310' title='bbox 583 4013 603 4080; x_wconf 88' lang='grc' dir='ltr'>Ι,</span> <span class='ocrx_word' id='word_1_311' title='bbox 616 4029 640 4067; x_wconf 88' lang='lat' dir='ltr'>c.</span> <span class='ocrx_word' id='word_1_312' title='bbox 655 4026 678 4078; x_wconf 85' lang='lat'>3,</span> <span class='ocrx_word' id='word_1_313' title='bbox 692 4030 717 4065; x_wconf 89' lang='lat' dir='ltr'>a.</span> <span class='ocrx_word' id='word_1_314' title='bbox 732 4028 753 4077; x_wconf 89' lang='lat'>1,</span> <span class='ocrx_word' id='word_1_315' title='bbox 765 4010 779 4081; x_wconf 65' lang='grc' dir='ltr'>ἓ</span> <span class='ocrx_word' id='word_1_316' title='bbox 796 4013 849 4065; x_wconf 89' lang='grc' dir='ltr'><strong>ΙΙΙ.</strong></span> <span class='ocrx_word' id='word_1_317' title='bbox 861 4042 894 4049; x_wconf 93' lang='grc'>-</span> <span class='ocrx_word' id='word_1_318' title='bbox 907 4009 917 4030; x_wconf 81' lang='lat'><em>²</em></span> <span class='ocrx_word' id='word_1_319' title='bbox 931 4012 1063 4080; x_wconf 62' lang='lat' dir='ltr'>Grandia,</span> <span class='ocrx_word' id='word_1_320' title='bbox 1079 4013 1199 4066; x_wconf 86' lang='lat' dir='ltr'>Natural</span> <span class='ocrx_word' id='word_1_321' title='bbox 1209 4015 1297 4070; x_wconf 91' lang='lat' dir='ltr'>Theo·</span> 
     </span>
    </p>

    <p class='ocr_par' dir='ltr' id='par_1_8' title="bbox 200 4099 1294 4168">
     <span class='ocr_line' id='line_1_37' title="bbox 200 4099 1294 4168; baseline 0.005 -18"><span class='ocrx_word' id='word_1_322' title='bbox 200 4100 272 4167; x_wconf 86' lang='lat' dir='ltr'>logy,</span> <span class='ocrx_word' id='word_1_323' title='bbox 289 4101 311 4164; x_wconf 89' lang='lat' dir='ltr'>l,</span> <span class='ocrx_word' id='word_1_324' title='bbox 324 4116 349 4167; x_wconf 92' lang='lat' dir='ltr'>p.</span> <span class='ocrx_word' id='word_1_325' title='bbox 365 4099 407 4167; x_wconf 83' lang='lat'>64.</span> <span class='ocrx_word' id='word_1_326' title='bbox 420 4129 453 4136; x_wconf 94' lang='lat'>—-</span> <span class='ocrx_word' id='word_1_327' title='bbox 466 4105 476 4136; x_wconf 83' lang='lat'>³</span> <span class='ocrx_word' id='word_1_328' title='bbox 489 4099 574 4152; x_wconf 80' lang='lat' dir='ltr'>Hebr.</span> <span class='ocrx_word' id='word_1_329' title='bbox 589 4100 638 4165; x_wconf 94' lang='lat' dir='ltr'>IV,</span> <span class='ocrx_word' id='word_1_330' title='bbox 652 4114 691 4166; x_wconf 86' lang='lat'>13.</span> <span class='ocrx_word' id='word_1_331' title='bbox 704 4129 738 4136; x_wconf 94' lang='lat'>--</span> <span class='ocrx_word' id='word_1_332' title='bbox 751 4103 760 4134; x_wconf 76' lang='lat'><strong>⁴</strong></span> <span class='ocrx_word' id='word_1_333' title='bbox 774 4100 840 4167; x_wconf 76' lang='lat' dir='ltr'>Sap.</span> <span class='ocrx_word' id='word_1_334' title='bbox 853 4101 936 4166; x_wconf 91' lang='lat' dir='ltr'>Vlll,</span> <span class='ocrx_word' id='word_1_335' title='bbox 951 4117 975 4164; x_wconf 89' lang='lat'>1;</span> <span class='ocrx_word' id='word_1_336' title='bbox 995 4100 1079 4152; x_wconf 82' lang='lat' dir='ltr'>Hebr.</span> <span class='ocrx_word' id='word_1_337' title='bbox 1096 4101 1118 4168; x_wconf 91' lang='lat' dir='ltr'>l,</span> <span class='ocrx_word' id='word_1_338' title='bbox 1130 4114 1153 4168; x_wconf 86' lang='lat'>3.</span> <span class='ocrx_word' id='word_1_339' title='bbox 1166 4130 1197 4139; x_wconf 88' lang='lat'>·-</span> <span class='ocrx_word' id='word_1_340' title='bbox 1212 4102 1294 4155; x_wconf 61' lang='lat' dir='ltr'>“Ate</span> 
     </span>
    </p>

    <p class='ocr_par' dir='ltr' id='par_1_9' title="bbox 173 4179 1293 4348">
     <span class='ocr_line' id='line_1_38' title="bbox 188 4179 1293 4258; baseline 0.004 -21"><span class='ocrx_word' id='word_1_341' title='bbox 188 4187 290 4249; x_wconf 83' lang='lat' dir='ltr'><em>XVII,</em></span> <span class='ocrx_word' id='word_1_342' title='bbox 307 4201 350 4255; x_wconf 90' lang='lat'>27.</span> <span class='ocrx_word' id='word_1_343' title='bbox 372 4217 406 4225; x_wconf 91' lang='lat'><strong>—</strong></span> <span class='ocrx_word' id='word_1_344' title='bbox 421 4179 596 4258; x_wconf 77' lang='lat' dir='ltr'>⁶]lParap.</span> <span class='ocrx_word' id='word_1_345' title='bbox 610 4188 662 4255; x_wconf 91' lang='lat' dir='ltr'>Vl,</span> <span class='ocrx_word' id='word_1_346' title='bbox 679 4188 717 4241; x_wconf 84' lang='lat'>18.</span> <span class='ocrx_word' id='word_1_347' title='bbox 732 4217 764 4224; x_wconf 85' lang='lat'><em>-</em></span> <span class='ocrx_word' id='word_1_348' title='bbox 778 4192 787 4223; x_wconf 87' lang='lat'><strong><em>⁷</em></strong></span> <span class='ocrx_word' id='word_1_349' title='bbox 801 4189 847 4239; x_wconf 86' lang='lat' dir='ltr'>Ps.</span> <span class='ocrx_word' id='word_1_350' title='bbox 864 4188 1058 4253; x_wconf 85' lang='lat' dir='ltr'>CXXXVIII,</span> <span class='ocrx_word' id='word_1_351' title='bbox 1080 4199 1095 4253; x_wconf 93' lang='lat'>7</span> <span class='ocrx_word' id='word_1_352' title='bbox 1116 4204 1170 4257; x_wconf 91' lang='lat' dir='ltr'>sq.;</span> <span class='ocrx_word' id='word_1_353' title='bbox 1192 4189 1293 4258; x_wconf 74' lang='lat' dir='ltr'>etler.</span> 
     </span>
     <span class='ocr_line' id='line_1_39' title="bbox 173 4273 1173 4348; baseline 0.004 -26"><span class='ocrx_word' id='word_1_354' title='bbox 173 4273 297 4341; x_wconf 81' lang='lat' dir='ltr'>XXIII,</span> <span class='ocrx_word' id='word_1_355' title='bbox 313 4289 363 4345; x_wconf 86' lang='lat'>24,·</span> <span class='ocrx_word' id='word_1_356' title='bbox 382 4277 443 4331; x_wconf 85' lang='lat' dir='ltr'>ssa.</span> <span class='ocrx_word' id='word_1_357' title='bbox 462 4279 526 4348; x_wconf 92' lang='lat' dir='ltr'>XL,</span> <span class='ocrx_word' id='word_1_358' title='bbox 545 4293 588 4346; x_wconf 85' lang='lat'>12;</span> <span class='ocrx_word' id='word_1_359' title='bbox 609 4279 662 4332; x_wconf 93' lang='lat' dir='ltr'>III</span> <span class='ocrx_word' id='word_1_360' title='bbox 673 4279 742 4348; x_wconf 78' lang='lat' dir='ltr'>Reg.</span> <span class='ocrx_word' id='word_1_361' title='bbox 757 4277 847 4343; x_wconf 77' lang='lat' dir='ltr'>Vlll,</span> <span class='ocrx_word' id='word_1_362' title='bbox 862 4288 910 4342; x_wconf 74' lang='lat'>273</span> <span class='ocrx_word' id='word_1_363' title='bbox 930 4274 1173 4340; x_wconf 43' lang='lat' dir='ltr'>Bnruchdthat,</span> 
     </span>
    </p>
   </div>
   <div class='ocr_carea' id='block_1_6' title="bbox 0 0 1346 4634">
    <p class='ocr_par' dir='ltr' id='par_1_10' title="bbox 0 0 1346 4634">
     <span class='ocr_line' id='line_1_40' title="bbox 0 0 1346 4634; baseline 0 2"><span class='ocrx_word' id='word_1_364' title='bbox 0 0 1346 4634; x_wconf 95' lang='lat' dir='ltr'> </span> 
     </span>
    </p>
   </div>
  </div>
 </body>
</html>
