2684 4634
215 187 269 235 DE
288 186 547 235 EXISTENTIA
565 186 706 235 TRIUM
726 185 1034 235 PERSONARUM.
1105 184 1165 234 213

65 367 254 429 Dominum
272 367 459 442 nostrum”;
483 367 575 446 atqui
591 387 688 429 voces
712 368 872 430 “unicum
896 377 930 429 et
954 367 1137 429 Dominum
1149 365 1164 388 ''

63 472 252 534 ostendunt
267 471 319 533 hic
336 472 389 552 agi
407 473 449 534 de
465 471 532 534 filio
549 471 679 552 proprie
695 470 792 546 dieto,
809 491 874 532 non
899 479 1009 532 autem
1034 469 1075 531 de
1099 468 1166 529 filio

64 576 237 655 adoptivo.
284 575 378 637 Idem
396 575 562 636 invenitur
577 575 609 634 in
627 574 731 636 forma
755 573 925 653 Africana.
972 572 1022 654 (b)
1042 573 1078 634 ln
1103 571 1165 632 for-

65 679 131 740 mis
147 676 331 758 Hzlrpanicd
347 686 380 740 et
399 677 568 740 Gallicancl
592 678 724 741 additur
748 679 880 759 insuper
904 676 1071 739 Christum
1095 695 1166 736 esse

64 783 208 843 “Deum
231 802 268 842 ac
293 781 476 843 Dominum
501 791 649 843 nostrum
661 781 684 844 '’.
729 781 778 863 (c)
796 784 917 844 Forma
940 780 1167 842 Alexandrina

66 894 145 966 post
170 885 272 946 verba
302 885 443 965 “Jesum
472 884 639 948 Christum
651 885 666 909 '’
697 885 768 948 haec
798 885 918 947 habet:
953 889 1037 965 “per
1068 887 1168 965 quern

65 989 184 1049 omnia
199 988 333 1050 condita
349 996 427 1051 sunt
442 1008 517 1068 quae
534 988 565 1048 in
583 987 675 1049 coelis
692 998 725 1051 et
738 990 770 1049 ln
784 999 869 1051 terra
882 997 959 1050 sunt
970 987 992 1050 ”.
1040 986 1168 1050 Similia

67 1091 170 1152 verba
187 1090 398 1153 inveniuntur
414 1092 445 1152 in
460 1089 573 1152 formis
589 1089 790 1154 Antz'oclzeml
807 1100 840 1154 et
856 1087 1168 1169 Hierosolyrm'tand,·

67 1216 105 1256 ac
124 1194 265 1275 proinde
289 1193 462 1255 indubium
487 1203 537 1256 est
562 1195 757 1258 Christianis
780 1196 935 1258 omnibus
959 1193 1166 1257 divinitatem

69 1298 195 1362 Christi
206 1298 412 1379 propositam
426 1297 526 1358 fuisse
539 1307 697 1379 tanquam
711 1299 884 1362 articulum
905 1298 980 1360 fidei
997 1297 1168 1380 (Denaing.

69 1421 121 1465 2-r
129 1403 173 1483 3).

103 1545 146 1600 75.
186 1532 338 1604 Principia
350 1533 392 1588 ad
400 1533 549 1590 solvendas
561 1532 747 1604 difficultates.

107 1620 198 1677 Multi
211 1629 307 1677 textus
320 1619 477 1691 Scripturae
496 1619 535 1677 ab
555 1618 672 1676 Arianis
691 1629 720 1676 et
740 1617 897 1676 Unitariis¹
917 1629 1019 1676 contra
1038 1618 1169 1675 divinita*

69 1719 131 1767 tem
145 1705 239 1764 Verbi
253 1707 459 1778 proferuntur:
479 1706 611 1778 singulos
625 1707 772 1780 explicare
791 1707 879 1762 nimis
898 1707 1054 1765 taediosum
1075 1715 1151 1763 esset
1165 1727 1170 1760 :

70 1794 229 1868 principia,
244 1792 352 1865 quibus
366 1793 506 1865 praecipui
520 1794 624 1851 saltem
639 1793 777 1865 explicari
796 1802 922 1865 possunt
941 1793 1066 1850 breviter
1085 1793 1169 1849 tradi-

69 1899 158 1939 mus:

106 1971 147 2035 7⁶.
188 1967 236 2037 (A)
251 1966 387 2036 Plerique
399 1975 505 2034 textus,
521 1966 571 2039 qui
584 1967 624 2024 de
636 1965 737 2023 Verbo
751 1976 850 2037 agunt,
867 1967 1032 2024 referuntur
1044 1965 1083 2024 ad
1101 1967 1172 2024 Ver-

71 2056 146 2114 bum
172 2054 371 2122 Incarnatum,
396 2070 449 2110 seu
474 2053 513 2110 ad
537 2053 699 2122 Christum,
721 2054 772 2124 qui
798 2052 978 2111 considerari
998 2063 1096 2125 potest
1117 2053 1173 2110 sub

72 2141 181 2215 triplici
201 2139 345 2212 respedlu,
365 2149 398 2198 ut
416 2140 506 2210 Deus,
527 2151 558 2198 ut
577 2141 665 2210 horno,
682 2150 714 2197 ut
733 2148 819 2213 caput
829 2141 975 2209 Ecclest'ae,·
991 2142 1123 2212 jamvero
1142 2151 1173 2197 ut

73 2233 166 2299 Deus,
180 2238 224 2287 est
237 2227 358 2300 quidem
371 2229 493 2300 aequalis
508 2227 596 2298 Patri,
608 2228 662 2286 sed
675 2238 707 2286 ut
720 2229 802 2285 homo
814 2238 858 2286 est
877 2229 932 2300 ipsi
952 2228 1079 2298 inferior,
1095 2239 1124 2286 et
1144 2247 1171 2284 ui

72 2319 133 2376 hoc
155 2332 245 2374 sensu
267 2314 366 2372 dicere
385 2323 501 2386 potest:
524 2315 639 2372 “Pater
658 2316 753 2387 major
771 2334 819 2373 me
838 2326 882 2374 est
890 2316 932 2387 ”²3
951 2317 1021 2374 item
1041 2326 1074 2374 ut
1091 2324 1176 2388 capul

73 2400 215 2471 Ecclesia,
228 2418 280 2458 seu
294 2409 440 2472 quatenus
453 2417 508 2458 nos
527 2410 726 2473 repraesentat,
742 2401 873 2459 declarat
891 2419 923 2459 se
941 2401 1076 2473 ignorare
1095 2402 1172 2460 diem

72 2488 201 2562 judicii³‚
215 2486 286 2558 quia
303 2487 329 2544 ei
350 2496 382 2543 ut
401 2486 515 2546 homini
534 2506 590 2545 nec
609 2487 725 2558 licebat,
742 2505 798 2546 nec
817 2488 994 2560 expediebat
1012 2507 1077 2547 eam
1097 2507 1174 2545 reve-

74 2579 143 2635 lare.

110 2677 150 2734 77,
190 2661 239 2731 (B)
258 2660 385 2731 Insuper
403 2659 547 2731 Verbum,
568 2661 658 2733 etiam
678 2671 709 2718 ut
730 2662 821 2731 Deus,
842 2663 976 2734 procedit
995 2681 1012 2719 a
1032 2664 1125 2734 Patre,
1148 2677 1175 2720 et

75 2747 204 2824 proinde
216 2746 255 2804 ab
268 2747 334 2819 ipso
346 2746 455 2818 accipit
468 2756 614 2813 naturam,
629 2748 821 2814 voluntatem,
837 2750 938 2805 omnia
951 2766 1019 2820 oure
1033 2749 1176 2821 possidet:

75 2857 137 2911 quo
150 2853 240 2894 sensu
254 2835 390 2906 explicari
406 2845 530 2907 possunt
542 2835 630 2892 verba
644 2838 686 2892 “a
699 2837 815 2908 meipso
829 2855 889 2893 non
903 2837 1017 2908 loquor,
1033 2855 1050 2893 a
1062 2837 1176 2908 meipso

75 2942 139 2982 non
166 2921 244 2978 facio
268 2920 491 2993 quidquam’'⁴;
520 2920 655 2993 quamvis
680 2921 795 2993 possint
820 2922 909 2979 etiarn
930 2922 1112 2994 interpretari
1139 2922 1176 2979 de

75 3010 184 3070 natura
196 3009 326 3066 humana
340 3008 459 3077 Christi,
472 3008 530 3065 hoc
544 3027 632 3066 sensu
646 3027 685 3065 sc.
700 3030 706 3065 :
726 3008 815 3067 verba
829 3027 896 3080 quae
909 3008 1023 3080 loquor,
1039 3017 1069 3067 et
1087 3027 1174 3081 opera

75 3119 145 3173 quae
165 3097 242 3155 facio
261 3114 321 3154 non
341 3096 481 3159 humana.
498 3097 550 3154 sed
570 3096 670 3153 divina
689 3107 766 3164 sunt,
785 3114 853 3152 nam
872 3115 889 3152 a
909 3097 1010 3154 divino
1031 3097 1176 3168 principio

75 3185 255 3262 procedunt.
295 3183 356 3240 Hic
369 3183 458 3241 etiam
472 3183 636 3240 notandum
651 3193 703 3252 est,
719 3184 800 3254 juxta
814 3183 973 3240 nonnullos
986 3184 1094 3253 Patres
1106 3202 1174 3254 prie-

67 3275 178 3353 sertim
193 3273 324 3338 Graecos,
341 3273 457 3329 Patrem
471 3272 614 3342 majorem
634 3271 693 3329 dici
715 3272 799 3339 Filio,
812 3271 901 3327 etlam
922 3281 1068 3342 quatenus
1087 3271 1177 3326 Filius

78 3365 162 3420 Deus
176 3369 229 3430 est,
246 3376 306 3415 non
320 3357 443 3429 quidem
457 3357 570 3415 ratione
584 3365 706 3423 natura,
722 3375 789 3428 quae
807 3356 912 3414 eadem
932 3368 976 3414 est
995 3356 1024 3413 in
1044 3366 1177 3427 utroque,

75 3449 131 3506 sed
153 3447 268 3504 ratione
289 3445 420 3516 originis,
443 3454 589 3516 quatenus
617 3443 709 3500 Patris
734 3461 844 3500 nomen
867 3442 1110 3500 honorificentius
1135 3455 1177 3500 est

76 3552 170 3607 quarn
184 3531 275 3589 Filii.⁶

112 3691 120 3714 ¹
135 3679 332 3736 Unitariorum
346 3689 511 3748 argumenta
525 3678 613 3732 videri
627 3690 746 3746 possunt
759 3679 835 3746 apud
841 3678 873 3744 J.
887 3679 918 3730 F.
932 3677 1040 3745 Clarke,
1055 3679 1178 3744 Manum,

76 3773 142 3824 less
160 3781 189 3834 73
210 3766 382 3834 Orthodoxy,
397 3758 420 3820 e.
437 3767 465 3830 83
484 3767 617 3836 quaejam
633 3766 758 3832 exposita
769 3766 877 3818 fuerant
887 3782 903 3817 a
915 3765 1027 3828 Callia,
1037 3767 1178 3818 etaPeta-

76 3860 126 3911 vio
140 3855 200 3924 (lib.
220 3855 275 3919 ΙΙΙ,
288 3871 328 3911 cc.
345 3851 399 3920 1·6)
412 3870 469 3906 non
483 3852 575 3906 minus
589 3853 679 3906 solide
689 3869 773 3921 quam
784 3852 905 3905 dilucide
914 3852 1055 3904 confutata
1061 3871 1067 3915 ;
1080 3852 1178 3904 eadem

77 3942 174 4015 quoad
187 3940 375 3995 substantiam
389 3952 453 3994 sunt
466 3957 500 3993 ac
513 3957 555 4004 ea,
569 3957 632 4007 quae
646 3939 682 3991 ab
696 3939 808 3992 Arianis
822 3939 966 4007 proposita
984 3939 1102 4005 fuerant,
1118 3950 1144 3990 et
1164 3957 1179 3991 a

80 4028 211 4085 Patribus
224 4027 352 4092 refutata,
365 4043 476 4091 necnon
489 4044 507 4080 a
521 4027 551 4078 S.
572 4027 597 4077 T
594 4025 687 4088 haurd,
704 4027 735 4079 C.
754 4027 836 4078 Gent.
851 4027 868 4077 l.
888 4027 936 4091 IV,
951 4043 974 4079 c.
992 4027 1045 4094 8-9.

111 4118 197 4186 ²Joa.
213 4115 294 4179 XIV,
311 4115 353 4169 28.
369 4144 399 4152 -
416 4131 426 4164 a
441 4115 532 4166 Marc.
548 4114 634 4178 Xlll,
649 4130 690 4181 32·
707 4142 742 4150 —
755 4117 765 4147 ⁴
770 4113 836 4180 soa.
853 4114 931 4178 XIV,
949 4129 986 4165 10.

112 4204 180 4260 sCf.
195 4205 297 4257 Petav.
313 4202 330 4255 l.
348 4202 386 4268 ll,
405 4218 428 4256 c.
452 4219 480 4266 2;
499 4203 647 4261 Newman,
661 4201 773 4263 Arians,
790 4218 816 4268 p.
836 4201 857 4267 1,
874 4217 898 4254 c.
916 4216 937 4252 2.
953 4217 975 4252 S.
992 4215 1016 4266 3,
1032 4217 1058 4268 p.
1077 4201 1125 4264 164
1139 4217 1178 4269 sq.

79 4296 95 4322 “
106 4291 195 4347 Filius
208 4291 340 4346 eamdem
352 4304 468 4344 numero
481 4306 545 4343 cum
560 4290 641 4342 Patre
655 4289 830 4341 divinitatem
845 4288 938 4356 habet,
952 4289 1001 4341 sed
1012 4288 1182 4357 proprietate
