2684 4634
100 266 102 270 .
200 185 262 238 124
650 189 788 241 CAPUT
806 190 847 241 11.

199 367 303 439 nequit
322 366 376 424 nisi
399 386 451 439 per
472 369 688 440 separationem
710 389 728 427 a
748 371 888 429 creaturis
910 379 939 429 et
961 370 1104 428 unionem
1125 387 1196 429 cum
1210 372 1292 440 'Deo

203 457 220 483 “
230 454 381 513 Munditia
394 455 473 513 enim
488 457 652 514 necessaria
665 467 709 515 est
722 457 832 515 adhoc
845 459 927 530 quod
940 476 1025 516 mens
1040 459 1107 516 Deo
1119 458 1292 531 applicetur,

200 543 271 613 quia
284 560 368 600 mens
381 542 513 600 humana
526 544 697 615 inquinatur
710 562 745 602 ex
757 545 817 602 hoc
829 545 911 616 quod
924 543 1109 602 inferioribus
1121 544 1211 603 rebus
1229 563 1295 603 con·

199 629 339 700 iungitur,
365 629 441 687 sicut
463 629 604 702 quaelibet
624 649 670 688 res
692 649 728 688 ex
749 631 933 689 immixtione
955 631 1064 703 pejoris
1086 631 1240 703 sordescit,
1266 643 1296 692 ut

200 725 354 787 argentum
369 735 405 774 ex
423 717 608 775 immixtione
627 717 750 790 plumbi.
789 717 916 790 Oportet
934 727 1035 776 autem
1054 718 1138 790 quod
1156 737 1242 777 mens
1260 719 1295 778 ab

200 806 387 863 inferioribus
401 805 488 863 rebus
501 805 694 875 abstrahatur,
704 807 742 863 ad
755 806 814 863 hoc
826 805 909 877 quod
921 823 1067 877 supremae
1075 806 1114 863 rei
1126 806 1221 890 possit
1230 826 1296 865 con-

199 893 296 965 jungi,
314 903 344 951 et
357 893 426 952 ideo
439 910 523 950 mens
537 892 600 950 sine
614 893 762 950 munditia
776 892 843 950 Deo
855 892 997 965 applicari
1010 895 1071 951 non
1084 894 1227 966 potest”¹.

352 1046 412 1103 lv.
438 1046 493 1105 De
516 1045 586 1104 Dei
609 1045 781 1104 bonitate
804 1049 842 1102 et
862 1037 1155 1104 misterioordid'⁸

243 1183 291 1252 59.
340 1187 372 1235 1⁰
388 1174 486 1235 Natio
497 1197 508 1236 .·
531 1172 669 1254 Triplex
686 1172 817 1234 bonitas
830 1172 988 1253 distingui
1000 1171 1103 1234 solet:
1127 1174 1297 1252 nattlralir,

201 1297 276 1358 quae
292 1276 324 1338 in
342 1277 414 1357 ipsa
430 1286 556 1338 naturae
572 1274 772 1356 perfettione
795 1276 961 1353 consistit;
985 1276 1126 1351 moralis,
1149 1297 1226 1358 quae
1249 1286 1297 1340 est

201 1379 382 1441 voluntatis
399 1378 613 1440 conformitas
630 1398 704 1440 cum
730 1378 842 1460 regula
866 1399 1005 1456 morum,
1021 1388 1055 1442 et
1078 1401 1097 1442 a
1120 1364 1297 1444 sanctitate

203 1502 268 1543 non
286 1480 396 1544 differt
405 1505 412 1561 3
436 1490 469 1542 et
486 1480 633 1555 relativa,
648 1500 723 1561 quae
739 1491 789 1544 est
805 1483 982 1564 propensio
997 1482 1070 1555 aliis
1086 1483 1297 1565 impertiendi

202 1583 297 1646 bona.
344 1584 397 1645 De
412 1582 562 1645 bonitate
579 1582 643 1643 Dei
660 1584 800 1647 naturali
814 1584 883 1664 jam
901 1586 1029 1667 egimus
1044 1585 1100 1648 ubi
1114 1588 1156 1649 de
1169 1586 1298 1650 infinita

202 1687 272 1768 ejus
288 1684 498 1770 perfectione,
511 1689 552 1750 de
564 1686 714 1750 bonitate
727 1688 842 1749 morali
856 1688 911 1751 ubi
922 1688 964 1749 de
975 1685 1163 1766 sanititatm
1186 1689 1298 1751 dicen-

201 1793 281 1855 dum
299 1793 399 1874 igitur
414 1801 564 1874 superest
579 1792 621 1854 dc
638 1791 776 1854 bonitate
790 1792 858 1873 ejus
874 1789 1021 1867 relativa,
1036 1811 1111 1873 quae
1135 1793 1225 1856 idern
1249 1802 1298 1855 est

202 1917 239 1957 ac
255 1917 348 1957 aanor
360 1896 428 1958 Del
441 1915 519 1976 erga
535 1904 699 1957 creaturas
714 1918 720 1957 :
745 1914 822 1958 nam
839 1895 872 1956 iu
888 1905 1053 1976 quantum¹
1067 1907 1123 1961 eas
1138 1895 1250 1978 diligit
1265 1898 1297 1958 in

202 2009 333 2061 tantum
349 1999 395 2061 eis
411 1998 499 2061 bona
515 1998 586 2061 vult
602 2007 635 2060 et
651 1997 785 2061 confert.
833 1999 917 2060 Haec
932 1999 1045 2061 divina
1060 1998 1193 2062 bonitas
1209 2002 1299 2062 varia

202 2101 322 2182 accipit
337 2100 480 2177 nomina,
497 2117 556 2183 pro
572 2102 669 2164 variis
685 2110 906 2164 creaturarum
924 2121 1006 2182 quas
1018 2100 1119 2164 afficit
1135 2102 1297 2166 conditio-

202 2202 319 2265 nibus:
343 2202 463 2266 dicitur
486 2203 706 2278 benevolentia,
729 2214 893 2284 quatenus
916 2205 948 2266 in
973 2202 1093 2268 affet'tu
1116 2204 1297 2268 voluntatis

203 2306 362 2381 consistit,
389 2305 595 2389 beneficentia,
623 2309 702 2371 dum
730 2293 825 2368 fattis
854 2327 926 2369 sese
956 2306 1156 2393 manifestat,
1173 2307 1296 2388 gratia,

202 2428 304 2489 quum
321 2409 477 2471 creaturis
493 2430 560 2471 non
578 2411 777 2473 merentibus
790 2409 878 2473 bona
889 2410 1152 2491 supernaturalia
1164 2411 1296 2494 dispen-

203 2520 263 2587 sat,
275 2507 461 2587 liberalitas,
472 2533 574 2593 quum
592 2513 724 2594 copiose
740 2513 899 2576 beneficia
912 2513 1056 2595 largitur,
1066 2514 1295 2591 misericordia,

203 2616 339 2695 quando
364 2615 491 2677 miseris
515 2617 681 2693 succurrit,
699 2617 861 2697 patientia
886 2638 942 2679 seu
966 2616 1207 2697 longanimiter,
1223 2639 1294 2681 cum

204 2719 307 2781 malos
324 2721 439 2802 punire
455 2721 607 2796 retardat,
624 2721 788 2783 clementia
811 2741 867 2782 seu
891 2719 1148 2800 magnanimitas
1162 2724 1295 2803 quando

202 2833 338 2905 peccata
353 2824 521 2887 condonat
538 2845 719 2906 poenasque
735 2825 880 2888 remittit.

241 2984 289 3048 60.
335 2993 364 3043 2⁰
388 2988 504 3046 Tlesr's:
527 2962 626 3050 Deus
649 2992 706 3051 est
727 2985 861 3050 infinite
883 2985 999 3052 bonus
1023 2990 1061 3050 et
1082 2986 1291 3054 misericors

206 3083 334 3147 Certant
350 3093 402 3145 est.

245 3185 304 3267 (A)
322 3185 437 3264 script.
485 3186 532 3267 (a)
551 3187 654 3249 Modo
671 3187 815 3267 generali
832 3189 924 3251 Deus
941 3189 1060 3252 dicitur
1075 3208 1193 3250 omnes
1211 3210 1293 3252 crea-

203 3300 292 3352 turas
308 3290 452 3371 diligere,
469 3291 687 3372 omnibusque
703 3291 791 3353 bona
807 3312 866 3354 sua
877 3292 1004 3373 largiri:
1028 3291 1173 3374 “Diligis
1185 3294 1295 3355 omnia

202 3414 277 3475 quae
304 3376 389 3468 sunt,
416 3403 449 3456 et
477 3394 555 3456 nihil
580 3396 679 3457 odisti
707 3416 820 3457 eorum
848 3416 923 3477 quae
955 3396 1123 3459 fecisti...’'3
1168 3396 1293 3462 “Oculi

203 3498 350 3558 omnium
369 3498 401 3558 in
418 3507 451 3560 te
466 3508 609 3579 sperant,
626 3499 787 3576 Domine;
811 3508 844 3561 et
860 3509 895 3561 tu
912 3499 972 3561 das
989 3489 1098 3562 escam
1115 3499 1247 3562 illorum
1263 3500 1294 3560 in

203 3608 351 3681 tempore
364 3611 550 3682 opportuno
565 3625 571 3664 ε
595 3603 702 3683 aperis
715 3613 749 3665 tu
764 3623 898 3665 manum
912 3613 1013 3679 tuam,
1023 3612 1057 3667 et
1069 3603 1188 3685 imples
1198 3623 1295 3667 omne

124 3765 127 3770 .
202 3705 324 3767 animal
338 3705 617 3769 benedittione”4.
664 3707 714 3788 (b)
726 3707 914 3770 Exhibetur
926 3716 962 3768 ut
967 3716 1066 3787 pater
1073 3707 1231 3789 optimuS,
1241 3706 1294 3789 qui

190 3816 262 3870 'nos
280 3818 438 3890 tanquam
452 3809 535 3872 filios
548 3811 734 3872 carissimos
746 3810 862 3891 diligit,
875 3819 908 3873 et
921 3810 979 3873 dat
991 3809 1296 3892 superabundanter

237 4022 289 4075 ¹S.
308 4021 366 4087 Tle,
382 4038 405 4074 2.
423 4037 447 4087 2,
461 4038 486 4090 q.
505 4022 546 4087 81,
563 4040 587 4074 a.
603 4022 627 4074 8.
1161 4038 1164 4043 ’

236 4114 246 4137 ²
260 4110 289 4161 S.
310 4109 404 4162 learn.
424 4111 446 4175 1,
460 4126 486 4178 q.
504 4125 545 4174 21,
556 4126 581 4165 a.
594 4123 623 4178 33
641 4109 835 4174 Lzebermann,
848 4111 864 4163 l.
877 4127 899 4163 c.
912 4107 926 4179 ἓ
940 4110 992 4175 lV;
1004 4109 1103 4177 Knell,
1113 4110 1131 4164 l.
1143 4126 1167 4164 c.
1179 4127 1204 4164 a.
1215 4112 1297 4175 XlV;

187 4199 312 4260 lassans,
329 4216 373 4268 op.
390 4199 436 4254 cit.
455 4200 471 4254 l.
491 4200 535 4254 lX
548 4209 576 4254 et
591 4200 664 4266 Xll;
683 4199 826 4265 Sclreeben,
836 4215 866 4251 n.
876 4200 930 4264 dit)
942 4215 985 4267 sq.

212 4283 305 4356 saal.
322 4289 378 4357 xr,
392 4302 439 4360 25.
457 4322 493 4330 -
506 4292 556 4347 as.
569 4273 712 4359 cxciv,
727 4287 819 4358 ις-ώ.
868 4351 871 4356 ,
