2684 4634
492 189 548 239 DE
567 190 753 240 HOMINE.
1099 180 1166 233 389

65 390 150 445 muS,
178 369 220 432 vi·
238 369 330 450 cujus
357 369 424 432 scil.
452 371 612 447 Adamus‚
632 371 774 452 positiva
802 369 884 449 lege,
911 375 1012 449 caput
1039 364 1163 430 morale

65 474 171 536 totius
182 473 318 535 humani
335 473 464 554 generis
481 475 682 538 constitutus
694 482 744 536 est
757 474 789 534 in
806 472 921 534 ordine
937 471 977 532 ad
996 468 1165 531 transmis-

64 576 195 638 sionem
224 576 357 656 gratiae3
391 574 444 637 hic
472 578 560 638 enim
586 578 727 659 gratiam
753 574 947 656 abjiciendo,
972 572 1164 634 facultatem

64 677 151 741 filios
169 681 202 741 in
219 688 306 742 statu
320 680 437 761 gratiae
452 681 610 762 gignendi
628 680 747 743 amisit.

523 817 712 882 Corollaria.
783 794 787 801 i

109 948 176 1012 192.
227 948 259 996 1⁰
275 935 445 997 Peccatum
461 916 619 1017 originale
639 935 674 997 in
700 935 788 997 nobis
805 945 853 997 est
868 935 1042 996 minimam
1062 933 1095 993 in
1112 952 1165 993 ra-

64 1038 151 1099 tione
175 1037 363 1100 voluntarii.
411 1037 509 1112 Nam,
532 1058 576 1099 ex
600 1035 699 1100 dictis
722 1058 787 1099 non
812 1046 862 1100 est
886 1035 1109 1100 voluntarium
1131 1034 1164 1096 in

63 1141 162 1203 nobis
179 1139 350 1203 voluntate
366 1141 506 1222 propria,
523 1143 581 1203 sed
593 1140 766 1203 voluntate
783 1141 899 1222 capitis
917 1139 1027 1201 nostri.
1076 1139 1165 1199 Hinc

63 1247 110 1307 ait
129 1243 165 1306 S.
184 1243 366 1306 thomae-1
390 1250 406 1276 ‘⁸
421 1245 512 1307 inter
528 1245 641 1307 omnia
657 1255 794 1326 peccata
808 1245 983 1306 minimum
1000 1252 1051 1305 est
1066 1242 1164 1322 origi·

63 1346 149 1421 nale,
162 1366 203 1408 eo
219 1347 308 1426 quod
326 1346 502 1408 minimum
513 1347 613 1411 habet
624 1349 666 1410 de
678 1348 872 1412 voluntario
919 1348 950 1409 N
954 1367 996 1409 on
1014 1347 1102 1408 enim
1116 1354 1166 1408 est

63 1449 288 1512 voluntarium
302 1448 475 1511 voluntate
487 1450 581 1513 istius
594 1452 817 1532 personae,sed
830 1450 1002 1512 voluntate
1014 1440 1165 1531 principii

64 1563 194 1615 naturae
210 1561 350 1615 tantum.
397 1552 574 1614 Peccatum
592 1553 680 1614 enim
701 1550 839 1628 aituale,
853 1551 950 1614 etiarn
967 1551 1099 1626 vern'ole,
1115 1561 1166 1612 est

64 1655 289 1718 voluntarium
309 1654 482 1717 voluntate
507 1655 578 1735 ejus
596 1656 627 1717 in
645 1675 712 1736 quo
735 1664 794 1731 est,
810 1664 843 1718 et
860 1655 935 1717 ideo
953 1654 1061 1716 minor
1067 1664 1165 1734 pana

66 1757 242 1843 (positiva)
257 1759 389 1822 debetur
402 1758 562 1838 originali
574 1779 672 1839 qnam
684 1758 809 1822 veniali
817 1759 841 1823 ’'.

108 1895 178 1960 193.
224 1891 259 1939 2⁰
281 1877 453 1939 Peccatum
483 1877 642 1957 originale
658 1887 723 1957 per
756 1877 898 1940 allz'varn
923 1875 1165 1958 generationem

67 1980 313 2044 transmittitur.

106 2086 167 2167 (A)
182 2087 326 2159 Etenim,
342 2105 386 2146 ex
410 2082 516 2160 ditiis,
533 2085 579 2147 illi
597 2084 658 2147 soli
680 2086 851 2148 incurrunt
867 2085 1028 2166 originale
1051 2105 1166 2166 pecca-

67 2199 135 2252 tum
164 2209 305 2269 quorum
331 2187 485 2250 Adamus
513 2198 707 2269 procurator
735 2187 798 2251 fuit
823 2189 1041 2265 constitutus;
1073 2189 1166 2269 atqui

69 2291 224 2354 Adamus
245 2310 311 2352 non
339 2289 401 2352 suit
427 2291 628 2353 constitutus
652 2299 846 2372 procurator
873 2292 935 2352 nisi
961 2292 1166 2372 posteritatis

69 2417 145 2471 suae,
162 2395 224 2457 i..e.
241 2414 355 2457 eorum
380 2413 464 2474 quos
485 2393 556 2473 ipse
576 2390 684 2455 aliive
711 2403 783 2456 erat
810 2401 1043 2473 generaturus;
1077 2415 1166 2475 erg0.

68 2499 166 2581 Quod
187 2497 287 2560 etiam
312 2495 378 2558 alio
406 2496 507 2557 modo
534 2496 747 2559 ostenditur:
781 2495 890 2560 activa
908 2499 1080 2578 generatio
1096 2508 1167 2560 erat

66 2598 252 2664 vehiculum
278 2599 394 2680 gratiae
418 2599 558 2679 posteris
585 2598 710 2661 Adami
732 2600 951 2674 conferenda,
979 2621 1036 2663 seu
1065 2601 1166 2664 veluti

64 2712 301 2768 sacramentnm
321 2722 388 2783 quo
408 2702 515 2781 gratia
531 2702 577 2763 eis
595 2702 733 2764 conferri
750 2702 911 2778 debebat;
943 2723 1022 2782 ergo
1045 2705 1167 2784 pariter

64 2807 236 2891 generatio
260 2815 310 2869 est
333 2807 386 2867 via
409 2807 476 2885 qui
496 2814 700 2887 propagatur
723 2805 883 2886 originale
906 2815 1089 2887 peccatum,
1107 2828 1164 2869 seu

64 2911 207 2995 privatio
221 2909 347 2989 gratiae.

106 3015 169 3095 (B)
180 3010 404 3076 Confirmatur
420 3032 463 3073 ex
483 3011 672 3073 Tridentino
687 3012 841 3074 dicente:
866 3016 881 3043 “
897 3012 973 3073 Hoc
989 3013 1077 3075 Adae
1091 3034 1164 3094 pec-

62 3115 281 3197 catum,qu0d
295 3114 422 3194 origine
435 3135 537 3177 unum
550 3126 609 3192 est,
622 3124 655 3178 et
659 3116 895 3196 propagatione
904 3136 969 3177 non
982 3117 1167 3180 imitatione

62 3219 267 3284 transfusum
278 3218 294 3243 ’'
309 3219 327 3296 (
329 3216 415 3281 Sess.
433 3217 474 3294 V,
492 3224 533 3298 3).

108 3324 201 3387 Hinc
224 3322 337 3385 anima
354 3341 419 3384 non
438 3320 604 3383 contrahit
619 3331 794 3403 peccatum
813 3322 874 3383 nisi
891 3343 931 3383 eo
948 3323 1083 3384 instanti
1101 3344 1167 3403 quo

62 3427 193 3510 corpori
222 3425 426 3488 infunditur:
473 3435 551 3486 tunc
582 3428 670 3487 enim
706 3426 808 3487 homo
839 3427 956 3505 incipit
984 3446 1055 3488 esse
1080 3426 1165 3488 filius

62 3531 199 3597 Adami.
246 3530 364 3610 Neque
382 3528 473 3590 Deus
491 3537 542 3590 est
558 3525 672 3591 auctor
689 3527 827 3590 maculae
852 3548 926 3607 qua:
944 3538 1023 3588 tunc
1041 3529 1166 3590 inveni-

62 3647 116 3699 tur
132 3636 167 3696 in
183 3634 311 3713 anima;
334 3632 458 3694 creavit
474 3633 638 3712 siquidem
655 3633 801 3693 animam
819 3631 891 3691 sine
906 3632 1022 3711 gratia,
1038 3632 1096 3692 sed
1114 3652 1166 3692 ca-

62 3738 172 3800 rentia
186 3735 303 3818 gratiae
317 3734 349 3796 in
364 3755 477 3796 senon
491 3744 541 3797 est
554 3744 736 3817 peccatum,
748 3754 808 3794 nec
825 3732 861 3794 fit
878 3733 944 3794 tale
957 3733 1018 3793 nisi
1031 3736 1166 3813 quando

62 3841 185 3914 anima,
212 3858 287 3918 quae
310 3838 417 3919 gratia
441 3847 540 3915 caret,
564 3838 602 3900 fit
626 3859 701 3920 pars
725 3837 902 3917 compositi
938 3837 1026 3916 quod
1056 3838 1163 3917 gratia

61 3943 172 4005 ornari
189 3940 333 4003 deberet.
370 3939 448 4022 Quo
461 3939 669 4023 pattoetiam
689 3940 829 4021 intelligi
846 3943 945 4003 datur
960 3943 1049 4020 quod
1067 3962 1164 4004 sensu

62 4048 95 4109 in
113 4046 252 4109 Adamo
264 4048 528 4126 peccaverimus;
551 4045 706 4108 videlicet
722 4065 838 4106 omnes
852 4045 1005 4107 homines
1019 4046 1165 4109 virtuali-

61 4159 111 4212 ter
127 4150 312 4211 existentes
330 4150 362 4210 in
378 4150 522 4224 Adamo,
533 4149 588 4229 qui
602 4158 672 4211 erat
685 4159 786 4229 caput
804 4149 943 4211 mortale
955 4150 1057 4210 totius
1070 4170 1166 4231 gene·

91 4338 145 4388 ¹In
158 4337 192 4387 II
203 4335 264 4395 dist.
276 4349 321 4404 33,
337 4353 363 4406 q.
377 4353 401 4403 e,
416 4355 441 4391 a.
459 4356 472 4390 1
488 4338 526 4392 ad
541 4355 565 4395 2.
