2684 4634
542 176 600 227 DE
618 175 808 226 HOMINE.
1158 176 1223 226 367

113 357 314 435 substantia,
329 359 387 422 sed
403 378 446 422 ex
462 359 746 421 communicatione
760 357 898 420 alterius
912 357 1098 420 sanllitatis
1112 350 1227 420 sanila

117 461 292 544 perficitur
301 461 317 487 ”
325 470 345 524 1.'

118 564 172 647 (b)
187 564 331 628 Ecclesia
347 565 477 648 pariter,
493 565 666 647 oppositos
682 585 806 628 errores
823 565 1024 640 damnando,
1041 567 1122 628 satis
1138 566 1225 629 clare
1251 572 1253 577 '

120 677 272 731 mentem
288 688 382 731 suam
399 671 544 751 aperuit;
567 670 730 750 siquidem
748 671 909 731 damnata
926 669 987 731 suit
1009 690 1028 731 a
1052 669 1086 732 S.
1102 669 1166 732 Pio
1192 671 1226 745 V,

120 771 243 835 saltem
260 781 297 834 ut
303 772 406 852 falsa,
421 793 562 854 sequens
579 773 649 836 Baii
663 773 865 854 propositio:
889 776 905 803 “
918 773 1086 835 Humanae
1099 784 1226 836 naturae
1316 802 1319 807 ·

120 875 318 939 sublimatio
333 885 366 938 et
382 877 545 940 exaltatio
562 878 594 939 in
611 879 814 940 consortium
831 876 952 939 divinae
969 886 1096 939 naturae
1113 876 1226 940 debita

122 975 186 1039 fuit
203 976 389 1056 integritati
405 974 522 1058 primae
546 978 757 1053 conditionis,
773 987 806 1040 et
831 980 970 1060 proinde
995 980 1154 1042 naturalis
1177 981 1226 1043 di·

121 1079 232 1141 cenda
248 1087 307 1154 est,
323 1099 389 1141 non
406 1082 718 1161 supernaturalis”2;
742 1101 819 1143 vera
831 1091 881 1143 est
895 1083 994 1163 igitur
1006 1081 1226 1146 contradidto-

123 1183 181 1259 ria,
190 1181 337 1245 scilicet:
354 1182 429 1245 talis
439 1183 579 1246 elevatio
590 1194 640 1247 est
650 1184 916 1265 supernaturalis
954 1186 1116 1248 Praeterea
1127 1187 1226 1250 Cone.

104 1342 110 1349 .
131 1285 313 1349 Vicmrcnse
322 1295 358 1349 ut
366 1287 546 1350 haercticam
560 1288 731 1351 damnavit
742 1297 934 1368 sequentem
945 1291 1206 1370 propositionem
1221 1314 1226 1353 :

123 1386 326 1469 “Quaelibet
348 1385 580 1450 intelledtualis
603 1397 752 1449 creatura
776 1389 807 1450 in
831 1391 939 1471 seipsa
962 1402 1013 1455 est
1035 1394 1228 1456 naturaliter

123 1491 227 1553 beata
244 1488 315 1572 (seu
332 1490 499 1553 destinata
514 1490 556 1552 ad
573 1489 735 1551 visionem
753 1488 967 1572 beatificam),
983 1502 1016 1554 et
1033 1494 1144 1554 anima
1160 1514 1226 1556 non

125 1594 258 1675 indiget
274 1591 398 1655 lumine
411 1592 534 1674 gloriae,
547 1592 653 1672 ipsam
666 1590 818 1655 elevante
830 1594 872 1654 ad
887 1595 996 1657 Deum
1011 1596 1190 1659 videndum
1200 1598 1228 1674 '';

126 1697 230 1779 igitur
245 1695 288 1758 de
304 1696 368 1759 fide
380 1706 431 1759 est
442 1692 707 1770 contradidioria,
719 1695 862 1758 scilieet:
886 1698 997 1780 aliqua
1009 1699 1126 1762 saltem
1140 1721 1227 1762 crea-

126 1811 203 1864 tura
227 1799 460 1864 intelledtualis
485 1820 551 1862 non
576 1800 762 1863 destinatur
786 1801 979 1864 naturaliter
1003 1804 1044 1865 ad
1068 1804 1227 1866 visionem

127 1902 329 1980 beatificam,
345 1913 379 1967 et
394 1905 505 1966 anima
528 1913 643 1966 nostra
664 1903 792 1984 indiget
813 1904 937 1967 lumine
958 1906 1229 1989 (supernaturali)

127 2006 246 2088 gloriae
261 2008 304 2091 ad
323 2008 433 2070 Deum
449 2007 640 2070 videndum.

173 2109 297 2192 Quoad
313 2106 504 2192 opinionem
518 2110 675 2191 Rz'paldoe,
688 2131 858 2192 nunquam
871 2113 1031 2175 damnata
1044 2113 1114 2191 suit,
1123 2116 1179 2179 sed
1193 2125 1229 2179 ut

129 2215 200 2296 ipse
217 2213 367 2291 fatetur³‚
384 2221 399 2248 “
410 2235 532 2296 magna
548 2224 625 2278 sunt
641 2215 831 2277 testimonia
847 2236 918 2296 quae
932 2215 1043 2279 favent
1055 2220 1229 2282 sententiae

131 2320 268 2399 neganti
285 2318 445 2401 (aliquam
463 2329 646 2383 creaturam
661 2320 851 2400 possibilem
865 2340 936 2382 esse
948 2322 1000 2383 cui
1012 2323 1119 2403 gratia
1131 2324 1229 2386 debe-

132 2421 243 2502 retur),
259 2421 401 2503 ideoque
417 2422 535 2485 merito
551 2421 671 2485 stando
683 2419 871 2485 auetoritati
885 2424 1052 2486 affirmans
1065 2429 1229 2488 sententia

131 2524 285 2588 absolute
300 2525 561 2606 posthabenda’'.
606 2526 668 2590 Cui
684 2525 761 2588 addi
779 2536 898 2607 potest,
914 2548 932 2589 a
949 2537 1098 2609 tempore
1117 2530 1228 2612 Ripal-

133 2628 192 2705 dae,
209 2628 337 2692 nullum
354 2629 421 2717 fere
436 2630 629 2710 theologum
646 2628 784 2710 alicujus
800 2631 944 2692 nominis
955 2631 1026 2712 ejus
1038 2633 1229 2712 opinionem

133 2732 328 2815 amplexum
356 2722 471 2812 fuisse;
503 2735 591 2798 unde
617 2735 783 2798 sententia
810 2745 923 2797 nostra
945 2755 1021 2798 vere
1044 2739 1229 2800 communis

133 2837 244 2900 evasit.

175 2974 242 3055 167.
289 2973 347 3056 (C)
361 2974 501 3037 Ratione
516 2973 749 3037 confirmatur:
775 2975 825 3056 (a)
843 2976 929 3039 Illud
947 2977 1035 3039 enim
1052 2979 1141 3059 quod
1158 3001 1230 3061 pcr-

134 3077 216 3141 tinet
232 3077 276 3140 ad
292 3077 470 3139 essentiam
486 3086 519 3140 et
536 3072 688 3141 naturam
713 3077 865 3153 hominis,
882 3099 947 3141 non
972 3091 1083 3161 potest
1105 3084 1230 3160 amitti;

135 3181 285 3244 essentiae
301 3181 388 3242 enim
405 3189 482 3242 sunt
499 3179 723 3242 immutabiles
733 3201 740 3257 ;
767 3182 868 3261 atqui,
884 3184 990 3262 gratia
1007 3183 1142 3247 Adamo
1165 3186 1230 3247 col-

135 3283 207 3361 lata,
224 3283 287 3346 fuit
303 3283 345 3345 ab
361 3282 433 3364 ipso
449 3283 586 3360 amissa;
610 3302 688 3363 ergo
705 3285 746 3346 ad
761 3293 913 3346 naturam
925 3286 996 3366 ejus
1010 3308 1074 3348 non
1089 3289 1230 3367 pertine-

135 3380 713 3467 mmmmfflwm'

135 3491 181 3575 (b)
198 3492 410 3572 Cognoscere
427 3490 536 3553 Deum
553 3490 641 3552 clare
653 3500 686 3553 et
699 3491 851 3554 intuitive
863 3501 914 3553 est
927 3493 1094 3573 proprium
1108 3502 1141 3554 et
1153 3513 1230 3555 con-

136 3594 284 3658 naturale
300 3594 375 3656 Deo
390 3593 475 3656 sicut
491 3603 541 3657 est
557 3595 725 3674 proprium
744 3595 810 3674 igni
827 3596 916 3675 quod
933 3595 1104 3657 calefaciat
1120 3606 1154 3657 et
1170 3596 1230 3657 soli

136 3700 221 3781 quod
238 3698 406 3762 illuminet
413 3722 421 3779 ;
445 3718 522 3761 nam
537 3699 650 3760 divina
666 3699 809 3760 essentia
824 3707 875 3760 est
898 3697 1035 3760 infinitae
1059 3696 1230 3779 perfeetio-

137 3805 191 3880 nis,
218 3801 422 3866 a&ualitatis
448 3811 482 3865 et
512 3802 812 3877 immaterialitatis,
842 3803 1048 3883 proindeque
1080 3804 1231 3865 intuitive

137 3909 235 3972 videri
253 3908 369 3987 nequit
385 3906 580 3969 naturaliter
604 3908 666 3968 nisi
690 3907 733 3968 ab
757 3903 926 3968 intelledtu
950 3907 1100 3986 ejusdem
1125 3906 1202 3987 perf
1220 3944 1230 3952 -

137 4011 253 4075 &ionis
269 4022 303 4075 et
319 4009 520 4073 adtualitatis
530 4032 537 4088 ;
561 4012 651 4091 atqui
669 4010 757 4090 quod
775 4021 825 4071 est
842 4010 1009 4090 proprium
1036 4010 1109 4083 Dei,
1125 4029 1232 4089 neque

167 4216 176 4239 ¹
194 4216 348 4285 Didymus,
361 4214 397 4267 de
411 4211 515 4282 Spiritu
529 4213 567 4280 S.,
581 4229 603 4266 c.
625 4227 645 4265 1.
659 4242 694 4249 --
706 4207 716 4238 ²
729 4212 781 4279 Ap.
800 4211 935 4279 Denaing.
951 4227 977 4264 n.
995 4224 1055 4279 901.

167 4298 273 4370 ³Disp.
288 4301 404 4364 XXIII,
419 4316 446 4356 n.
465 4301 505 4369 58.
