<?xml version="1.0" encoding="UTF-8"?>
<!DOCTYPE html PUBLIC "-//W3C//DTD XHTML 1.0 Transitional//EN"
    "http://www.w3.org/TR/xhtml1/DTD/xhtml1-transitional.dtd">
<html xmlns="http://www.w3.org/1999/xhtml" xml:lang="en" lang="en">
 <head>
  <title>
</title>
<meta http-equiv="Content-Type" content="text/html;charset=utf-8" />
  <meta name='ocr-system' content='tesseract 3.04.00' />
  <meta name='ocr-capabilities' content='ocr_page ocr_carea ocr_par ocr_line ocrx_word'/>
</head>
<body>
  <div class='ocr_page' id='page_1' title='image "./synopsistheolog00tanqgoog_0559.png"; bbox 0 0 2684 4634; ppageno 0'>
   <div class='ocr_carea' id='block_1_1' title="bbox 117 186 772 245">
    <p class='ocr_par' dir='ltr' id='par_1_1' title="bbox 117 186 772 245">
     <span class='ocr_line' id='line_1_1' title="bbox 117 186 772 245; baseline -0.008 0"><span class='ocrx_word' id='word_1_1' title='bbox 117 195 182 245; x_wconf 87' lang='grc'>538</span> <span class='ocrx_word' id='word_1_2' title='bbox 558 186 772 243; x_wconf 74' lang='lat' dir='ltr'>CAPUT&#39;III.</span> 
     </span>
    </p>
   </div>
   <div class='ocr_carea' id='block_1_2' title="bbox 118 372 1221 2505">
    <p class='ocr_par' dir='ltr' id='par_1_2' title="bbox 118 372 1218 659">
     <span class='ocr_line' id='line_1_2' title="bbox 118 372 1218 453; baseline 0.001 -17"><span class='ocrx_word' id='word_1_3' title='bbox 118 375 191 436; x_wconf 88' lang='lat' dir='ltr'>ciali</span> <span class='ocrx_word' id='word_1_4' title='bbox 215 374 365 436; x_wconf 92' lang='lat' dir='ltr'>dominio</span> <span class='ocrx_word' id='word_1_5' title='bbox 382 372 503 436; x_wconf 85' lang='lat' dir='ltr'>Christi</span> <span class='ocrx_word' id='word_1_6' title='bbox 527 382 605 449; x_wconf 88' lang='lat' dir='ltr'>erat,</span> <span class='ocrx_word' id='word_1_7' title='bbox 619 372 719 453; x_wconf 89' lang='lat' dir='ltr'>juxta</span> <span class='ocrx_word' id='word_1_8' title='bbox 742 372 823 436; x_wconf 91' lang='lat' dir='ltr'>illud</span> <span class='ocrx_word' id='word_1_9' title='bbox 847 373 1015 436; x_wconf 87' lang='lat' dir='ltr'>axioma:</span> <span class='ocrx_word' id='word_1_10' title='bbox 1052 379 1070 407; x_wconf 89' lang='lat'>“</span> <span class='ocrx_word' id='word_1_11' title='bbox 1088 377 1218 437; x_wconf 67' lang='lat' dir='ltr'>allieurs</span> 
     </span>
     <span class='ocr_line' id='line_1_3' title="bbox 118 475 1218 556; baseline -0.001 -18"><span class='ocrx_word' id='word_1_12' title='bbox 118 479 195 539; x_wconf 81' lang='lat' dir='ltr'>sunt</span> <span class='ocrx_word' id='word_1_13' title='bbox 207 477 442 556; x_wconf 80' lang='lat' dir='ltr'>suppositorum</span> <span class='ocrx_word' id='word_1_14' title='bbox 454 475 491 549; x_wconf 87' lang='lat'>&#39;&#39;,·</span> <span class='ocrx_word' id='word_1_15' title='bbox 514 495 602 556; x_wconf 88' lang='lat' dir='ltr'>ergo,</span> <span class='ocrx_word' id='word_1_16' title='bbox 619 475 770 539; x_wconf 89' lang='lat' dir='ltr'>Christus</span> <span class='ocrx_word' id='word_1_17' title='bbox 787 476 897 555; x_wconf 90' lang='lat' dir='ltr'>potuit</span> <span class='ocrx_word' id='word_1_18' title='bbox 913 476 1117 539; x_wconf 82' lang='lat' dir='ltr'>satisfacere</span> <span class='ocrx_word' id='word_1_19' title='bbox 1134 479 1218 540; x_wconf 89' lang='lat' dir='ltr'>bonis</span> 
     </span>
     <span class='ocr_line' id='line_1_4' title="bbox 120 579 768 659; baseline -0.002 -19"><span class='ocrx_word' id='word_1_20' title='bbox 120 579 269 659; x_wconf 86' lang='lat' dir='ltr'>propriis.</span> <span class='ocrx_word' id='word_1_21' title='bbox 628 598 632 602; x_wconf 87' lang='lat'>·</span> <span class='ocrx_word' id='word_1_22' title='bbox 765 624 768 629; x_wconf 85' lang='lat'>-</span> 
     </span>
    </p>

    <p class='ocr_par' dir='ltr' id='par_1_3' title="bbox 121 677 1221 1786">
     <span class='ocr_line' id='line_1_5' title="bbox 165 677 1219 762; baseline 0.003 -23"><span class='ocrx_word' id='word_1_23' title='bbox 165 679 230 754; x_wconf 86' lang='lat'>198.</span> <span class='ocrx_word' id='word_1_24' title='bbox 280 690 315 755; x_wconf 84' lang='lat'>3⁰</span> <span class='ocrx_word' id='word_1_25' title='bbox 339 677 395 738; x_wconf 80' lang='lat' dir='ltr'>Ex</span> <span class='ocrx_word' id='word_1_26' title='bbox 417 677 503 738; x_wconf 83' lang='lat' dir='ltr'>alias</span> <span class='ocrx_word' id='word_1_27' title='bbox 528 678 686 740; x_wconf 83' lang='lat' dir='ltr'>indebitis.</span> <span class='ocrx_word' id='word_1_28' title='bbox 733 677 865 740; x_wconf 89' lang='lat' dir='ltr'>Asserit</span> <span class='ocrx_word' id='word_1_29' title='bbox 898 679 1041 759; x_wconf 89' lang='lat' dir='ltr'>quidem</span> <span class='ocrx_word' id='word_1_30' title='bbox 1069 681 1219 762; x_wconf 87' lang='lat' dir='ltr'>Vasquez</span> 
     </span>
     <span class='ocr_line' id='line_1_6' title="bbox 121 777 1220 858; baseline 0.003 -17"><span class='ocrx_word' id='word_1_31' title='bbox 121 801 237 843; x_wconf 90' lang='lat' dir='ltr'>omnes</span> <span class='ocrx_word' id='word_1_32' title='bbox 260 777 407 842; x_wconf 64' lang='lat' dir='ltr'>attiones</span> <span class='ocrx_word' id='word_1_33' title='bbox 435 780 557 844; x_wconf 89' lang='lat' dir='ltr'>Christi</span> <span class='ocrx_word' id='word_1_34' title='bbox 585 802 657 844; x_wconf 90' lang='lat' dir='ltr'>esse</span> <span class='ocrx_word' id='word_1_35' title='bbox 684 781 759 843; x_wconf 91' lang='lat' dir='ltr'>Deo</span> <span class='ocrx_word' id='word_1_36' title='bbox 782 781 915 844; x_wconf 90' lang='lat' dir='ltr'>debitas</span> <span class='ocrx_word' id='word_1_37' title='bbox 938 802 984 844; x_wconf 92' lang='lat' dir='ltr'>ex</span> <span class='ocrx_word' id='word_1_38' title='bbox 1009 783 1090 846; x_wconf 91' lang='lat' dir='ltr'>aliis</span> <span class='ocrx_word' id='word_1_39' title='bbox 1110 785 1220 858; x_wconf 86' lang='lat' dir='ltr'>titulis,</span> 
     </span>
     <span class='ocr_line' id='line_1_7' title="bbox 121 883 1220 964; baseline 0.003 -20"><span class='ocrx_word' id='word_1_40' title='bbox 121 883 246 945; x_wconf 90' lang='lat' dir='ltr'>scilicet</span> <span class='ocrx_word' id='word_1_41' title='bbox 272 883 370 944; x_wconf 92' lang='lat' dir='ltr'>titulo</span> <span class='ocrx_word' id='word_1_42' title='bbox 397 884 581 959; x_wconf 68' lang='lat' dir='ltr'>creationis</span> <span class='ocrx_word' id='word_1_43' title='bbox 605 884 827 964; x_wconf 68' lang='lat' dir='ltr'>gratitudinis</span> <span class='ocrx_word' id='word_1_44' title='bbox 848 883 1021 964; x_wconf 87' lang='lat' dir='ltr'>religionis</span> <span class='ocrx_word' id='word_1_45' title='bbox 1050 895 1118 949; x_wconf 91' lang='lat' dir='ltr'>etc.</span> <span class='ocrx_word' id='word_1_46' title='bbox 1166 888 1220 948; x_wconf 92' lang='lat' dir='ltr'>Re·</span> 
     </span>
     <span class='ocr_line' id='line_1_8' title="bbox 122 983 1221 1070; baseline 0.003 -24"><span class='ocrx_word' id='word_1_47' title='bbox 122 987 305 1066; x_wconf 93' lang='lat' dir='ltr'>spondetur</span> <span class='ocrx_word' id='word_1_48' title='bbox 320 983 668 1049; x_wconf 71' lang='lat' dir='ltr'>eademdistinftione</span> <span class='ocrx_word' id='word_1_49' title='bbox 686 1008 694 1050; x_wconf 75' lang='grc' dir='ltr'>ι</span> <span class='ocrx_word' id='word_1_50' title='bbox 717 986 842 1050; x_wconf 92' lang='lat' dir='ltr'>scilicet</span> <span class='ocrx_word' id='word_1_51' title='bbox 858 985 1221 1070; x_wconf 50' lang='lat' dir='ltr'>illae‘actionesplzysicc</span> 
     </span>
     <span class='ocr_line' id='line_1_9' title="bbox 123 1086 1220 1170; baseline 0.001 -20"><span class='ocrx_word' id='word_1_52' title='bbox 123 1086 291 1168; x_wconf 69' lang='lat' dir='ltr'>spectata,</span> <span class='ocrx_word' id='word_1_53' title='bbox 305 1090 379 1151; x_wconf 89' lang='lat' dir='ltr'>Deo</span> <span class='ocrx_word' id='word_1_54' title='bbox 394 1090 529 1170; x_wconf 90' lang='lat' dir='ltr'>quidem</span> <span class='ocrx_word' id='word_1_55' title='bbox 546 1089 755 1152; x_wconf 84' lang='lat' dir='ltr'>debebantur</span> <span class='ocrx_word' id='word_1_56' title='bbox 770 1089 912 1167; x_wconf 87' lang='lat' dir='ltr'>aliunde,</span> <span class='ocrx_word' id='word_1_57' title='bbox 926 1092 984 1152; x_wconf 89' lang='lat' dir='ltr'>sed</span> <span class='ocrx_word' id='word_1_58' title='bbox 997 1091 1032 1154; x_wconf 90' lang='lat' dir='ltr'>in</span> <span class='ocrx_word' id='word_1_59' title='bbox 1048 1113 1112 1155; x_wconf 86' lang='lat' dir='ltr'>suo</span> <span class='ocrx_word' id='word_1_60' title='bbox 1123 1093 1220 1155; x_wconf 84' lang='lat' dir='ltr'>valore</span> 
     </span>
     <span class='ocr_line' id='line_1_10' title="bbox 124 1191 1219 1281; baseline 0.004 -30"><span class='ocrx_word' id='word_1_61' title='bbox 124 1191 250 1265; x_wconf 83' lang='lat' dir='ltr'>morali,</span> <span class='ocrx_word' id='word_1_62' title='bbox 266 1193 308 1254; x_wconf 91' lang='lat' dir='ltr'>ad</span> <span class='ocrx_word' id='word_1_63' title='bbox 325 1192 432 1254; x_wconf 90' lang='lat' dir='ltr'>solum</span> <span class='ocrx_word' id='word_1_64' title='bbox 450 1192 618 1255; x_wconf 91' lang='lat' dir='ltr'>Christum</span> <span class='ocrx_word' id='word_1_65' title='bbox 636 1193 858 1273; x_wconf 87' lang='lat' dir='ltr'>pertinebant,</span> <span class='ocrx_word' id='word_1_66' title='bbox 874 1194 932 1274; x_wconf 94' lang='lat' dir='ltr'>qui</span> <span class='ocrx_word' id='word_1_67' title='bbox 949 1203 1073 1276; x_wconf 89' lang='lat' dir='ltr'>utpote</span> <span class='ocrx_word' id='word_1_68' title='bbox 1091 1195 1219 1281; x_wconf 86' lang='lat' dir='ltr'>aequalis</span> 
     </span>
     <span class='ocr_line' id='line_1_11' title="bbox 126 1295 1218 1377; baseline 0.002 -22"><span class='ocrx_word' id='word_1_69' title='bbox 126 1295 223 1370; x_wconf 91' lang='lat' dir='ltr'>Patri,</span> <span class='ocrx_word' id='word_1_70' title='bbox 251 1295 375 1356; x_wconf 90' lang='lat' dir='ltr'>nullam</span> <span class='ocrx_word' id='word_1_71' title='bbox 399 1295 544 1357; x_wconf 90' lang='lat' dir='ltr'>habebat</span> <span class='ocrx_word' id='word_1_72' title='bbox 566 1295 808 1376; x_wconf 87' lang='lat' dir='ltr'>obligationem</span> <span class='ocrx_word' id='word_1_73' title='bbox 834 1298 967 1377; x_wconf 88' lang='lat' dir='ltr'>proprie</span> <span class='ocrx_word' id='word_1_74' title='bbox 996 1295 1128 1360; x_wconf 74' lang='lat' dir='ltr'>dictam</span> <span class='ocrx_word' id='word_1_75' title='bbox 1153 1317 1218 1377; x_wconf 87' lang='lat' dir='ltr'>erga</span> 
     </span>
     <span class='ocr_line' id='line_1_12' title="bbox 126 1389 1217 1478; baseline 0.003 -21"><span class='ocrx_word' id='word_1_76' title='bbox 126 1389 246 1458; x_wconf 88' lang='lat' dir='ltr'>Deum.</span> <span class='ocrx_word' id='word_1_77' title='bbox 299 1398 439 1477; x_wconf 90' lang='lat' dir='ltr'>Insuper</span> <span class='ocrx_word' id='word_1_78' title='bbox 466 1395 615 1460; x_wconf 74' lang='lat' dir='ltr'>aftiones</span> <span class='ocrx_word' id='word_1_79' title='bbox 643 1398 776 1474; x_wconf 87' lang='lat' dir='ltr'>Christi,</span> <span class='ocrx_word' id='word_1_80' title='bbox 802 1407 921 1478; x_wconf 92' lang='lat' dir='ltr'>utpote</span> <span class='ocrx_word' id='word_1_81' title='bbox 946 1397 1071 1463; x_wconf 89' lang='lat' dir='ltr'>infiniti</span> <span class='ocrx_word' id='word_1_82' title='bbox 1100 1401 1217 1472; x_wconf 88' lang='lat' dir='ltr'>valoris,</span> 
     </span>
     <span class='ocr_line' id='line_1_13' title="bbox 126 1499 1216 1585; baseline 0.004 -25"><span class='ocrx_word' id='word_1_83' title='bbox 126 1508 279 1580; x_wconf 89' lang='lat' dir='ltr'>poterant</span> <span class='ocrx_word' id='word_1_84' title='bbox 289 1500 386 1562; x_wconf 90' lang='lat' dir='ltr'>simul</span> <span class='ocrx_word' id='word_1_85' title='bbox 399 1500 536 1563; x_wconf 91' lang='lat' dir='ltr'>diversis</span> <span class='ocrx_word' id='word_1_86' title='bbox 548 1500 808 1582; x_wconf 87' lang='lat' dir='ltr'>obligationibus</span> <span class='ocrx_word' id='word_1_87' title='bbox 821 1499 1014 1564; x_wconf 85' lang='lat' dir='ltr'>satisfacere</span> <span class='ocrx_word' id='word_1_88' title='bbox 1021 1524 1029 1580; x_wconf 92' lang='lat'>;</span> <span class='ocrx_word' id='word_1_89' title='bbox 1046 1506 1128 1566; x_wconf 87' lang='lat' dir='ltr'>nam</span> <span class='ocrx_word' id='word_1_90' title='bbox 1140 1503 1216 1585; x_wconf 91' lang='lat' dir='ltr'>quod</span> 
     </span>
     <span class='ocr_line' id='line_1_14' title="bbox 125 1588 1217 1683; baseline -0.001 -19"><span class='ocrx_word' id='word_1_91' title='bbox 125 1623 169 1664; x_wconf 89' lang='lat' dir='ltr'>ex</span> <span class='ocrx_word' id='word_1_92' title='bbox 184 1601 314 1682; x_wconf 76' lang='lat' dir='ltr'>justitia</span> <span class='ocrx_word' id='word_1_93' title='bbox 329 1602 477 1678; x_wconf 88' lang='lat' dir='ltr'>solvitur,</span> <span class='ocrx_word' id='word_1_94' title='bbox 493 1612 605 1683; x_wconf 90' lang='lat' dir='ltr'>potest</span> <span class='ocrx_word' id='word_1_95' title='bbox 628 1603 725 1665; x_wconf 92' lang='lat' dir='ltr'>simul</span> <span class='ocrx_word' id='word_1_96' title='bbox 750 1622 793 1664; x_wconf 90' lang='lat' dir='ltr'>ex</span> <span class='ocrx_word' id='word_1_97' title='bbox 817 1603 1010 1666; x_wconf 68' lang='lat' dir='ltr'>obedientia</span> <span class='ocrx_word' id='word_1_98' title='bbox 1032 1614 1067 1667; x_wconf 93' lang='lat' dir='ltr'>et</span> <span class='ocrx_word' id='word_1_99' title='bbox 1082 1588 1217 1668; x_wconf 25' lang='lat' dir='ltr'>*caritate</span> 
     </span>
     <span class='ocr_line' id='line_1_15' title="bbox 126 1691 1129 1786; baseline 0.001 -18"><span class='ocrx_word' id='word_1_100' title='bbox 126 1706 204 1780; x_wconf 88' lang='lat' dir='ltr'>fieri,</span> <span class='ocrx_word' id='word_1_101' title='bbox 220 1715 254 1767; x_wconf 93' lang='lat' dir='ltr'>et</span> <span class='ocrx_word' id='word_1_102' title='bbox 270 1707 316 1768; x_wconf 92' lang='lat' dir='ltr'>sic</span> <span class='ocrx_word' id='word_1_103' title='bbox 333 1705 548 1786; x_wconf 89' lang='lat' dir='ltr'>multiplicem</span> <span class='ocrx_word' id='word_1_104' title='bbox 566 1706 687 1769; x_wconf 92' lang='lat' dir='ltr'>habere</span> <span class='ocrx_word' id='word_1_105' title='bbox 703 1707 859 1769; x_wconf 90' lang='lat' dir='ltr'>valorem.</span> <span class='ocrx_word' id='word_1_106' title='bbox 1127 1691 1129 1695; x_wconf 42' lang='grc'><strong>’</strong></span> 
     </span>
    </p>

    <p class='ocr_par' dir='ltr' id='par_1_4' title="bbox 127 1807 1219 2505">
     <span class='ocr_line' id='line_1_16' title="bbox 170 1807 1213 1892; baseline -0.003 -20"><span class='ocrx_word' id='word_1_107' title='bbox 170 1825 237 1888; x_wconf 86' lang='lat'>199.</span> <span class='ocrx_word' id='word_1_108' title='bbox 283 1821 320 1886; x_wconf 90' lang='lat'>40</span> <span class='ocrx_word' id='word_1_109' title='bbox 333 1809 484 1870; x_wconf 90' lang='lat' dir='ltr'>Tandem</span> <span class='ocrx_word' id='word_1_110' title='bbox 509 1807 660 1885; x_wconf 89' lang='lat' dir='ltr'>creditor,</span> <span class='ocrx_word' id='word_1_111' title='bbox 676 1828 734 1870; x_wconf 89' lang='lat' dir='ltr'>seu</span> <span class='ocrx_word' id='word_1_112' title='bbox 752 1808 854 1883; x_wconf 92' lang='lat' dir='ltr'>Deus,</span> <span class='ocrx_word' id='word_1_113' title='bbox 870 1809 1050 1872; x_wconf 91' lang='lat' dir='ltr'>tenebatur</span> <span class='ocrx_word' id='word_1_114' title='bbox 1074 1812 1213 1892; x_wconf 89' lang='lat' dir='ltr'>accipere</span> 
     </span>
     <span class='ocr_line' id='line_1_17' title="bbox 127 1909 1215 1988; baseline -0.001 -16"><span class='ocrx_word' id='word_1_115' title='bbox 127 1911 212 1973; x_wconf 89' lang='lat' dir='ltr'>hanc</span> <span class='ocrx_word' id='word_1_116' title='bbox 223 1910 345 1974; x_wconf 90' lang='lat' dir='ltr'>Christi</span> <span class='ocrx_word' id='word_1_117' title='bbox 361 1909 637 1987; x_wconf 62' lang='lat' dir='ltr'>satisfactionem</span> <span class='ocrx_word' id='word_1_118' title='bbox 661 1931 748 1986; x_wconf 90' lang='lat' dir='ltr'>nam,</span> <span class='ocrx_word' id='word_1_119' title='bbox 764 1920 801 1973; x_wconf 94' lang='lat' dir='ltr'>ut</span> <span class='ocrx_word' id='word_1_120' title='bbox 816 1911 974 1988; x_wconf 81' lang='lat' dir='ltr'>diximuS,</span> <span class='ocrx_word' id='word_1_121' title='bbox 988 1911 1145 1976; x_wconf 92' lang='lat' dir='ltr'>Christus</span> <span class='ocrx_word' id='word_1_122' title='bbox 1160 1912 1215 1974; x_wconf 90' lang='lat' dir='ltr'>fue·</span> 
     </span>
     <span class='ocr_line' id='line_1_18' title="bbox 128 2012 1217 2096; baseline -0.001 -19"><span class='ocrx_word' id='word_1_123' title='bbox 128 2025 186 2090; x_wconf 87' lang='lat' dir='ltr'>rat,</span> <span class='ocrx_word' id='word_1_124' title='bbox 199 2035 258 2095; x_wconf 89' lang='lat' dir='ltr'>per</span> <span class='ocrx_word' id='word_1_125' title='bbox 269 2013 412 2096; x_wconf 89' lang='lat' dir='ltr'>speciale</span> <span class='ocrx_word' id='word_1_126' title='bbox 424 2012 775 2094; x_wconf 75' lang='lat' dir='ltr'>paftum,constitutus</span> <span class='ocrx_word' id='word_1_127' title='bbox 787 2024 889 2095; x_wconf 91' lang='lat' dir='ltr'>caput</span> <span class='ocrx_word' id='word_1_128' title='bbox 902 2016 1028 2078; x_wconf 93' lang='lat' dir='ltr'>morale</span> <span class='ocrx_word' id='word_1_129' title='bbox 1040 2016 1217 2089; x_wconf 77' lang='lat' dir='ltr'>hominum</span> 
     </span>
     <span class='ocr_line' id='line_1_19' title="bbox 128 2115 1217 2199; baseline -0.001 -20"><span class='ocrx_word' id='word_1_130' title='bbox 128 2119 229 2199; x_wconf 87' lang='lat' dir='ltr'>atqui,</span> <span class='ocrx_word' id='word_1_131' title='bbox 242 2118 351 2198; x_wconf 92' lang='lat' dir='ltr'>posito</span> <span class='ocrx_word' id='word_1_132' title='bbox 368 2116 425 2178; x_wconf 93' lang='lat' dir='ltr'>illo</span> <span class='ocrx_word' id='word_1_133' title='bbox 441 2115 547 2197; x_wconf 64' lang='lat' dir='ltr'>paeto</span> <span class='ocrx_word' id='word_1_134' title='bbox 562 2118 654 2179; x_wconf 92' lang='lat' dir='ltr'>Deus</span> <span class='ocrx_word' id='word_1_135' title='bbox 667 2117 851 2193; x_wconf 89' lang='lat' dir='ltr'>tenebatur,</span> <span class='ocrx_word' id='word_1_136' title='bbox 863 2118 896 2179; x_wconf 86' lang='lat' dir='ltr'>vi</span> <span class='ocrx_word' id='word_1_137' title='bbox 913 2116 1096 2194; x_wconf 88' lang='lat' dir='ltr'>fidelitatis,</span> <span class='ocrx_word' id='word_1_138' title='bbox 1108 2118 1217 2184; x_wconf 89' lang='lat' dir='ltr'>Christi</span> 
     </span>
     <span class='ocr_line' id='line_1_20' title="bbox 129 2219 1219 2300; baseline 0 -19"><span class='ocrx_word' id='word_1_139' title='bbox 129 2219 388 2283; x_wconf 68' lang='lat' dir='ltr'>satisfactionem</span> <span class='ocrx_word' id='word_1_140' title='bbox 402 2228 592 2300; x_wconf 89' lang='lat' dir='ltr'>acceptare;</span> <span class='ocrx_word' id='word_1_141' title='bbox 615 2221 692 2300; x_wconf 92' lang='lat' dir='ltr'>quia</span> <span class='ocrx_word' id='word_1_142' title='bbox 706 2220 782 2282; x_wconf 89' lang='lat' dir='ltr'>ideo</span> <span class='ocrx_word' id='word_1_143' title='bbox 791 2220 889 2300; x_wconf 90' lang='lat' dir='ltr'>Jesus</span> <span class='ocrx_word' id='word_1_144' title='bbox 901 2221 1107 2283; x_wconf 88' lang='lat' dir='ltr'>constitutus</span> <span class='ocrx_word' id='word_1_145' title='bbox 1125 2220 1219 2284; x_wconf 86' lang='lat' dir='ltr'>fuerat</span> 
     </span>
     <span class='ocr_line' id='line_1_21' title="bbox 129 2321 1219 2404; baseline -0.002 -20"><span class='ocrx_word' id='word_1_146' title='bbox 129 2332 229 2404; x_wconf 89' lang='lat' dir='ltr'>caput</span> <span class='ocrx_word' id='word_1_147' title='bbox 252 2331 286 2384; x_wconf 93' lang='lat' dir='ltr'>et</span> <span class='ocrx_word' id='word_1_148' title='bbox 308 2321 483 2403; x_wconf 91' lang='lat' dir='ltr'>fidejussor</span> <span class='ocrx_word' id='word_1_149' title='bbox 499 2322 628 2403; x_wconf 91' lang='lat' dir='ltr'>generis</span> <span class='ocrx_word' id='word_1_150' title='bbox 652 2322 800 2397; x_wconf 89' lang='lat' dir='ltr'>humani,</span> <span class='ocrx_word' id='word_1_151' title='bbox 817 2332 853 2384; x_wconf 87' lang='lat' dir='ltr'>ut</span> <span class='ocrx_word' id='word_1_152' title='bbox 876 2332 999 2404; x_wconf 89' lang='lat' dir='ltr'>posset,</span> <span class='ocrx_word' id='word_1_153' title='bbox 1017 2324 1093 2386; x_wconf 93' lang='lat' dir='ltr'>loco</span> <span class='ocrx_word' id='word_1_154' title='bbox 1117 2325 1219 2396; x_wconf 86' lang='lat' dir='ltr'>nostrl,</span> 
     </span>
     <span class='ocr_line' id='line_1_22' title="bbox 130 2423 650 2505; baseline 0.002 -20"><span class='ocrx_word' id='word_1_155' title='bbox 130 2423 389 2487; x_wconf 74' lang='lat' dir='ltr'>satissaftionem</span> <span class='ocrx_word' id='word_1_156' title='bbox 406 2423 540 2500; x_wconf 83' lang='lat' dir='ltr'>offerre;</span> <span class='ocrx_word' id='word_1_157' title='bbox 564 2445 650 2505; x_wconf 74' lang='lat' dir='ltr'>ergo,</span> 
     </span>
    </p>
   </div>
   <div class='ocr_carea' id='block_1_3' title="bbox 146 2575 1212 2660">
    <p class='ocr_par' dir='ltr' id='par_1_5' title="bbox 146 2575 1212 2660">
     <span class='ocr_line' id='line_1_23' title="bbox 146 2575 1212 2660; baseline -0.002 -21"><span class='ocrx_word' id='word_1_158' title='bbox 146 2575 321 2660; x_wconf 77' lang='lat' dir='ltr'>§11le</span> <span class='ocrx_word' id='word_1_159' title='bbox 346 2589 674 2640; x_wconf 71' lang='lat' dir='ltr'>uurvsusacrmru</span> <span class='ocrx_word' id='word_1_160' title='bbox 698 2588 1001 2638; x_wconf 75' lang='lat' dir='ltr'>sarrsmcrrours</span> <span class='ocrx_word' id='word_1_161' title='bbox 1026 2576 1184 2640; x_wconf 79' lang='lat' dir='ltr'>Cnmsrr</span> <span class='ocrx_word' id='word_1_162' title='bbox 1195 2588 1212 2637; x_wconf 87' lang='lat'>1.</span> 
     </span>
    </p>
   </div>
   <div class='ocr_carea' id='block_1_4' title="bbox 123 2710 1229 3724">
    <p class='ocr_par' dir='ltr' id='par_1_6' title="bbox 123 2710 1222 2902">
     <span class='ocr_line' id='line_1_24' title="bbox 175 2710 1222 2795; baseline -0.009 -14"><span class='ocrx_word' id='word_1_163' title='bbox 175 2715 295 2781; x_wconf 90' lang='lat' dir='ltr'>Christi</span> <span class='ocrx_word' id='word_1_164' title='bbox 312 2710 494 2776; x_wconf 70' lang='lat' dir='ltr'>satisfad&#39;tio</span> <span class='ocrx_word' id='word_1_165' title='bbox 509 2711 701 2773; x_wconf 89' lang='lat' dir='ltr'>universalis</span> <span class='ocrx_word' id='word_1_166' title='bbox 719 2710 779 2772; x_wconf 90' lang='lat' dir='ltr'>fuit</span> <span class='ocrx_word' id='word_1_167' title='bbox 795 2711 906 2791; x_wconf 93' lang='lat' dir='ltr'>quoad</span> <span class='ocrx_word' id='word_1_168' title='bbox 916 2711 1061 2773; x_wconf 79' lang='lat' dir='ltr'>homines</span> <span class='ocrx_word' id='word_1_169' title='bbox 1071 2722 1108 2775; x_wconf 88' lang='lat' dir='ltr'>et</span> <span class='ocrx_word' id='word_1_170' title='bbox 1120 2712 1222 2795; x_wconf 91' lang='lat' dir='ltr'>quoad</span> 
     </span>
     <span class='ocr_line' id='line_1_25' title="bbox 123 2830 819 2902; baseline -0.009 -19"><span class='ocrx_word' id='word_1_171' title='bbox 123 2830 260 2902; x_wconf 78' lang='lat' dir='ltr'>peccata.</span> <span class='ocrx_word' id='word_1_172' title='bbox 817 2885 819 2888; x_wconf 10' lang='grc' dir='ltr'><em>Α</em></span> 
     </span>
    </p>

    <p class='ocr_par' dir='ltr' id='par_1_7' title="bbox 130 2915 1229 3724">
     <span class='ocr_line' id='line_1_26' title="bbox 174 2915 1223 3001; baseline -0.005 -18"><span class='ocrx_word' id='word_1_173' title='bbox 174 2939 243 2989; x_wconf 87' lang='lat'><strong>200.</strong></span> <span class='ocrx_word' id='word_1_174' title='bbox 291 2923 314 2983; x_wconf 94' lang='grc' dir='ltr'>Ι.</span> <span class='ocrx_word' id='word_1_175' title='bbox 335 2919 452 2996; x_wconf 83' lang='lat' dir='ltr'>Quoad</span> <span class='ocrx_word' id='word_1_176' title='bbox 463 2918 611 2980; x_wconf 80' lang='lat' dir='ltr'>homines.</span> <span class='ocrx_word' id='word_1_177' title='bbox 660 2917 734 2978; x_wconf 65' lang='lat' dir='ltr'>Hac</span> <span class='ocrx_word' id='word_1_178' title='bbox 751 2915 792 2978; x_wconf 91' lang='lat' dir='ltr'>de</span> <span class='ocrx_word' id='word_1_179' title='bbox 814 2937 848 2977; x_wconf 92' lang='lat' dir='ltr'>re</span> <span class='ocrx_word' id='word_1_180' title='bbox 869 2927 1018 2980; x_wconf 91' lang='lat' dir='ltr'>errarunt</span> <span class='ocrx_word' id='word_1_181' title='bbox 1038 2919 1088 3001; x_wconf 87' lang='lat' dir='ltr'>(a)</span> <span class='ocrx_word' id='word_1_182' title='bbox 1101 2917 1223 2982; x_wconf 77' lang='lat' dir='ltr'>Prcedc-</span> 
     </span>
     <span class='ocr_line' id='line_1_27' title="bbox 131 3019 1224 3104; baseline -0.007 -16"><span class='ocrx_word' id='word_1_183' title='bbox 131 3025 305 3088; x_wconf 82' lang='lat' dir='ltr'>stinatz&#39;ani</span> <span class='ocrx_word' id='word_1_184' title='bbox 322 3025 407 3104; x_wconf 84' lang='lat' dir='ltr'>(saec.</span> <span class='ocrx_word' id='word_1_185' title='bbox 431 3021 504 3102; x_wconf 88' lang='lat' dir='ltr'>IX),</span> <span class='ocrx_word' id='word_1_186' title='bbox 527 3029 560 3082; x_wconf 92' lang='lat' dir='ltr'>et</span> <span class='ocrx_word' id='word_1_187' title='bbox 577 3019 766 3084; x_wconf 80' lang='lat' dir='ltr'>Calvinistce</span> <span class='ocrx_word' id='word_1_188' title='bbox 780 3020 835 3099; x_wconf 89' lang='lat' dir='ltr'>qui</span> <span class='ocrx_word' id='word_1_189' title='bbox 857 3020 1044 3083; x_wconf 93' lang='lat' dir='ltr'>docuerunt</span> <span class='ocrx_word' id='word_1_190' title='bbox 1060 3021 1224 3084; x_wconf 90' lang='lat' dir='ltr'>Christum</span> 
     </span>
     <span class='ocr_line' id='line_1_28' title="bbox 131 3121 1225 3214; baseline -0.002 -28"><span class='ocrx_word' id='word_1_191' title='bbox 131 3149 193 3210; x_wconf 74' lang='lat' dir='ltr'>vpro</span> <span class='ocrx_word' id='word_1_192' title='bbox 203 3128 281 3188; x_wconf 92' lang='lat' dir='ltr'>solis</span> <span class='ocrx_word' id='word_1_193' title='bbox 295 3124 538 3206; x_wconf 87' lang='lat' dir='ltr'>praedestinatis</span> <span class='ocrx_word' id='word_1_194' title='bbox 549 3121 771 3184; x_wconf 86' lang='lat' dir='ltr'>satisfecisse2</span> <span class='ocrx_word' id='word_1_195' title='bbox 785 3143 791 3197; x_wconf 89' lang='lat'>;</span> <span class='ocrx_word' id='word_1_196' title='bbox 808 3121 1072 3214; x_wconf 63' lang='lat' dir='ltr'>(b)Janserzerloe,</span> <span class='ocrx_word' id='word_1_197' title='bbox 1081 3127 1145 3205; x_wconf 93' lang='lat' dir='ltr'>qui</span> <span class='ocrx_word' id='word_1_198' title='bbox 1158 3143 1225 3185; x_wconf 92' lang='lat' dir='ltr'>con-</span> 
     </span>
     <span class='ocr_line' id='line_1_29' title="bbox 133 3223 1226 3307; baseline -0.007 -14"><span class='ocrx_word' id='word_1_199' title='bbox 133 3230 315 3294; x_wconf 88' lang='lat' dir='ltr'>tendebant</span> <span class='ocrx_word' id='word_1_200' title='bbox 331 3226 624 3307; x_wconf 88' lang='lat' dir='ltr'>semipelagianum</span> <span class='ocrx_word' id='word_1_201' title='bbox 641 3244 713 3284; x_wconf 89' lang='lat' dir='ltr'>esse</span> <span class='ocrx_word' id='word_1_202' title='bbox 729 3224 838 3286; x_wconf 89' lang='lat' dir='ltr'>dicere</span> <span class='ocrx_word' id='word_1_203' title='bbox 856 3223 1026 3286; x_wconf 89' lang='lat' dir='ltr'>Christum</span> <span class='ocrx_word' id='word_1_204' title='bbox 1045 3245 1108 3305; x_wconf 93' lang='lat' dir='ltr'>pro</span> <span class='ocrx_word' id='word_1_205' title='bbox 1125 3225 1226 3288; x_wconf 92' lang='lat' dir='ltr'>omni-</span> 
     </span>
     <span class='ocr_line' id='line_1_30' title="bbox 134 3329 1228 3407; baseline -0.008 -10"><span class='ocrx_word' id='word_1_206' title='bbox 134 3337 194 3397; x_wconf 92' lang='lat' dir='ltr'>bus</span> <span class='ocrx_word' id='word_1_207' title='bbox 222 3334 359 3395; x_wconf 92' lang='lat' dir='ltr'>omnino</span> <span class='ocrx_word' id='word_1_208' title='bbox 386 3329 577 3391; x_wconf 91' lang='lat' dir='ltr'>hominibus</span> <span class='ocrx_word' id='word_1_209' title='bbox 605 3336 774 3388; x_wconf 92' lang='lat' dir='ltr'>mortuum</span> <span class='ocrx_word' id='word_1_210' title='bbox 801 3346 882 3402; x_wconf 90' lang='lat' dir='ltr'>esse,</span> <span class='ocrx_word' id='word_1_211' title='bbox 896 3346 1013 3407; x_wconf 67' lang='lat' dir='ltr'>quum⁴</span> <span class='ocrx_word' id='word_1_212' title='bbox 1030 3347 1147 3391; x_wconf 91' lang='lat' dir='ltr'>revera</span> <span class='ocrx_word' id='word_1_213' title='bbox 1168 3347 1228 3391; x_wconf 92' lang='lat' dir='ltr'>non</span> 
     </span>
     <span class='ocr_line' id='line_1_31' title="bbox 134 3429 1229 3511; baseline -0.008 -11"><span class='ocrx_word' id='word_1_214' title='bbox 134 3437 289 3500; x_wconf 90' lang='lat' dir='ltr'>meruerit</span> <span class='ocrx_word' id='word_1_215' title='bbox 322 3432 478 3495; x_wconf 88' lang='lat' dir='ltr'>omnibus</span> <span class='ocrx_word' id='word_1_216' title='bbox 513 3430 637 3511; x_wconf 89' lang='lat' dir='ltr'>gratias</span> <span class='ocrx_word' id='word_1_217' title='bbox 661 3449 736 3490; x_wconf 92' lang='lat' dir='ltr'>vere</span> <span class='ocrx_word' id='word_1_218' title='bbox 770 3429 812 3490; x_wconf 93' lang='lat' dir='ltr'>ad</span> <span class='ocrx_word' id='word_1_219' title='bbox 847 3429 989 3505; x_wconf 90' lang='lat' dir='ltr'>salutem</span> <span class='ocrx_word' id='word_1_220' title='bbox 1013 3429 1229 3505; x_wconf 71' lang='lat' dir='ltr'>sufficientes,</span> 
     </span>
     <span class='ocr_line' id='line_1_32' title="bbox 134 3531 1228 3622; baseline -0.008 -20"><span class='ocrx_word' id='word_1_221' title='bbox 134 3541 181 3622; x_wconf 80' lang='lat' dir='ltr'>(c)</span> <span class='ocrx_word' id='word_1_222' title='bbox 204 3540 353 3618; x_wconf 73' lang='lat' dir='ltr'>Vasquez,</span> <span class='ocrx_word' id='word_1_223' title='bbox 370 3535 533 3616; x_wconf 89' lang='lat' dir='ltr'>paucique</span> <span class='ocrx_word' id='word_1_224' title='bbox 549 3532 603 3594; x_wconf 89' lang='lat' dir='ltr'>alii</span> <span class='ocrx_word' id='word_1_225' title='bbox 620 3531 777 3610; x_wconf 87' lang='lat' dir='ltr'>theologi,</span> <span class='ocrx_word' id='word_1_226' title='bbox 793 3531 850 3611; x_wconf 94' lang='lat' dir='ltr'>qui</span> <span class='ocrx_word' id='word_1_227' title='bbox 870 3531 1056 3595; x_wconf 87' lang='lat' dir='ltr'>docuerunt</span> <span class='ocrx_word' id='word_1_228' title='bbox 1071 3554 1152 3597; x_wconf 91' lang='lat' dir='ltr'>eum</span> <span class='ocrx_word' id='word_1_229' title='bbox 1169 3552 1228 3596; x_wconf 86' lang='lat' dir='ltr'>non</span> 
     </span>
     <span class='ocr_line' id='line_1_33' title="bbox 130 3634 1228 3724; baseline -0.005 -21"><span class='ocrx_word' id='word_1_230' title='bbox 130 3657 194 3724; x_wconf 68' lang='lat' dir='ltr'>&#39;pro</span> <span class='ocrx_word' id='word_1_231' title='bbox 211 3642 273 3701; x_wconf 87' lang='lat' dir='ltr'>illis</span> <span class='ocrx_word' id='word_1_232' title='bbox 289 3637 434 3720; x_wconf 88' lang='lat' dir='ltr'>parvulis</span> <span class='ocrx_word' id='word_1_233' title='bbox 452 3634 661 3710; x_wconf 87' lang='lat' dir='ltr'>satisfecisse,</span> <span class='ocrx_word' id='word_1_234' title='bbox 678 3634 734 3714; x_wconf 94' lang='lat' dir='ltr'>qui</span> <span class='ocrx_word' id='word_1_235' title='bbox 760 3635 946 3696; x_wconf 91' lang='lat' dir='ltr'>moriuntur</span> <span class='ocrx_word' id='word_1_236' title='bbox 969 3643 1156 3715; x_wconf 90' lang='lat' dir='ltr'>antequam</span> <span class='ocrx_word' id='word_1_237' title='bbox 1179 3638 1228 3698; x_wconf 88' lang='lat' dir='ltr'>ba-</span> 
     </span>
    </p>
   </div>
   <div class='ocr_carea' id='block_1_5' title="bbox 133 3832 1230 4258">
    <p class='ocr_par' dir='ltr' id='par_1_8' title="bbox 133 3832 1230 4258">
     <span class='ocr_line' id='line_1_34' title="bbox 170 3832 1227 3909; baseline -0.007 -17"><span class='ocrx_word' id='word_1_238' title='bbox 170 3842 282 3909; x_wconf 84' lang='lat' dir='ltr'>¹Quum</span> <span class='ocrx_word' id='word_1_239' title='bbox 295 3839 357 3890; x_wconf 84' lang='lat' dir='ltr'>haec</span> <span class='ocrx_word' id='word_1_240' title='bbox 370 3836 490 3904; x_wconf 85' lang='lat' dir='ltr'>quaestio</span> <span class='ocrx_word' id='word_1_241' title='bbox 503 3833 595 3887; x_wconf 86' lang='lat' dir='ltr'>affinis</span> <span class='ocrx_word' id='word_1_242' title='bbox 609 3833 645 3887; x_wconf 89' lang='lat' dir='ltr'>sit</span> <span class='ocrx_word' id='word_1_243' title='bbox 659 3832 808 3902; x_wconf 86' lang='lat' dir='ltr'>quaestioni</span> <span class='ocrx_word' id='word_1_244' title='bbox 822 3833 858 3886; x_wconf 92' lang='lat' dir='ltr'>de</span> <span class='ocrx_word' id='word_1_245' title='bbox 867 3834 1011 3888; x_wconf 90' lang='lat' dir='ltr'>voluntate</span> <span class='ocrx_word' id='word_1_246' title='bbox 1025 3834 1154 3889; x_wconf 73' lang='lat' dir='ltr'>salvifica</span> <span class='ocrx_word' id='word_1_247' title='bbox 1170 3833 1227 3897; x_wconf 87' lang='lat' dir='ltr'>Dei,</span> 
     </span>
     <span class='ocr_line' id='line_1_35' title="bbox 135 3920 1230 3997; baseline -0.01 -16"><span class='ocrx_word' id='word_1_248' title='bbox 135 3928 260 3997; x_wconf 89' lang='lat' dir='ltr'>plerique</span> <span class='ocrx_word' id='word_1_249' title='bbox 273 3924 396 3991; x_wconf 86' lang='lat' dir='ltr'>theologi</span> <span class='ocrx_word' id='word_1_250' title='bbox 411 3925 446 3976; x_wconf 90' lang='lat' dir='ltr'>de</span> <span class='ocrx_word' id='word_1_251' title='bbox 459 3922 506 3975; x_wconf 76' lang='lat' dir='ltr'>illa</span> <span class='ocrx_word' id='word_1_252' title='bbox 519 3920 679 3989; x_wconf 88' lang='lat' dir='ltr'>specialiter</span> <span class='ocrx_word' id='word_1_253' title='bbox 698 3937 754 3973; x_wconf 91' lang='lat' dir='ltr'>non</span> <span class='ocrx_word' id='word_1_254' title='bbox 775 3920 926 3985; x_wconf 90' lang='lat' dir='ltr'>disserunt,</span> <span class='ocrx_word' id='word_1_255' title='bbox 942 3920 993 3972; x_wconf 92' lang='lat' dir='ltr'>sed</span> <span class='ocrx_word' id='word_1_256' title='bbox 1010 3936 1076 3974; x_wconf 90' lang='lat' dir='ltr'>eam</span> <span class='ocrx_word' id='word_1_257' title='bbox 1095 3922 1230 3991; x_wconf 85' lang='lat' dir='ltr'>attingunt</span> 
     </span>
     <span class='ocr_line' id='line_1_36' title="bbox 135 4006 1228 4080; baseline -0.008 -13"><span class='ocrx_word' id='word_1_258' title='bbox 135 4016 182 4067; x_wconf 88' lang='lat' dir='ltr'>ubi</span> <span class='ocrx_word' id='word_1_259' title='bbox 212 4015 247 4066; x_wconf 90' lang='lat' dir='ltr'>de</span> <span class='ocrx_word' id='word_1_260' title='bbox 276 4011 531 4080; x_wconf 81' lang='lat' dir='ltr'>praedestinatione.</span> <span class='ocrx_word' id='word_1_261' title='bbox 573 4010 657 4060; x_wconf 86' lang='lat' dir='ltr'>Hanc</span> <span class='ocrx_word' id='word_1_262' title='bbox 686 4018 780 4073; x_wconf 84' lang='lat' dir='ltr'>tamen</span> <span class='ocrx_word' id='word_1_263' title='bbox 807 4007 868 4060; x_wconf 89' lang='lat' dir='ltr'>fuse</span> <span class='ocrx_word' id='word_1_264' title='bbox 893 4006 1068 4076; x_wconf 69' lang='lat' dir='ltr'>pertrafiant</span> <span class='ocrx_word' id='word_1_265' title='bbox 1086 4011 1228 4066; x_wconf 66' lang='lat' dir='ltr'>Petamus,</span> 
     </span>
     <span class='ocr_line' id='line_1_37' title="bbox 136 4093 1230 4165; baseline -0.009 -12"><span class='ocrx_word' id='word_1_266' title='bbox 136 4103 152 4154; x_wconf 92' lang='lat' dir='ltr'>l.</span> <span class='ocrx_word' id='word_1_267' title='bbox 167 4102 252 4165; x_wconf 91' lang='lat' dir='ltr'>Xlll,</span> <span class='ocrx_word' id='word_1_268' title='bbox 266 4117 290 4152; x_wconf 91' lang='lat' dir='ltr'>c.</span> <span class='ocrx_word' id='word_1_269' title='bbox 311 4100 386 4162; x_wconf 86' lang='lat'>1-16;</span> <span class='ocrx_word' id='word_1_270' title='bbox 416 4096 703 4164; x_wconf 77' lang='lat' dir='ltr'>Stentrup,&#39;Soteriol.</span> <span class='ocrx_word' id='word_1_271' title='bbox 725 4096 763 4149; x_wconf 88' lang='lat' dir='ltr'>th.</span> <span class='ocrx_word' id='word_1_272' title='bbox 781 4110 877 4163; x_wconf 79' lang='lat'>31-343</span> <span class='ocrx_word' id='word_1_273' title='bbox 903 4093 1014 4148; x_wconf 88' lang='lat' dir='ltr'>brevius</span> <span class='ocrx_word' id='word_1_274' title='bbox 1032 4096 1113 4165; x_wconf 75' lang='lat' dir='ltr'>Tepe,</span> <span class='ocrx_word' id='word_1_275' title='bbox 1127 4114 1153 4150; x_wconf 90' lang='lat' dir='ltr'>n.</span> <span class='ocrx_word' id='word_1_276' title='bbox 1172 4107 1230 4154; x_wconf 78' lang='lat'>1042</span> 
     </span>
     <span class='ocr_line' id='line_1_38' title="bbox 133 4176 1141 4258; baseline -0.006 -17"><span class='ocrx_word' id='word_1_277' title='bbox 133 4204 173 4258; x_wconf 89' lang='lat' dir='ltr'>sq.</span> <span class='ocrx_word' id='word_1_278' title='bbox 215 4188 291 4256; x_wconf 86' lang='lat' dir='ltr'>Lege</span> <span class='ocrx_word' id='word_1_279' title='bbox 303 4184 390 4239; x_wconf 84' lang='lat' dir='ltr'>etiam</span> <span class='ocrx_word' id='word_1_280' title='bbox 403 4202 466 4255; x_wconf 87' lang='lat' dir='ltr'>quae</span> <span class='ocrx_word' id='word_1_281' title='bbox 480 4185 599 4237; x_wconf 86' lang='lat' dir='ltr'>diximus</span> <span class='ocrx_word' id='word_1_282' title='bbox 612 4185 645 4236; x_wconf 84' lang='lat' dir='ltr'>de</span> <span class='ocrx_word' id='word_1_283' title='bbox 658 4186 717 4236; x_wconf 80' lang='lat' dir='ltr'>Deo</span> <span class='ocrx_word' id='word_1_284' title='bbox 729 4184 799 4248; x_wconf 82' lang='lat' dir='ltr'>Uno,</span> <span class='ocrx_word' id='word_1_285' title='bbox 813 4200 839 4235; x_wconf 89' lang='lat' dir='ltr'>n.</span> <span class='ocrx_word' id='word_1_286' title='bbox 853 4197 903 4247; x_wconf 90' lang='lat'>124</span> <span class='ocrx_word' id='word_1_287' title='bbox 916 4200 957 4252; x_wconf 89' lang='lat' dir='ltr'>sq.</span> <span class='ocrx_word' id='word_1_288' title='bbox 1064 4177 1066 4180; x_wconf 61' lang='grc'>’</span> <span class='ocrx_word' id='word_1_289' title='bbox 1137 4176 1141 4181; x_wconf 66' lang='grc'><strong><em>’</em></strong></span> 
     </span>
    </p>
   </div>
   <div class='ocr_carea' id='block_1_6' title="bbox 142 4271 1126 4348">
    <p class='ocr_par' dir='ltr' id='par_1_9' title="bbox 142 4271 1126 4348">
     <span class='ocr_line' id='line_1_39' title="bbox 142 4271 1126 4348; baseline -0.023 -14"><span class='ocrx_word' id='word_1_290' title='bbox 142 4277 237 4333; x_wconf 78' lang='lat' dir='ltr'>·²Cfr.</span> <span class='ocrx_word' id='word_1_291' title='bbox 255 4276 369 4348; x_wconf 79' lang='lat' dir='ltr'>Hodge,</span> <span class='ocrx_word' id='word_1_292' title='bbox 384 4272 567 4346; x_wconf 84' lang='lat' dir='ltr'>Systematic.</span> <span class='ocrx_word' id='word_1_293' title='bbox 581 4271 670 4326; x_wconf 86' lang='lat' dir='ltr'>theol.</span> <span class='ocrx_word' id='word_1_294' title='bbox 683 4271 871 4335; x_wconf 47' lang='lat' dir='ltr'>rollum.</span> <span class='ocrx_word' id='word_1_295' title='bbox 967 4287 969 4290; x_wconf 54' lang='lat'>&gt;</span> <span class='ocrx_word' id='word_1_296' title='bbox 1011 4277 1047 4284; x_wconf 49' lang='lat'>¹·</span> <span class='ocrx_word' id='word_1_297' title='bbox 1123 4280 1126 4285; x_wconf 96' lang='lat'><em>·</em></span> 
     </span>
    </p>
   </div>
   <div class='ocr_carea' id='block_1_7' title="bbox 0 0 1365 4634">
    <p class='ocr_par' dir='ltr' id='par_1_10' title="bbox 0 0 1365 4634">
     <span class='ocr_line' id='line_1_40' title="bbox 0 0 1365 4634; baseline 0 0"><span class='ocrx_word' id='word_1_298' title='bbox 0 0 1365 4634; x_wconf 95' lang='lat' dir='ltr'> </span> 
     </span>
    </p>
   </div>
  </div>
 </body>
</html>
