2684 4634
541 203 597 253 nr:
618 202 808 252 anonam.
1114 187 1116 192 ’
1167 205 1226 253 aot

144 378 185 446 aa,
195 391 270 438 tanto
283 381 313 436 in
326 378 430 451 majori
443 398 564 438 excessu
579 391 647 437 sunt
661 390 789 437 creataa
806 381 870 437 Deo
881 379 906 434 ''.
948 379 1079 450 Angelos
1098 379 1221 437 societa-

142 475 184 522 tem
198 467 408 540 persebtissime
427 467 594 525 ordinatam
618 469 798 524 constituere
820 467 892 523 nulli
914 466 1039 524 dubium
1061 477 1225 539 estonum

140 555 195 612 ordo
206 557 235 612 in
248 555 388 614 omnibus
400 554 489 614 rebus
501 576 519 614 a
532 558 598 614 Deo
612 556 717 613 creatis
731 555 906 612 inveniatur.

162 687 193 742 73.
231 674 396 746 Quomodo
414 685 514 732 autern
528 674 635 746 Angeli
650 674 833 742 ordinentur,
848 692 908 731 non
923 684 983 730 tarn
1002 674 1078 732 clare
1097 684 1222 731 constat.

136 759 267 832 Scriptura
280 760 403 832 quidem
417 761 446 816 in
460 761 545 818 variis
565 761 637 818 locis
656 761 741 818 variis
755 760 927 818 nominibus
941 760 1072 832 Angelos
1085 761 1224 832 appellat,

133 865 159 904 ex
167 848 272 919 quibus
280 849 409 906 inferunt
419 850 519 906 Patres
530 861 559 907 et
567 849 698 920 theologi
710 849 842 905 diversos
853 848 971 906 ordines
982 867 1046 907 esse
1057 849 1211 920 spirituum
1217 869 1225 920 ;

132 934 164 990 sic
175 945 447 993 commemorantur
459 935 613 1007 Seraphim
623 930 640 1006 ¹,
660 935 812 992 Cherubim
818 931 834 1006 ²,
856 935 975 1008 Thmui,
992 937 1221 1007 Dorru'natioues,

130 1021 315 1094 Pnnetpatns,
333 1033 361 1080 et
374 1021 562 1090 Potestates³,·
583 1022 727 1092 Virtutes⁴,
745 1019 944 1094 Archangeli⁵,
963 1019 1092 1095 Angeli⁶.
1133 1026 1224 1081 Porro

129 1108 182 1167 haec
199 1111 280 1168 varia
300 1111 421 1168 nomina
439 1110 586 1169 diversam
609 1111 784 1181 dignitatem
805 1110 981 1182 diversaque
1004 1129 1127 1169 munera
1148 1113 1224 1170 desi-

128 1208 217 1266 gnant.
260 1199 361 1256 Patres
374 1198 483 1270 pariter
501 1199 580 1255 varia
600 1198 721 1255 nomina
739 1198 879 1269 variaque
897 1198 994 1255 officia
1013 1199 1136 1270 Angelis
1155 1199 1223 1255 assi-

125 1296 217 1355 gnant,
231 1284 301 1343 licet
314 1284 448 1341 nonnulli
464 1284 609 1342 fateantur
621 1303 653 1341 se
667 1284 801 1355 ignorare
814 1285 970 1356 quomodo
989 1285 1064 1342 inter
1077 1303 1109 1342 se
1122 1286 1224 1343 distin-

123 1383 264 1440 guantur:
284 1373 326 1430 sic
340 1373 369 1431 S.
384 1373 568 1443 Augustinus
586 1372 751 1442 (Euchirid.
768 1376 813 1444 58)
832 1373 950 1429 scribit:
971 1372 1079 1444 “Quid
1100 1373 1174 1430 inter
1193 1390 1224 1430 se

122 1458 227 1516 distent
246 1469 375 1530 quatuor
393 1459 442 1516 illa
460 1459 617 1529 vocabula,
640 1459 749 1530 quibus
773 1460 938 1517 universam
958 1460 1054 1531 ipsam
1073 1459 1225 1517 coelestem

121 1545 293 1602 societatem
306 1546 422 1603 videtur
434 1545 596 1617 Apostolus
610 1546 685 1615 (Col.
698 1546 722 1614 I,
733 1547 776 1614 16)
789 1563 854 1603 esse
867 1546 1048 1617 complexus,
1057 1545 1160 1604 dicant
1173 1553 1222 1616 qui

120 1642 253 1702 possunt,
266 1633 290 1689 si
303 1643 401 1690 tamen
415 1632 541 1704 probare
559 1642 684 1704 possunt
703 1631 786 1703 quod
805 1632 926 1709 dicun-t:
945 1651 993 1707 ego
1012 1651 1054 1688 nte
1072 1633 1127 1689 ista
1146 1633 1224 1703 igno-

120 1739 184 1777 rare
196 1721 334 1789 confiteor
342 1722 365 1779 ”.

151 1851 192 1909 74.
233 1841 784 1911 Pseudo—DionysiusverotdeCoelesti
800 1840 1223 1913 Hierarch.)docuitAngelos

118 1945 225 1986 omnes
239 1928 269 1985 in
284 1936 339 1986 tres
351 1929 530 1987 hierarchias
541 1929 687 2000 distribui,
704 1948 771 2000 quae
784 1940 813 1987 et
828 1930 899 2001 ipsae
918 1929 947 1985 in
968 1936 1024 1986 tres
1041 1930 1153 1985 ordines
1172 1947 1223 1986 seu

118 2017 227 2074 choros
240 2017 421 2089 dividuntur,
434 2019 473 2075 ita
483 2027 516 2075 nt
525 2017 623 2075 adsint
634 2036 730 2074 nouem
744 2018 920 2088 Angelorum
930 2017 1021 2084 chore}
1031 2036 1119 2089 quern
1130 2019 1222 2074 secuti

119 2115 186 2161 sunt
201 2106 304 2162 Patres
323 2106 467 2178 sequioris
486 2107 549 2176 aevi,
566 2106 727 2176 praesertim
749 2105 779 2162 S.
800 2106 957 2176 Gregorius
969 2106 1015 2163 M.
1032 2105 1123 2176 (hom.
1140 2123 1173 2177 34
1193 2106 1222 2160 in

120 2191 257 2264 Evang.),
273 2204 301 2250 et
316 2194 489 2252 Scholastici
510 2194 570 2250 sere
588 2211 702 2263 omnes,
718 2194 758 2249 ita
773 2204 804 2250 ut
823 2193 958 2250 dobtrina
976 2193 1039 2250 haec
1056 2194 1222 2251 communis

119 2279 253 2346 evaserit,
274 2279 342 2337 licet
359 2281 430 2340 fidei
448 2281 637 2352 dogmatibus
655 2280 804 2338 accenseri
824 2299 883 2336 non
901 2280 1002 2352 possit,
1024 2283 1079 2336 nec'
1094 2289 1127 2337 ut
1143 2290 1222 2337 certa

120 2364 230 2422 haberi.
272 2367 348 2424 Rem
368 2368 410 2424 sic
426 2367 555 2425 declarat
575 2367 605 2424 S.
632 2365 772 2423 Thomas⁷
785 2389 796 2422 .·
812 2367 911 2438 prium
927 2367 1088 2424 hierarchia
1104 2367 1222 2438 inspicit

121 2455 247 2512 rationes
264 2473 359 2512 rerum
380 2455 410 2513 in
428 2455 493 2527 ipso
516 2455 589 2521 Det),
610 2453 729 2509 serrendo
747 2471 816 2511 vero
834 2453 864 2510 in
882 2453 978 2511 causis
998 2453 1219 2524 universalibus

122 2543 204 2598 tertia
217 2559 287 2600 vero
300 2543 465 2601 secundum
479 2541 756 2601 determinationem
770 2542 809 2599 ad
823 2541 966 2613 speciales
979 2541 1110 2599 effedtus.

153 2672 192 2728 75.
234 2661 332 2720 Prima
342 2663 504 2721 hierarchia
515 2679 582 2734 quae
590 2661 686 2716 Deum
696 2660 909 2732 contemplatur,
922 2661 1221 2731 complebtiturSern-

120 2745 206 2815 phim,
223 2745 376 2804 Cherubim
389 2756 418 2803 et
434 2747 584 2802 Thronos:
598 2747 749 2818 Seraphim
761 2749 789 2816 (a
800 2747 899 2804 radice
912 2747 1112 2816 incendentes
1125 2746 1170 2804 vel
1183 2746 1221 2803 ab

125 2832 236 2889 arabica
249 2851 323 2890 voce
335 2833 484 2905 shnrupha
497 2834 625 2903 nobiles)
641 2835 671 2891 in
689 2835 746 2892 hoc
760 2834 907 2892 excellunt
927 2832 1009 2904 quod
1025 2844 1069 2891 est
1086 2834 1220 2890 omnium

125 2935 301 2992 supremum,
313 2938 353 2977 sc.
370 2921 437 2978 Deo
450 2921 525 2977 uniri
539 2939 592 2992 per
604 2921 770 2993 caritatem;
793 2920 944 2978 Cherubim
958 2921 1165 2993 (etymologice
1178 2938 1220 2977 sa·

126 3005 238 3073 pientiae
257 3007 347 3078 pleni,
360 3006 415 3078 vel,
430 3008 512 3078 juxta
529 3008 696 3078 modernos,
711 3009 833 3077 strenui)
849 3008 1104 3080 supereminenter
1121 3009 1221 3066 divina

126 3103 229 3151 secreta
242 3096 462 3165 cognoscunt⁸;
482 3094 596 3150 Throni
609 3105 708 3152 autern
725 3095 876 3153 elevantur
891 3095 930 3152 ad
946 3095 1003 3152 hoc
1021 3095 1102 3166 quod
1122 3097 1220 3153 Deutn

126 3170 299 3235 familiariter
313 3177 342 3232 in
356 3176 461 3249 seipsis
474 3179 626 3250 recipiant.

151 3302 191 3366 76.
232 3297 371 3356 Secunda
389 3297 553 3356 hierarchia
572 3320 639 3372 quae
659 3302 688 3358 in
703 3301 910 3372 gubernatione
929 3302 1032 3357 rnundi
1049 3315 1222 3373 occupatur,

125 3385 209 3443 tribus
223 3385 332 3457 pariter
342 3385 497 3444 ordinibus
508 3390 659 3447 consistit:
674 3390 895 3446 Donn'nationes
904 3407 938 3446 ea
947 3390 1145 3446 determinant
1154 3410 1220 3461 quae

124 3474 232 3543 agenda
244 3483 331 3540 sunt;
353 3472 477 3530 Virtutes
489 3475 623 3547 praebent
637 3476 805 3532 facultatem
818 3477 857 3532 ad
871 3475 1056 3547 implendum
1068 3497 1075 3546 3
1093 3476 1218 3532 Potestn-

123 3566 155 3616 tes
166 3562 307 3619 ordinant
320 3560 419 3618 media
433 3562 541 3632 quibus
555 3581 670 3635 eaquae
683 3574 831 3634 praecepta
845 3574 913 3620 sunt
927 3564 1041 3634 impleri
1056 3565 1175 3634 possint.

149 3701 188 3757 77.
219 3683 322 3742 Tertia
332 3683 494 3741 hierarchia
504 3684 533 3740 in
541 3685 710 3740 exsecutione
720 3685 884 3741 de'm'norum
893 3685 1072 3740 coresiliornm
1082 3698 1217 3742 versatur.
1282 3680 1285 3686 ’

122 3768 152 3827 In
161 3770 352 3829 exsecutione
360 3780 458 3828 autem
469 3771 626 3842 cujuslibet
635 3771 725 3841 abtim,
739 3781 807 3828 sunt
819 3771 940 3841 quidam
952 3772 1034 3842 quasi
1045 3773 1218 3844 incipientes

149 3957 157 3986 ¹
171 3961 228 4013 Isa.
241 3957 294 4024 Vl,
308 3975 331 4012 2.
349 3987 381 3996 -
395 3957 406 3987 ²
418 3959 484 4011 Gen.
499 3959 553 4021 lll,
566 3974 610 4022 24;
621 3958 720 4012 Erech.
734 3961 768 4026 X,
781 3973 803 4024 3.
818 3992 852 3997 -κ
864 3957 874 3997 ³
886 3962 942 4013 Col.
958 3963 978 4025 l,
992 3963 1030 4014 16.
1043 3993 1076 3998 —
1089 3961 1098 3989 ⁴¹
1111 3961 1214 4029 Ephes.

122 4046 139 4111 l,
152 4060 242 4098 2o21.
258 4045 349 4097 —-⁶I
361 4045 451 4097 Thess.
469 4046 517 4110 lV,
535 4061 543 4097 1
551 4060 573 4112 5,
590 4045 735 4098 -llrooa
748 4047 774 4098 V
779 4049 832 4113 lll,
850 4048 882 4113 38
896 4061 947 4099 etc,
963 4078 996 4085 —
1009 4045 1018 4078 7
1031 4046 1060 4101 S.
1080 4049 1173 4102 Thom.
1195 4052 1214 4116 1,

120 4149 141 4200 q.
160 4133 218 4197 108,
232 4149 258 4185 a.
274 4133 299 4184 6.

99 4271 101 4277 Α
148 4217 218 4270 ⁸De
231 4216 403 4285 etymologia
421 4228 449 4270 et
466 4219 628 4272 muneribus
648 4220 800 4292 Seraphim
819 4233 848 4276 et
868 4222 1027 4278 Cherubim
1038 4223 1107 4277 uide
1123 4224 1240 4290 Oelher,

120 4304 147 4356 0.
167 4305 192 4353 Τ,
217 4301 362 4367 Theology,
374 4299 395 4368 ἕ
408 4316 464 4367 119,
482 4317 537 4370 199,
