2684 4634
248 335 306 417 (A)
328 336 500 399 leorm'stoe
513 335 670 416 plerique,
686 355 761 398 cum
780 335 917 410 Suarez,
933 334 1034 416 Lugo,
1049 333 1218 399 Mam-lla
1231 346 1296 411 ete,
1338 367 1342 384 ·

205 439 326 501 docent
342 437 575 500 revelationem
592 457 663 498 esse
680 438 842 499 motivum
856 436 995 518 partiale
1008 436 1093 511 fidei,
1102 437 1151 499 ita
1162 446 1200 500 ut
1210 435 1296 500 aetus
1339 469 1342 490 ι

205 538 280 602 fidei
297 541 344 602 sic
360 540 524 602 enuntiari
539 539 680 602 debeat:
704 545 719 569 “
731 539 849 614 Credo,
864 540 943 620 quia
960 539 1052 601 Deus
1068 548 1119 602 est
1142 559 1248 602 verax
1268 549 1298 603 et
1340 567 1342 588 ⁴

205 642 386 705 revelavit.”
434 642 595 707 Probatur

204 746 255 826 (a)
272 745 388 825 Script.
437 744 522 808 Illud
539 754 590 807 est
606 744 767 808 motivum
785 745 925 826 partiale
941 744 1017 809 fidei
1033 746 1124 826 quod
1141 765 1300 826 aequene·

204 849 381 912 cessarium
408 857 459 912 est
483 850 525 911 ad
551 849 754 911 credendum
780 869 819 911 ac
840 845 1020 911 auctoritas
1046 848 1128 925 Dei;
1151 850 1247 930 atqui
1269 851 1298 911 in

205 952 353 1015 textibus
369 973 469 1037 supra
484 951 594 1014 allatis
610 951 798 1015 declaratur
821 950 921 1015 fidem
946 951 1075 1015 fundari
1099 972 1166 1013 non
1193 952 1298 1016 solum

204 1075 301 1137 super
323 1056 535 1119 veracitatem
560 1056 634 1131 Dei,
650 1055 707 1117 sed
732 1056 833 1117 etiam
856 1076 956 1137 supra
979 1055 1050 1136 ejus
1072 1055 1301 1132 testimonium,

204 1158 275 1239 ejus
289 1158 473 1222 locutionem
489 1159 594 1239 “quia
610 1159 699 1239 quod
716 1158 838 1221 scimus
855 1157 1029 1239 loquimur,
1044 1161 1134 1240 quod
1158 1159 1301 1223 vidimus

205 1271 366 1325 testamur
375 1262 400 1337 '',
415 1283 515 1345 super
530 1263 677 1325 divinam
702 1259 926 1323 revelationem
949 1266 1037 1343 “per
1060 1262 1299 1325 revelationem

204 1365 282 1445 Jesu
300 1364 421 1428 Christi
433 1366 457 1441 '',
473 1386 511 1427 ac
527 1365 667 1446 proinde
682 1363 798 1426 eadem
816 1363 866 1425 vis
881 1363 1037 1428 tribuitur
1052 1364 1249 1428 revelationi
1264 1385 1300 1427 ac

204 1461 392 1528 auctoritati
408 1466 537 1529 divinae.
584 1466 682 1547 Ergo.

204 1566 256 1648 (b)
280 1566 481 1644 Vaticanum,
497 1569 646 1649 quamvis
663 1590 730 1658 rem
748 1590 814 1631 non
828 1570 1023 1647 definiverit,
1034 1573 1202 1635 insinuare
1213 1573 1299 1636 vide-

205 1679 258 1732 tur
274 1670 509 1734 revelationem
527 1693 599 1734 esse
614 1673 751 1754 partiale
768 1675 930 1738 motivum
948 1674 1034 1751 fidei,
1050 1677 1131 1738 dum
1154 1675 1300 1739 declarat

205 1795 265 1838 nos
290 1776 421 1838 credere
445 1786 580 1858 propter
604 1778 828 1839 auderitatern
853 1779 920 1841 Dei
938 1779 1115 1845 revelantis
1161 1781 1300 1863 Insuper

205 1879 237 1939 in
255 1879 419 1961 plerisque
435 1879 653 1955 catechismis,
669 1882 851 1961 praesertim
868 1904 946 1947 vero
969 1884 1001 1945 in
1022 1904 1062 1945 eo
1084 1866 1151 1966 qui,
1162 1883 1299 1965 jubente

206 1983 240 2046 C.
257 1983 497 2060 Bultimorensi,
513 1995 661 2048 recenter
684 1986 824 2067 scriptus
849 1987 919 2062 suit,
935 1987 1091 2050 revelatio
1113 1990 1299 2071 assignatur

202 2094 238 2148 ut
251 2088 410 2150 motivum
428 2091 564 2171 partiale
577 2091 662 2169 fidei,
675 2098 690 2125 “
705 2094 846 2156 because
865 2095 895 2156 Τ
891 2094 953 2158 lrou
964 2093 1041 2157 least
1051 2093 1200 2158 rancaled
1206 2095 1301 2177 them,

201 2189 275 2251 who
290 2202 384 2255 canst
400 2194 528 2257 neither
543 2197 678 2259 deceive
695 2217 755 2258 nor
771 2197 812 2258 be
827 2197 1034 2262 deceived.''·

202 2300 250 2381 (c)
266 2300 343 2362 Rat.
361 2299 448 2362 Illud
464 2307 516 2362 est
532 2297 672 2382 partiale
688 2297 849 2360 motivum
863 2297 938 2361 fidei
950 2298 1040 2379 quod
1052 2294 1239 2358 necessario
1251 2315 1295 2357 re·

203 2404 341 2484 quiritur
356 2413 394 2467 ut
410 2404 494 2466 ratio
510 2413 624 2466 nostra
638 2400 751 2464 videat
766 2400 1011 2463 connexionem
1026 2400 1112 2461 inter
1122 2395 1296 2461 audierita·

203 2519 270 2571 tem
288 2508 351 2570 Dei
368 2518 402 2569 et
416 2507 591 2570 veritatem
608 2506 825 2581 credendam;
848 2505 940 2586 atqui
957 2503 1033 2566 talis
1048 2502 1216 2565 connexio
1231 2519 1295 2563 non

203 2622 341 2693 apparet
357 2611 419 2673 nisi
436 2631 494 2693 per
510 2609 635 2673 sactum
652 2610 761 2691 ipsum
778 2605 996 2678 revelationis,
1011 2614 1047 2669 ut
1061 2604 1232 2667 evidenter
1243 2622 1295 2684 ap·

203 2724 297 2796 paret
313 2713 346 2776 in
362 2713 513 2795 sequenti
537 2713 752 2794 syllogismo:
776 2709 964 2790 “quidquid
988 2708 1080 2770 Deus
1103 2705 1229 2768 revelat
1250 2712 1296 2767 est

204 2815 269 2878 fide
284 2813 483 2890 tenendum;
510 2813 602 2893 atqui
620 2813 713 2874 Deus
730 2809 888 2872 revelavit
904 2809 1098 2888 mysterium
1113 2804 1295 2879 Trinitatis;

203 2938 283 2998 ergo
293 2918 317 2980 '',
363 2917 454 2997 Ergo
466 2913 591 2978 {adium
605 2913 817 2978 revelationis
827 2921 878 2974 est
891 2911 1052 2973 motivum
1063 2908 1203 2990 partiale
1213 2906 1295 2983 fidei;
1317 2994 1320 2998 Δ

205 3042 292 3091 nam.
307 3031 344 3083 ut
359 3022 406 3083 ait
422 3021 523 3102 Largo,
538 3028 555 3052 “
566 3040 633 3082 non
650 3020 760 3081 minus
776 3016 923 3079 assentio
939 3014 1097 3095 mysterio
1118 3011 1295 3085 Trinitatis,

205 3125 282 3205 quia
297 3125 389 3185 Deus
405 3123 538 3197 revelat,
553 3142 653 3202 quam
675 3122 753 3201 quia
778 3120 870 3181 Deus
893 3128 944 3180 est
967 3117 1073 3198 prima
1094 3115 1227 3190 veritas,
1240 3131 1295 3175 nec

207 3228 316 3290 minus
332 3247 385 3289 me
401 3236 514 3289 movet
529 3246 633 3288 unum
649 3245 750 3306 quam
766 3223 867 3298 aliud,
882 3222 941 3284 sed
958 3229 1135 3299 utrumque
1150 3239 1187 3281 se
1202 3217 1296 3280 habet

207 3352 265 3413 per
281 3332 417 3394 modum
432 3330 575 3412 duplicis
592 3329 774 3410 praemissae
790 3325 938 3389 formalis
952 3323 1004 3388 vel
1020 3321 1168 3385 virtualis
1179 3323 1222 3385 ad
1235 3339 1296 3383 cre-

206 3437 351 3498 dendam
369 3434 597 3496 Trinitatem.''

248 3573 296 3653 98
343 3571 402 3652 ,Bl
420 3569 581 3633 Sentisne!
600 3579 712 3631 autem
729 3567 845 3628 dicunt
861 3563 1096 3626 revelationem
1110 3581 1185 3624 esse
1195 3559 1297 3623 solum

206 3675 416 3736 ‹avrditr'mrcm
431 3674 501 3735 sinc
515 3673 581 3752 qud
597 3693 668 3743 non,
684 3691 722 3731 ac
739 3669 879 3750 proinde
894 3664 1006 3728 afrum
1023 3663 1100 3727 fidei
1110 3664 1170 3726 -ita
1193 3663 1297 3745 expri-

209 3776 367 3838 mendum
383 3796 475 3837 esse:
498 3790 514 3806 ⁸·
525 3777 625 3837 credo
641 3773 718 3853 quia
737 3772 837 3837 Deus,
853 3770 909 3850 qui
926 3767 1093 3841 revelavit,
1101 3785 1205 3827 verax
1220 3763 1299 3841 est'';

208 3883 323 3943 dicunt
338 3882 426 3942 euim
445 3880 525 3941 illud
540 3899 606 3939 uon
620 3897 691 3940 esse
704 3875 844 3957 partiale
857 3874 1018 3935 motirum
1031 3869 1117 3942 fidei,
1125 3870 1215 3951 quod
1226 3889 1300 3932 arse

211 4004 275 4045 uon
293 3994 403 4045 movet
420 3978 625 4043 iutelledium
642 3982 684 4041 ad
708 3978 958 4040 assentiendum
981 3973 1112 4036 veritati
1135 3972 1300 4047 revelatae;

213 4118 231 4124 —
242 4118 297 4124 —-
450 4115 590 4122 ———
599 4114 682 4121 -.-...
692 4114 702 4119 -
719 4114 733 4118 .-

246 4186 251 4205 “
266 4178 309 4232 t'i.
326 4178 477 4241 Aureolus,
490 4174 516 4228 in
531 4176 660 4242 Prologo.
675 4184 775 4242 qua-st.
792 4172 827 4223 de
843 4170 921 4223 Unit.
932 4166 1029 4231 theol,
1041 4181 1068 4218 a,
1081 4178 1109 4232 33
1133 4162 1264 4231 vasquez,
1276 4160 1302 4213 in

213 4264 236 4320 l.
253 4283 279 4336 p.
295 4266 367 4334 disp.
385 4278 410 4329 7,
425 4281 451 4316 a.
469 4278 493 4328 3.
