2684 4634
485 184 540 233 DE
559 183 746 234 HOMINE.
1099 187 1164 237 393

76 372 123 437 est,
134 361 232 443 hujus
248 371 282 426 et
297 383 410 425 servus
426 373 476 426 est
486 364 503 390 '¹
518 386 525 441 ;
545 364 697 445 jamvero
712 384 817 446 genus
833 363 1017 427 humanum
1034 385 1166 446 supera-

75 473 134 527 tum
164 474 216 528 est
247 487 267 527 a
296 465 431 529 diabolo
456 487 514 547 per
541 476 716 548 peccatum
744 465 928 547 originale,
959 488 1037 548 ergo
1062 488 1166 548 genus

73 563 247 631 humanum
259 577 310 630 est
322 569 538 650 aliquomodo
553 570 615 633 sub
626 579 794 652 potestate
806 569 938 632 diaboli.
987 570 1048 632 llla
1060 571 1166 632 domi-

72 672 155 734 natio
166 672 200 732 in
213 691 254 733 eo
265 673 416 736 consistit
432 674 521 753 quod
538 673 709 736 daemones
726 681 866 755 possunt
879 672 1052 754 multiplici
1066 673 1167 734 modo

70 794 123 836 nos
139 782 278 849 tentare,
294 776 362 837 imo
377 786 518 858 corpora
534 785 648 839 nostra
663 776 824 850 obsidere,
841 784 877 838 ut
899 773 1026 839 dietum
1043 785 1094 838 est
1110 776 1165 838 ubi

67 877 101 938 de
113 877 255 959 Angelis
269 876 314 957 (n.
330 896 368 957 91
389 874 453 962 sq.)

109 1024 181 1078 200.
228 1011 485 1076 Controuertitur
520 1013 605 1076 inter
643 1013 817 1094 theologos
849 1022 958 1076 utrum
992 1013 1092 1076 homo
1124 1014 1166 1075 sit

66 1115 205 1177 debilior
220 1116 252 1177 in
269 1125 358 1178 statu
375 1126 503 1179 naturae
519 1116 622 1198 lapsae
638 1136 739 1198 quam
757 1115 871 1179 luisset
888 1116 920 1177 in
937 1125 1025 1179 statu
1040 1125 1166 1179 naturae

66 1238 162 1299 purae.

103 1321 165 1401 (A)
183 1318 339 1402 Quidam,
355 1321 441 1383 inter
456 1331 582 1383 veteres
599 1321 782 1402 theologos
798 1321 981 1383 docuerunt
1002 1321 1166 1401 naturales

65 1423 146 1485 vires
177 1423 321 1486 hominis
352 1445 410 1505 per
440 1434 613 1507 peccatum
640 1424 800 1506 originale
827 1424 997 1487 intrinsece
1022 1426 1166 1487 minutas

66 1525 171 1589 luisse.
219 1527 286 1591 Sed
308 1527 383 1589 talis
406 1529 573 1591 sententia
593 1527 771 1608 rejicienda
790 1538 864 1608 est;
887 1549 965 1590 nam
988 1529 1167 1591 intrinseca

67 1630 255 1693 imminutio
276 1651 343 1692 non
368 1640 478 1712 potest
501 1631 569 1694 fieri
594 1632 656 1693 nisi
685 1651 743 1712 per
765 1629 1004 1694 detradtionem
1028 1631 1166 1712 alicujus

10 1766 15 1809 g
68 1730 284 1814 perfectionis
300 1735 351 1796 vel
373 1754 431 1814 per
455 1734 653 1797 infusionem
674 1733 813 1814 alicujus
829 1733 961 1797 habitus
979 1734 1167 1797 inclinantis

10 1814 17 1883 εὶ
69 1835 106 1897 ad
131 1835 280 1899 malum:
307 1837 400 1918 atqui
423 1845 599 1919 utrumque
627 1846 814 1919 repugnat;
841 1836 891 1918 (a)
907 1837 1015 1919 prius,
1039 1838 1116 1917 quia
1140 1839 1166 1898 si

10 1958 19 2023 f
70 1939 136 2017 quis
149 1940 263 2019 possit,
276 1939 347 2001 sine
359 1941 491 2022 propria
501 1940 607 2022 culpa,
620 1940 716 2002 bonis
729 1939 884 2002 indebitis
897 1940 1024 2021 privari,
1034 1960 1166 2020 aequum

71 2059 130 2103 non
147 2050 198 2104 est
213 2051 259 2118 ut,
270 2051 404 2124 propter
419 2041 552 2124 culpam
569 2051 852 2124 protoparentum,
865 2042 1069 2104 naturalibus
1082 2042 1166 2105 doti-

10 2158 15 2233 ςΙ
72 2141 125 2207 bus
148 2143 210 2206 sibi
234 2144 354 2208 debitis
378 2145 560 2226 spolietur;
584 2166 671 2220 nam,
694 2155 731 2208 ut
754 2145 800 2208 ait
825 2144 860 2207 S.
882 2145 1028 2221 Thomas,
1050 2147 1166 2226 “quod

73 2245 301 2311 detrimentum
325 2248 461 2329 aliquod
486 2248 632 2328 patiatur
654 2248 766 2328 aliqua
790 2267 930 2329 persona
954 2248 987 2309 in
1010 2247 1069 2324 his,
1093 2269 1167 2328 quae

10 2346 14 2409 Ξ
58 2358 141 2412 7ειιηῒ
163 2369 264 2431 supra
287 2359 450 2426 naturam,
465 2359 576 2432 potest
599 2350 793 2431 contingere
808 2349 859 2412 vel
876 2370 919 2411 ex
936 2350 1016 2413 vitio
1040 2360 1167 2413 naturae

10 2430 20 2565 ἱ,
74 2450 116 2513 vel
131 2472 176 2515 ex
191 2453 274 2515 vitio
290 2472 462 2535 personae;
485 2453 574 2535 quod
591 2461 704 2515 autem
722 2453 867 2533 patiatur
883 2453 915 2514 in
932 2452 992 2528 his,
1004 2473 1079 2534 quae
1090 2462 1167 2516 sunt

10 2574 22 2643 ξ
74 2562 200 2629 naturae,
211 2555 275 2617 hoc
288 2575 353 2617 non
367 2556 498 2619 videtur
508 2577 606 2637 posse
617 2556 811 2636 contingere
824 2555 885 2617 nisi
903 2566 1038 2637 propter
1050 2557 1166 2618 vitium

10 2650 21 2729 {s
73 2661 232 2741 proprium
250 2679 400 2741 personae
411 2660 426 2685 ”
440 2672 460 2722 1.
507 2660 558 2740 (b)
584 2661 765 2741 Repugnat
773 2659 944 2741 posterius,
960 2659 1038 2738 quia
1055 2659 1165 2720 Deum

10 2790 17 2833 r
72 2779 128 2824 non
144 2765 242 2826 decet
258 2760 431 2827 infundere
452 2762 484 2823 in
508 2762 654 2823 animam
679 2770 827 2823 nostram
852 2752 996 2839 aliquem
1014 2759 1166 2822 habitum

10 2894 13 2901 ·
69 2868 240 2946 positivum
265 2866 308 2929 ad
332 2865 458 2928 malum
483 2865 719 2928 inclinantem:
742 2885 836 2927 secus
853 2864 940 2925 enim
957 2861 1071 2926 auctor
1088 2864 1166 2925 mali

66 2979 258 3033 censeretur.

25 3099 30 3104 ·
104 3072 164 3154 (B)
183 3070 282 3134 Multi
304 3070 484 3146 Themista,
501 3071 588 3132 inter
603 3089 687 3150 quos
706 3070 836 3132 Goudin
853 3079 886 3131 et
902 3069 1073 3144 Bz'lluart2,
1090 3090 1166 3132 con-

60 3177 204 3237 tendunt
220 3174 303 3236 vires
319 3174 464 3236 hominis
481 3173 648 3236 naturales
672 3193 738 3234 non
761 3174 896 3253 quidem
914 3173 1090 3235 intrinsece
1107 3176 1167 3237 mi-

57 3288 158 3340 nutas
183 3276 293 3352 fuisse,
314 3278 372 3339 sed
397 3277 505 3339 solum
529 3277 709 3351 extrinsece,
732 3295 772 3337 eo
796 3296 903 3352 sensu,
927 3276 1053 3338 scilicet
1077 3279 1166 3357 quod

54 3382 126 3444 sint
142 3380 176 3441 in
194 3381 350 3462 praesenti
366 3389 456 3443 statu
473 3379 646 3442 obstacula
662 3380 851 3441 extrinseca
868 3400 942 3460 quae
960 3400 1026 3441 non
1044 3380 1166 3441 adluis-

54 3482 180 3547 sentin
193 3491 287 3572 statu
296 3492 424 3545 naturae
438 3504 538 3565 pura,
551 3482 685 3558 scilicet,
698 3482 850 3560 tyramn's
864 3481 993 3557 diaboli,
1006 3483 1130 3545 aversio
1146 3505 1167 3543 a

53 3587 128 3650 Deo
149 3595 188 3647 ut
197 3585 270 3666 fine
289 3587 446 3663 naturali,
468 3587 667 3649 auxiliorum
687 3586 879 3648 substraliio
902 3586 1032 3666 aliaque
1055 3587 1166 3666 hujus-

53 3689 160 3752 modi.
200 3689 263 3752 Illa
279 3690 448 3754 sententia
465 3688 646 3770 probabilis
663 3699 721 3765 est,
733 3690 916 3770 praesertim
931 3692 1039 3769 quoad
1055 3700 1166 3771 tyran-

52 3793 170 3856 nidem
203 3788 354 3856 diaboli:
386 3792 600 3855 solummodo
631 3792 965 3854 animadvertendum
1005 3801 1062 3867 est,
1095 3792 1166 3854 illas

52 3895 184 3960 diaboli
209 3896 480 3979 impugnationes
508 3896 717 3977 compensari
746 3896 778 3956 in
808 3895 963 3975 praesenti
991 3904 1079 3957 statu
1109 3918 1167 3977 per

87 4135 97 4160 ι
113 4112 146 4166 S.
166 4111 272 4178 Thom,
288 4113 333 4165 De
349 4112 435 4179 Malo,
449 4128 475 4181 q.
492 4125 516 4180 5,
530 4129 555 4164 a.
574 4123 596 4178 5.

86 4203 98 4235 ²
113 4197 156 4252 Cf.
176 4199 298 4265 Goudz'n,
315 4200 350 4253 de
370 4199 479 4265 Gratia,
492 4216 518 4267 q.
534 4200 572 4252 11.
589 4216 613 4253 a.
628 4213 653 4264 4,
673 4199 762 4252 concl.
785 4214 819 4267 33
840 4198 979 4262 Billuart,
1001 4197 1036 4249 de
1058 4197 1165 4264 Gratia,

50 4283 122 4336 diss.
140 4282 181 4347 ll,
196 4298 221 4336 a.
238 4294 264 4347 3.
1243 4320 1280 4364 Δ
