2684 4634
115 199 184 252 5⁴0
378 193 380 197 ’
557 197 696 250 CAPUT
714 197 773 248 111.

117 374 223 455 ipsum
240 393 299 454 pro
316 373 496 436 omnz'bus”.
544 375 595 437 Ibi
614 375 645 440 S.
669 375 791 438 Paulus
814 373 969 436 obsecrat
986 385 1024 437 ut
1043 374 1131 438 fiant
1153 396 1217 438 ora-

117 477 222 538 tiones
239 496 299 556 pro
314 476 468 550 omm'bus,
479 479 557 558 quia
570 477 721 541 Christus
738 478 833 540 dedit
849 477 1077 558 semetipsum
1096 479 1217 540 redem-

117 580 264 661 ptionem
283 600 342 660 pro
358 578 524 650 omnibus:
556 581 658 660 atqui,
682 601 725 643 ex
747 589 911 643 contextu
934 591 1084 662 apparet
1108 602 1217 644 vocem

117 681 206 744 illam
231 682 377 745 omnibus
399 680 575 762 complecti
600 684 702 745 etiam
726 682 878 763 infideles,
894 683 975 763 quia
998 683 1032 745 in
1060 684 1218 746 versiculo

116 785 263 847 secundo
279 784 388 866 agitur
404 785 446 873 de
462 785 594 866 regibus
611 795 644 848 et
661 784 913 865 magistratibus
929 784 1033 864 hujus
1051 786 1217 866 temporis,

117 888 173 968 qui
189 888 296 950 adhuc
314 886 461 950 infideles
485 900 586 951 erant.
635 888 783 950 Aliunde
799 888 910 968 agitur
933 887 978 950 de
1005 888 1075 951 illis
1102 890 1158 970 qui
1180 891 1217 951 ad

117 990 312 1071 agnitzonem
331 990 481 1052 veritatis
495 991 607 1053 venire
629 991 791 1070 indigent,
806 999 840 1052 et
864 990 1007 1070 proinde
1029 992 1077 1054 de
1105 992 1144 1054 iis
1166 992 1216 1073 qui

118 1093 217 1155 fidem
234 1094 382 1156 nondum
398 1092 529 1156 habent.
575 1095 647 1156 Nec
663 1093 789 1174 opponi
806 1102 947 1173 possunt
957 1093 1065 1156 verba
1079 1093 1215 1157 Christi1

118 1201 134 1227 “
147 1196 223 1276 Ego
235 1216 295 1277 pro
305 1196 352 1257 eis
365 1216 455 1277 rogo,
466 1215 532 1258 non
550 1216 610 1277 pro
623 1196 750 1258 mundo
767 1214 849 1275 rogo
861 1196 894 1274 ”3
918 1214 998 1258 nam
1011 1216 1059 1258 ex
1071 1217 1114 1259 eo
1129 1197 1209 1277 quod

117 1299 265 1362 Christus
281 1298 342 1359 hdc
355 1299 426 1360 vice
442 1318 508 1360 non
522 1299 665 1361 oraverit
681 1318 742 1380 pro
759 1299 895 1374 mundo,
912 1298 1055 1360 minime
1073 1299 1211 1379 sequitur

118 1421 193 1462 eum
211 1420 381 1480 nunquam
398 1422 458 1482 pro
475 1401 531 1463 illo
547 1422 668 1478 orasse,
678 1403 862 1482 praesertim
874 1421 977 1483 quum
992 1411 1115 1482 postea
1129 1401 1210 1463 addi-

118 1503 204 1565 derit
222 1527 228 1564 :
252 1509 267 1535 “
281 1503 356 1564 Non
370 1524 430 1583 pro
445 1505 492 1565 eis
509 1514 621 1567 autem
639 1524 720 1584 rogo
737 1512 879 1579 tantum,
895 1503 954 1565 sed
971 1514 1006 1566 et
1022 1524 1087 1584 pro
1103 1504 1148 1567 eis
1163 1502 1209 1583 qui

118 1606 272 1668 credituri
290 1615 368 1667 sunt
392 1626 450 1687 per
469 1607 606 1668 verbum
628 1626 743 1668 eorum
769 1607 801 1667 in
827 1626 912 1668 me...
928 1616 965 1669 ut
986 1605 1106 1668 credat
1126 1625 1205 1667 mun-

118 1709 180 1772 dus
198 1709 276 1788 quia
300 1717 335 1770 tu
361 1728 413 1770 me
437 1710 556 1771 misisti
567 1709 583 1735 '’
609 1708 699 1789 (20);
730 1729 775 1770 ex
798 1730 865 1790 quo
890 1718 1033 1790 apparet
1057 1729 1135 1772 eum
1158 1727 1207 1788 pro

119 1813 245 1875 mundo
260 1830 380 1885 orasse,
397 1820 433 1872 ut
449 1809 548 1873 fidem
565 1811 692 1873 scilicet
709 1813 881 1892 acciperet.

163 1913 221 1994 (B)
234 1913 405 1974 Damnata
420 1923 470 1975 est
486 1913 727 1976 abAlexandro
746 1913 836 1976 VIII
847 1933 991 1995 sequens
1008 1912 1205 1994 propositio:

119 2016 298 2080 “Christus
315 2015 408 2079 dedit
423 2018 640 2097 semetipsum
656 2015 861 2079 oblationem
880 2017 954 2078 Deo
978 2036 1039 2096 pro
1063 2016 1205 2078 omnibus

119 2128 153 2180 et
174 2118 252 2181 solis
276 2117 429 2181 fidelibus
441 2119 465 2182 ”.
520 2119 611 2199 Ergo
636 2128 763 2181 certum
788 2127 838 2180 est
855 2117 1026 2181 Christum
1056 2138 1123 2180 non
1146 2136 1207 2180 esse

121 2231 287 2284 mortuum
305 2241 365 2301 pro
380 2220 459 2283 solis
475 2220 629 2284 fidelibus
645 2223 703 2284 sed
721 2221 822 2283 etiam
838 2241 899 2301 pro
916 2219 1108 2283 infidelibus
1120 2234 1140 2282 2.

163 2384 231 2447 203.
280 2381 315 2447 30
334 2367 485 2432 Clerzstus
508 2391 582 2431 vere
603 2369 760 2447 satzsfhcit
781 2367 879 2430 etiam
896 2378 959 2447 pro
971 2367 1140 2447 parvulis,
1161 2365 1212 2447 qui

120 2472 283 2553 baptisari
296 2493 358 2534 non
368 2483 509 2553 possunt.
557 2474 610 2535 Ita
627 2471 848 2534 communiter
863 2480 978 2533 contra
1004 2471 1154 2551 Vosques.

166 2576 222 2657 (A)
237 2576 354 2656 Script.
369 2600 380 2639 .·
403 2576 453 2656 (a)
467 2576 555 2658 Quia
575 2576 692 2638 nullibi
707 2574 879 2655 Scriptura
895 2573 1047 2636 excludit
1064 2574 1211 2656 parvulos

120 2678 310 2743 abeneficio
327 2679 574 2759 redemptionis,
587 2679 645 2740 sed
663 2687 809 2739 econtra
826 2677 942 2739 asserit
959 2678 1061 2739 modo
1074 2676 1211 2759 generali

120 2784 288 2848 Christum
306 2804 365 2863 pro
388 2783 543 2844 omnibus
560 2780 767 2843 satisfecisse.
819 2779 870 2860 (b)
889 2781 1030 2860 Insuper
1046 2780 1080 2844 S.
1100 2780 1213 2843 Paulus

119 2888 218 2950 docet
233 2906 348 2947 omnes
362 2885 535 2966 justificari
552 2894 586 2947 et
602 2884 721 2946 salvari
738 2904 797 2964 per
809 2882 1087 2957 Christum,·sicut
1104 2903 1213 2946 omnes

120 2992 152 3051 in
182 2989 317 3050 Adamo
342 2998 587 3069 peccaverunt:
620 2986 685 3051 “Si
714 2987 803 3048 enim
840 2988 937 3049 unius
961 2983 1089 3048 delicto
1123 2986 1211 3049 multi

121 3092 240 3152 mortui
269 3100 354 3162 sunt,
379 3089 486 3153 multo
511 3091 618 3172 magis
644 3090 752 3170 gratia
781 3090 845 3150 Dei
871 3091 904 3151 in
932 3088 1042 3168 plures
1069 3089 1213 3151 abunda-

121 3193 167 3253 vit
180 3191 240 3268 ’'3;
264 3193 356 3272 atqui
373 3193 500 3272 parvuli
522 3194 564 3255 de
581 3193 702 3273 quibus
719 3193 828 3272 agitur
843 3211 919 3253 vere
936 3192 969 3251 in
985 3190 1128 3253 Adamo
1144 3210 1213 3273 pec-

120 3304 293 3371 caverunt;
324 3315 404 3375 ergo
427 3316 485 3376 per
501 3296 670 3359 Christum
687 3295 856 3375 accipiunt
871 3295 995 3375 gratias
1012 3293 1210 3356 sufficientes

120 3398 162 3459 ad
179 3397 329 3459 salutem.

163 3499 223 3579 (B)
253 3500 284 3560 T
282 3500 447 3563 raditione.
503 3501 559 3562 Ex
587 3509 684 3562 textu
712 3499 744 3564 S.
769 3499 953 3580 Augustini
982 3494 1130 3583 (Contra
1150 3497 1213 3583 Jul.

156 3736 233 3804 xsoa.
249 3738 347 3801 XVII,
361 3753 387 3803 9.

154 3823 235 3891 ”Jam
250 3823 356 3877 Concil.
373 3825 393 3876 I
404 3824 578 3876 Curisiacum
593 3833 689 3876 contra
704 3819 972 3875 Praedestinatianos
992 3820 1069 3874 idem
1090 3821 1209 3874 declara-

119 3920 195 3966 verat
213 3927 218 3960 :
239 3906 394 3960 “Christus
407 3904 500 3976 Jesus‚
515 3904 586 3958 sicut
599 3906 690 3957 nullus
704 3904 789 3958 homo
802 3914 854 3968 est,
869 3903 921 3957 suit
934 3903 1054 3965 velerit,
1070 3905 1152 3972 cujus
1171 3919 1213 3955 na·

119 4009 181 4053 tura
194 3996 221 4048 in
236 3996 283 4047 illo
297 4005 443 4062 assumpta
456 4010 512 4046 non
526 3992 615 4058 fuerit,
634 3992 672 4044 ita
686 3992 779 4044 nullus
792 4000 844 4056 est,
857 3990 908 4045 fuir
921 3991 965 4043 vel
984 3989 1037 4043 erit
1057 3992 1154 4056 homo,
1167 4005 1213 4057 pro

118 4103 174 4155 quo
187 4098 288 4153 passus
302 4097 358 4133 non
372 4080 470 4148 fuerit3
496 4079 560 4132 licet
575 4096 631 4132 non
646 4096 744 4132 omnes
758 4077 898 4147 passionis
911 4077 972 4146 ejus
985 4078 1123 4146 mysterio
1143 4076 1210 4132 redi·

118 4173 263 4228 utantur''.
304 4170 469 4238 (Densing.‚
483 4185 509 4219 n.
528 4166 600 4232 282).

154 4262 255 4314 ³R0m.
272 4259 305 4325 V,
327 4270 365 4326 15.
