2684 4634
119 171 186 224 586
560 175 701 226 CAPUT
720 175 773 225 IV.

119 354 230 416 monio
242 333 365 435 Juliani
379 355 565 436 Apostatae,
576 358 632 438 qui
648 358 857 422 Christianos
873 360 1055 424 accusabat
1073 380 1114 423 eo
1130 360 1214 441 quod

118 477 184 518 non
213 467 379 520 cessarent
398 459 540 522 Mariam
569 481 686 524 vocare
707 462 886 538 Theotocon,
903 464 922 525 i.
939 483 965 526 e.
984 462 1050 526 Dei
1077 464 1215 528 Genitri·

118 573 215 623 cem1
232 582 238 637 ;
273 560 321 642 (e)
337 571 408 624 tum
433 583 476 622 ex
495 563 665 644 Symbolis
689 585 764 646 quae
780 566 951 630 declarant
968 566 1152 644 Christum,
1168 587 1216 629 ve·

118 682 189 725 rum
208 666 327 740 Deum,
343 687 387 728 ex
406 667 513 729 Maria
529 668 669 749 Virgine
685 681 885 749 conceptum
909 679 943 732 et
967 678 1088 733 natum
1105 669 1217 748 luisse;

118 770 189 823 tum
207 765 389 844 praesertim
406 786 450 827 ex
468 765 504 829 C.
520 766 682 847 Eplresino
695 767 765 846 jam
782 768 895 830 citato,

161 862 222 948 (C)
241 866 388 931 Ratione.
435 868 498 930 Illa
514 878 565 931 est
580 878 684 932 mater
698 869 761 931 Dei
775 889 850 950 quae
866 870 1014 952 concipit
1032 882 1067 936 et
1083 884 1217 954 generat

119 986 294 1047 personam
312 990 387 1050 quae
405 971 497 1034 Deus
514 982 582 1049 est;
606 972 699 1053 atqui
716 973 751 1034 Β.
765 973 872 1054 Virgo
888 975 1044 1055 concepit
1061 984 1095 1038 et
1105 977 1216 1056 genuit

119 1089 293 1150 personam
312 1072 443 1149 Christi,
459 1075 515 1156 qui
528 1075 621 1137 Deus
637 1084 705 1151 est;
727 1077 899 1156 generatio
915 1078 1004 1139 enim
1022 1079 1216 1141 terminatur

119 1192 185 1234 non
202 1176 244 1237 ad
262 1185 425 1252 naturam,
441 1177 500 1239 sed
524 1178 567 1239 ad
592 1197 767 1258 personam
784 1198 859 1258 quae
875 1179 1025 1242 subsistit
1044 1180 1078 1242 in
1104 1185 1215 1244 natura

119 1279 248 1356 genita;
282 1301 310 1342 v.
326 1301 357 1361 g,
375 1290 482 1341 mater
500 1281 597 1357 Petri,
615 1281 692 1343 licet
715 1302 835 1362 corpus
859 1281 946 1343 illius
970 1291 1105 1346 tantum
1123 1304 1214 1364 gene-

120 1390 177 1454 ret,
194 1381 314 1443 dicitur
339 1383 457 1444 merito
483 1384 638 1463 genuisse
664 1386 798 1446 Petrum
825 1385 944 1465 ipsum,
959 1405 1017 1446 seu
1043 1406 1211 1466 personam

121 1484 224 1559 Petri;
256 1487 344 1565 quod
359 1485 430 1565 jam
447 1487 728 1550 animadverterat
745 1487 777 1551 S.
795 1486 937 1568 Cyrillus
953 1487 1056 1553 Alex.
1074 1488 1147 1570 (Ep.
1166 1490 1210 1569 1):

120 1587 243 1649 “Licet
269 1587 334 1649 illae
358 1589 560 1650 terrestrium
587 1589 755 1652 duntaxat
778 1609 954 1671 corporum
979 1600 1104 1654 matres
1129 1591 1209 1662 fiant,

120 1710 185 1751 non
212 1690 351 1753 alteram
376 1700 489 1753 tamen
513 1700 653 1772 partem,
669 1693 727 1754 sed
745 1701 864 1770 totum,
881 1693 971 1774 quod
989 1713 1033 1755 ex
1051 1695 1164 1756 anima
1184 1705 1209 1754 et

120 1814 256 1874 corpore
280 1793 450 1870 conflatur,
474 1815 588 1875 parere
612 1795 812 1872 dicuntur”;
840 1815 920 1876 ergo
936 1795 988 1877 (S.
1010 1795 1070 1858 Th.
1089 1814 1106 1876 3
1124 1818 1153 1877 q.
1171 1810 1208 1875 35,

121 1918 148 1958 a.
164 1897 206 1977 4).

163 2049 232 2127 269.
275 2046 318 2107 ΙΙ.
332 2046 530 2108 Excellentr'a
539 2047 819 2128 hususdzgnitatri
832 2075 842 2108 .·
862 2060 893 2108 10
904 2047 946 2109 sn
956 2070 998 2112 se.
1026 2049 1089 2131 (A)
1103 2048 1209 2132 Digni-

122 2158 172 2211 tas
191 2149 310 2210 Matris
328 2148 393 2210 Dei
418 2147 518 2229 longe
545 2150 769 2231 supereminet
793 2169 909 2212 omnes
933 2151 1015 2213 alias
1031 2153 1211 2234 dignitates,

122 2253 265 2330 exceptat
292 2251 415 2312 unione
443 2250 664 2332 hypostatica.
719 2247 854 2315 Etenim
891 2255 970 2316 unio
1006 2255 1212 2336 hypostatica

122 2363 254 2433 superat
271 2373 386 2414 omnes
410 2352 590 2433 dignitates
606 2355 731 2440 ordinis
755 2376 821 2417 non
846 2355 953 2417 solum
978 2358 1149 2434 naturalis,
1165 2356 1212 2419 sed

124 2457 226 2518 etiam
250 2457 519 2536 supernaturalis,
536 2467 573 2519 ut
596 2478 712 2518 omnes
735 2458 920 2535 fatentur²;
955 2461 1051 2540 atqui
1076 2461 1215 2541 dignitas

125 2562 243 2624 Matris
262 2562 325 2623 Dei
343 2562 497 2642 proxime
514 2564 658 2643 pertinet
682 2564 723 2624 ad
748 2565 898 2625 ordinem
916 2562 1046 2624 unionis
1064 2563 1215 2645 hyposta-

22 2697 24 2700 ·
122 2668 214 2743 ticae3
248 2686 325 2726 nam
344 2667 378 2726 B.
395 2665 508 2742 Virgo
533 2663 714 2743 praebendo
731 2665 905 2725 materiam
922 2663 1070 2742 corporis
1088 2664 1214 2738 Christi,

123 2769 270 2850 illudque
287 2767 471 2830 voluntarie
488 2765 716 2845 concipiend0,
733 2767 947 2846 parturiendo
970 2787 1009 2828 ac
1033 2769 1216 2842 nutriendo,

124 2874 185 2935 suit
201 2873 302 2934 veluti
320 2891 421 2933 causa
445 2868 707 2930 instrumentalis
724 2869 855 2929 unionis
871 2870 1105 2950 hypostaticae,
1122 2881 1217 2952 atque

123 2975 333 3055 cooperatrix
350 2973 537 3034 divinarum
555 2990 769 3051 personarum
788 2972 819 3031 in
838 2991 962 3052 magno
981 2973 1219 3035 Incarnationis

123 3097 231 3157 opere,
249 3078 294 3138 ita
318 3086 354 3137 ut
378 3077 457 3136 unio
480 3074 693 3154 hypostatica
710 3073 813 3134 Verbi
831 3093 906 3135 cum
924 3073 1072 3136 humana
1097 3080 1219 3137 natura.

123 3179 157 3239 iu
182 3179 289 3238 Maria
313 3187 346 3239 et
363 3189 425 3257 per
445 3177 596 3250 Mariam,
613 3183 773 3255 operante
796 3184 909 3236 tamen
928 3175 1055 3256 Spiritu
1075 3176 1119 3252 S..
1136 3197 1219 3239 com·

123 3327 232 3336 ...—

160 3405 235 3458 ¹Csr.
253 3406 283 3458 S,
301 3403 428 3472 Cyrillus
441 3404 533 3468 Alex„
548 3411 645 3453 contra
658 3399 723 3467 Jul.‚
737 3400 753 3452 l.
771 3400 795 3451 8.

158 3492 263 3559 2Quod
291 3492 331 3544 sic
361 3490 471 3558 egregie
499 3487 613 3556 exponit
631 3487 761 3538 Basilius
780 3486 883 3539 Selene.
904 3487 998 3553 (serm.
1021 3502 1056 3555 39
1086 3489 1114 3543 in
1143 3490 1220 3558 Deip.

124 3580 289 3643 Annunt.'):
324 3575 420 3644 “Quis
439 3592 496 3627 non
516 3575 631 3627 miretur
649 3582 825 3641 quantopere
852 3574 1058 3640 superemineat
1086 3586 1221 3647 quotquot

123 3668 295 3717 honoramus
310 3661 449 3717 Santlos?
470 3663 545 3713 Nam
559 3659 581 3711 si
593 3660 670 3711 Deus
679 3661 770 3711 servis
780 3669 890 3712 tantum
899 3659 1056 3727 impertitus
1065 3673 1109 3716 est
1118 3664 1222 3731 gratiae,

124 3750 236 3819 qualem
250 3752 340 3801 aratri
357 3750 487 3802 virtutem
506 3745 598 3807 inesse
612 3745 815 3813 cogitabimus?
850 3749 896 3798 An
910 3764 967 3800 non
980 3748 1119 3817 majorem
1138 3750 1222 3804 multo

124 3855 209 3905 quam
222 3837 247 3890 ei
262 3835 412 3904 subjectis?
450 3835 545 3888 Cuivis
559 3835 587 3886 id
601 3844 698 3887 notum
712 3843 764 3886 est.
805 3831 834 3885 Si
845 3834 943 3886 Petrus
957 3834 1059 3888 beatus
1068 3837 1223 3905 appellatus

123 3936 166 3978 est
180 3927 329 3993 clavesque
342 3924 421 3992 regui
436 3923 571 3976 coelorum
585 3921 761 3973 concreditas
774 3919 880 3986 habuit,
890 3937 939 3973 cur
951 3938 1008 3975 non
1023 3939 1082 3989 prae
1096 3925 1223 3978 omnibus

123 4030 179 4066 una
192 4013 276 4065 beata
290 4011 464 4079 praedicetur‚
481 4009 523 4063 cui
538 4009 636 4060 datum
649 4018 691 4061 est
704 4008 783 4061 illum
796 4005 874 4072 eniti,
888 4023 972 4075 quern
992 4007 1038 4062 ille
1051 4025 1101 4063 ore
1120 4010 1224 4064 confes·

124 4111 171 4146 sus
185 4095 243 4146 est?
281 4093 310 4146 Si
326 4095 429 4147 Paulus
448 4111 497 4147 vas
517 4092 664 4148 electionis
683 4094 900 4162 cognominatus
919 4104 971 4161 est,
984 4095 1062 4164 quod
1075 4109 1222 4166 augustum

124 4179 228 4232 Christi
238 4196 341 4233 nomen
351 4179 480 4234 extulerit
492 4180 617 4251 illudque
625 4181 730 4251 ubique
744 4191 881 4235 terrarum
889 4182 1075 4249 evulgaverit,
1084 4185 1171 4254 quale
1179 4199 1224 4238 vas

123 4266 175 4318 erit
191 4268 246 4318 Dei
258 4268 388 4320 maler?'’
