2684 4634
12 261 16 268 g
118 199 187 251 eoo
562 199 704 251 cupur
718 199 772 248 1v.

120 379 284 460 siquidem
308 379 392 441 Filia
414 380 637 460 primogenita
661 380 775 455 Patris,
795 380 905 441 Mater
927 379 1011 453 Filii,
1030 378 1165 459 Sponsa
1185 388 1212 439 et

120 481 280 562 templum
298 483 441 563 Spirittls
459 482 508 559 S.;
531 484 623 563 atqui
647 502 713 544 non
737 483 893 545 convenit
915 491 952 544 ut
975 501 1129 562 persona,
1147 481 1213 543 Deo

120 594 189 646 tam
207 586 323 648 intime
340 584 527 666 conjuntta,
539 588 582 649 sit
594 589 636 651 ab
649 588 744 650 initio
757 585 878 651 iniecta
894 587 1046 668 originali
1059 597 1212 668 peccato:

121 689 287 751 “domum
304 699 396 751 tuam
413 691 509 752 decet
525 687 715 753 sant‘titudo
728 691 760 752 in
775 690 1018 772 longitudinem
1032 692 1162 753 dierum
1173 690 1213 750 ’'1.

122 789 181 853 Ait
203 792 366 872 siquidem
392 792 426 854 S.
446 792 587 872 Cyrillus
610 794 709 855 Alex.
729 790 780 876 (in
805 794 904 857 Cone.
923 793 1084 874 Ephes):
1109 793 1213 875 “Quis

121 912 267 973 unquam
294 894 421 956 audivit
448 892 673 970 archite&um,
694 897 751 976 qui
779 895 840 958 sibi
868 896 1005 958 domum
1035 895 1214 967 aedificavit,

120 995 191 1075 ejus
207 999 460 1078 occupationem
477 1008 510 1060 et
526 999 770 1078 possessionem
790 999 899 1080 primo
918 1019 978 1061 suo
1001 999 1140 1061 inimico
1155 1019 1214 1060 ces-

121 1098 203 1159 sisse
215 1096 231 1123 ”
244 1110 265 1159 2.

164 1199 222 1281 (C)
238 1201 295 1263 Ex
301 1212 398 1281 porte
412 1202 660 1283 Redemptionis.
707 1202 742 1264 B.
755 1203 998 1284 Virg0,'utpote
1015 1203 1215 1283 Redempto-

122 1305 165 1366 ris
183 1304 300 1380 Mater,
314 1306 533 1386 redemptioni
547 1317 669 1369 nostrae
685 1315 864 1388 cooperata
879 1307 957 1382 fuit;
974 1307 1070 1387 atqui
1083 1296 1216 1369 decebat

122 1417 159 1471 ut
176 1408 462 1490 CoRedemptrix
475 1419 587 1472 nostra
599 1431 619 1472 a
631 1408 779 1490 quolibet
792 1421 930 1490 peccato
942 1419 1030 1473 esset
1045 1410 1214 1473 immunis:

122 1513 197 1574 talis
213 1514 301 1574 enim
319 1514 507 1594 cooperatio
526 1513 568 1574 ad
590 1533 674 1592 opus
690 1509 876 1574 sanititatis
892 1511 1071 1594 specialem
1089 1511 1214 1592 requirit

123 1614 343 1689 sanititatem,
367 1616 550 1697 praesertim
575 1635 652 1677 vero
676 1616 922 1678 immunitatem
945 1614 989 1676 ab
1013 1613 1070 1675 illa
1096 1612 1214 1676 maculrl

123 1739 223 1801 quam
242 1720 445 1801 Redemptio
461 1719 577 1781 tollere
593 1718 744 1780 intendit.
849 1765 854 1774 .

172 1856 245 1920 280.
293 1869 328 1934 3⁰
353 1855 539 1920 Corollaria.
585 1855 645 1935 (A)
667 1855 704 1916 B.
738 1854 836 1934 Virgo
858 1853 985 1914 nullum
1008 1862 1139 1933 experto
1153 1853 1214 1930 fnit

124 1959 376 2038 concupiscentia
392 1969 530 2029 motum,
547 1978 624 2020 nam
638 1957 907 2038 concupiscentia
916 1944 969 2019 'est
982 1954 1211 2020 consectarium

125 2062 294 2143 originalis
311 2063 437 2143 peccati
452 2084 459 2138 ;
476 2062 567 2141 atqui
586 2062 620 2123 B.
639 2062 744 2142 Virgo
761 2061 918 2122 immunis
935 2058 997 2121 suit
1012 2059 1058 2121 ab
1074 2058 1212 2142 originali

126 2176 282 2248 peccato;
305 2186 385 2245 ergo
401 2166 502 2227 etiam
520 2186 539 2226 a
555 2165 834 2246 concupiscentia.
874 2163 1097 2228 Solummodo
1115 2165 1213 2244 dispu-

126 2279 214 2333 tatur
231 2271 315 2330 inter
331 2268 506 2349 theologos
529 2278 638 2331 utrum
664 2269 696 2329 in
721 2267 828 2329 Maria
849 2266 954 2328 fomes
975 2266 1106 2347 peccati
1131 2266 1213 2329 suerit

127 2374 169 2434 ab
186 2372 280 2432 initio
297 2370 393 2451 plene
410 2368 596 2432 exstindtus
612 2369 664 2430 vel
682 2369 789 2431 solum
807 2369 950 2450 ligatus:
970 2369 1072 2448 juxta
1089 2369 1124 2432 S.
1148 2369 1212 2431 Tn-

127 2495 213 2536 rnorn
230 2473 273 2553 (3,
289 2493 318 2553 q.
337 2489 386 2551 27,
402 2495 428 2535 a.
448 2473 488 2552 3),
506 2473 548 2533 ab
569 2473 665 2535 initio
687 2473 748 2534 suit
772 2481 901 2534 tantum
920 2471 1041 2551 ligatus
1058 2492 1119 2534 nec
1136 2471 1214 2553 peni-

127 2588 179 2642 tus
200 2575 393 2639 'exstinttus
424 2578 486 2638 nisi
517 2586 667 2657 tempore
698 2576 923 2656 conceptionis
951 2575 1098 2652 Christi;
1128 2575 1215 2656 juxta

129 2682 255 2744 Snorea
265 2692 286 2755 3,
304 2681 491 2759 multosque
507 2680 598 2754 alios,
612 2681 655 2741 ab
672 2681 766 2743 initio
782 2681 914 2761 penitus
931 2678 992 2741 suit
1008 2676 1196 2742 exstint'tus.

170 2784 231 2865 (B)
247 2783 285 2845 B.
308 2783 406 2863 Virgo
422 2783 548 2843 nollunt
564 2783 724 2844 commitit
730 2793 894 2862 peccaturo
910 2782 1042 2857 ollnole,
1058 2783 1129 2844 sive
1144 2802 1216 2845 rnor-

129 2889 199 2961 tole,
214 2889 283 2950 sior
298 2887 428 2949 veniale.
477 2887 552 2948 Hoc
573 2887 660 2947 enim
685 2896 798 2966 aperte
822 2895 955 2948 constat
970 2906 1014 2946 ex
1036 2885 1219 2947 Tridentino

127 2991 349 3053 definiente4:
374 2990 439 3053 “Si
461 2990 535 3069 quis
558 2989 728 3049 hominem
752 2989 853 3049 semel
868 2986 1087 3068 justificatum
1104 2987 1221 3049 dixerit

128 3093 270 3174 amplius
287 3112 422 3172 peccare
439 3112 504 3154 non
522 3112 619 3172 posse
632 3141 637 3152 .
652 3141 657 3151 .
671 3101 752 3154 saut
768 3100 891 3165 contra,
908 3098 1005 3170 posse
1021 3089 1054 3151 ln
1073 3095 1145 3152 tota
1161 3091 1221 3151 vitat

128 3205 264 3279 peccata
287 3195 408 3270 omnia,
425 3197 525 3257 etiam'
549 3195 699 3269 venialia,
715 3195 827 3268 vitare,
851 3193 912 3254 nisi
936 3213 980 3254 ex
1004 3192 1141 3272 speciali
1165 3192 1221 3254 Dei

128 3299 308 3381 privilegio,
339 3298 623 3378 quemadmodum
656 3299 697 3359 de
728 3297 766 3359 B.
803 3296 938 3378 Virgine
967 3304 1050 3357 tenet
1078 3295 1221 3358 Ecclesia

735 3431 811 3438 *-

162 3509 230 3561 1Ps.
245 3505 340 3574 XCII,
359 3519 381 3574 5.
420 3503 422 3507 ⁴

161 3590 171 3619 ²
182 3597 265 3664 Quod
279 3603 474 3662 argumentum
488 3593 528 3646 sic
541 3595 674 3661 praeclare
688 3591 800 3662 exponit
812 3594 885 3645 Pius
893 3593 942 3645 IX
949 3590 962 3658 (
964 3590 1120 3659 Ineffnbr'lis
1121 3589 1137 3658 )
1147 3610 1157 3644 .·
1168 3593 1183 3617 “
1194 3593 1226 3644 Et

128 3684 241 3754 quidem
255 3682 373 3735 decebat
386 3680 502 3734 omnino
516 3692 545 3734 ut
559 3680 761 3750 perfettissime
775 3678 933 3733 sanctitatis
947 3678 1145 3746 splendoribus
1159 3695 1227 3731 sem-

128 3789 177 3840 per
196 3780 294 3823 omata
313 3769 456 3837 fulgeret...
468 3780 526 3822 tam
545 3769 712 3822 venerabilis
732 3778 829 3832 mater,
849 3766 892 3820 cui
913 3768 991 3819 Deus
1012 3766 1096 3818 Pater
1115 3765 1227 3818 unicum

129 3859 230 3911 Filium
253 3873 342 3923 suum,
368 3872 452 3925 quem
475 3855 510 3908 de
533 3856 618 3908 corde
640 3872 691 3907 suo
713 3855 850 3924 aequalem
873 3853 926 3906 sibi
946 3851 1074 3920 genitum
1093 3862 1228 3920 tanquam

128 3945 251 4013 seipsum
265 3943 363 4010 diligit,
377 3943 416 3996 ita
435 3942 502 3995 dare
522 3941 671 4010 disposuit,
686 3952 716 3994 ut
737 3939 899 3997 naturaliter
917 3948 992 3993 esset
1011 3955 1084 3991 unus
1098 3938 1228 4007 idemque

128 4028 284 4084 communis
299 4028 353 4081 Dei
370 4028 460 4080 Patris
471 4037 498 4081 et
507 4028 630 4095 Virginis
645 4027 741 4090 Filius,
755 4037 782 4079 et
791 4043 877 4094 quam
888 4025 947 4094 ipse
958 4026 1046 4079 Filius
1060 4027 1228 4081 substantia·

128 4116 190 4170 liter
203 4117 294 4169 facere
308 4115 360 4167 sibi
374 4124 494 4168 matrem
507 4115 600 4182 elegit,
613 4126 641 4167 et
654 4115 689 4168 de
703 4115 758 4183 quai
773 4111 892 4181 Spiritus
907 4115 935 4166 S.
948 4113 1043 4176 voluit,
1056 4123 1085 4166 et
1099 4123 1228 4183 operatus

125 4214 176 4271 est,
191 4213 220 4258 ut
234 4201 427 4274 conciperetur
440 4212 469 4257 et
481 4210 643 4255 nasceretur
655 4201 712 4266 ille,
724 4201 760 4254 de
774 4218 829 4268 quo
842 4199 902 4267 ipse
916 4199 1042 4268 procedit
1052 4200 1075 4253 ''.

153 4292 261 4366 ⁹Disp
281 4295 332 4365 lV,
351 4290 422 4350 seit.
439 4293 476 4349 V.
495 4295 553 4330 ..r
569 4290 712 4355 Sessssll,
723 4305 749 4340 e.
763 4302 809 4353 23.
