2684 4634
348 174 405 225 DE
421 175 642 227 uxs'remo
660 176 996 227 REDEMPTIONIS.
1152 180 1217 230 567

118 349 190 407 bum
213 353 347 424 potuisse
365 354 522 425 incarnari,
546 356 664 414 Adamo
685 373 744 412 non
765 364 928 427 peccante;
952 355 1006 413 sed
1028 355 1066 413 de
1090 355 1168 413 facto
1188 356 1217 412 in

117 438 225 496 ordine
241 439 360 511 actuali,
374 441 519 499 motivum
536 441 703 512 proximum
722 441 912 512 adaequatum
933 441 1147 499 incarnationis
1164 441 1218 499 fuit

120 523 304 597 Redemptio
315 527 431 599 generis
443 528 576 593 humani,
592 528 632 584 ita
645 537 686 592 ut,
701 527 821 584 Adamo
840 545 901 585 non
920 539 1072 599 peccante,
1088 528 1127 585 de
1139 527 1218 585 fatto

120 610 254 669 Verbum
272 612 458 672 incarnatum
477 633 538 673 non
557 615 668 672 fuisset.
717 614 764 670 En
782 632 886 671 eorum
904 625 1111 687 argumentum
1131 630 1218 686 genc-

119 697 199 756 rale:
220 699 265 757 Ea
285 718 353 775 quse
371 719 408 760 ex
425 702 489 759 sold
507 702 660 759 voluntate
680 701 737 760 Dei
760 701 902 772 pendent,
925 701 1012 759 nobis
1034 702 1218 760 innotescere

119 795 274 856 nequeunt
286 787 342 846 nisi
356 807 409 860 per
421 789 603 861 Scripturam
615 800 644 846 et
657 788 879 860 Traditionem;
891 790 972 860 atqui
989 790 1017 845 in
1031 790 1180 862 Scriptura
1190 800 1218 846 et

118 871 294 931 Traditione
324 875 446 933 unicum
477 875 694 933 Incarnationis
724 875 868 932 motivum
899 876 1072 947 assignatur,
1107 876 1219 934 scilicet

118 958 287 1031 redemptio
304 962 421 1033 generis
439 962 581 1033 humani3
603 980 673 1033 ergo
690 962 729 1020 de
746 962 824 1020 fauo
845 961 1014 1021 incarnatio
1032 963 1151 1021 decreta
1164 963 1219 1019 suit

118 1055 241 1116 propter
252 1045 325 1106 illud
338 1048 435 1106 solum
448 1049 602 1106 motivum.

152 1132 203 1203 (A)
223 1133 350 1206 Quoties
372 1136 452 1194 enim
476 1135 626 1207 Scriptura
647 1135 779 1206 loquitur
799 1136 837 1193 de
860 1137 971 1193 motivo
992 1135 1215 1204 Incarnationis,

118 1217 207 1276 toties
220 1219 393 1293 simpliciter
404 1222 507 1280 asserit
520 1221 671 1281 Christum
686 1221 798 1279 venisse
810 1222 849 1279 ad
862 1222 999 1279 homines
1017 1222 1216 1281 redimendos.

120 1305 244 1363 “Venit
257 1307 281 1363 F
283 1307 349 1365 ilius
362 1307 492 1366 hominis
504 1309 619 1365 salvara
631 1308 842 1379 quodperierat
853 1308 869 1333 ’'
880 1319 902 1374 ¹,·
914 1308 1029 1366 “Venit
1039 1309 1219 1367 enimFilius

119 1389 251 1449 hominis
264 1410 395 1464 quaerere
407 1404 437 1452 et
449 1395 563 1452 salvum
578 1395 673 1452 iacere
686 1394 768 1464 quod
784 1395 907 1466 perierat
915 1394 931 1419 ''
938 1414 956 1452 a
997 1395 1025 1452 S.
1039 1395 1220 1466 Augustinus

93 1522 96 1527 .
120 1479 218 1546 (serm.
246 1483 307 1552 174)
328 1481 393 1540 haec
413 1482 516 1540 ultima
537 1481 626 1540 verba
646 1482 805 1553 explicans,
827 1482 931 1540 addit:
960 1483 1023 1540 “Si
1046 1483 1136 1540 homo
1158 1501 1219 1540 non

119 1565 264 1637 periisset,
286 1569 377 1626 Filius
395 1569 525 1627 hominis
546 1587 607 1627 non
627 1569 786 1626 venisset''.
828 1568 855 1625 S.
879 1569 987 1626 Paulus
1006 1568 1094 1627 docet
1114 1570 1221 1641 pariter

120 1653 225 1724 Jesum
243 1657 359 1715 venisse
376 1656 408 1713 in
426 1656 507 1714 hunc
526 1656 668 1714 mundum
688 1657 888 1727 “peccatores
908 1657 1003 1713 salvos
1023 1658 1169 1728 facerc'’³‚
1191 1668 1220 1714 et

122 1739 150 1796 S.
160 1739 349 1813 Augustinus
360 1744 424 1815 eius
435 1743 526 1803 verba
539 1744 698 1816 explicans,
708 1742 796 1800 dicit:
815 1743 931 1800 “Nulla
942 1742 996 1800 fuit
1009 1760 1097 1800 causa
1109 1743 1219 1801 Christi

120 1827 262 1887 veniendi
274 1830 329 1887 nisi
342 1841 514 1904 peccatores
527 1831 622 1889 salvos
632 1830 735 1888 facere.
769 1829 856 1887 Tolle
869 1830 997 1899 vulnera,
1007 1830 1077 1888 tolle
1091 1830 1220 1896 morbos,
1232 1867 1234 1871 -

120 1924 149 1971 et
162 1914 246 1972 nulla
258 1927 302 1974 est
314 1936 403 1975 causa
416 1918 572 1977 medicinae
582 1919 597 1943 '²
611 1918 726 1987 (Sermo
742 1933 798 1988 175,
816 1935 843 1973 n.
860 1918 894 1987 1).

154 2058 214 2112 249-
254 2048 302 2119 (B)
330 2049 444 2106 Tradit.
485 2053 524 2120 (a)
550 2051 595 2106 Ex
620 2049 767 2118 Patribus,
797 2067 923 2120 quorum
954 2049 1088 2121 plerique
1113 2049 1218 2107 thesim

120 2128 253 2189 nostram
267 2146 466 2207 propugnant,
481 2136 629 2194 licet‘eam
644 2154 704 2192 non
718 2145 886 2207 proponant
898 2153 966 2192 cum
980 2135 1221 2194 distinctionibus

120 2219 306 2280 scholasticis
316 2243 325 2296 ;
343 2224 384 2282 ita
396 2225 427 2284 S.
442 2221 609 2282 Ireuzaeus⁴:
622 2226 640 2253 “
652 2224 680 2281 Si
700 2224 779 2281 enim
799 2241 860 2280 non
880 2223 1001 2282 haberet
1020 2241 1088 2281 caro
1107 2224 1218 2295 salvari,

120 2325 315 2380 nequaquam
337 2311 471 2371 Verbum
493 2313 550 2371 Dei
570 2331 639 2370 caro
659 2312 770 2370 fadtum
793 2323 868 2370 esset
878 2312 902 2368 ’'.
948 2313 978 2370 S.
1002 2313 1222 2369 Athanasius⁵:

124 2396 250 2470 “Quod
262 2408 361 2458 autem
373 2400 465 2459 homo
475 2412 519 2459 est
530 2401 623 2459 ladius
635 2421 643 2473 ;
662 2419 815 2472 nunquam
825 2400 989 2470 accidisset,
1001 2400 1055 2456 nisi
1067 2400 1221 2458 hominum

121 2483 284 2543 necessitas
296 2504 416 2560 causam
429 2489 602 2561 praebuisset
611 2489 635 2544 '’.
675 2489 758 2545 Alios
772 2498 867 2545 textus
881 2489 948 2545 vide
965 2488 1045 2558 apud
1058 2488 1219 2554 Patauium,

122 2570 274 2644 Stentrup,
288 2573 421 2647 aliosque
433 2576 567 2634 auctores
580 2577 694 2634 citatos.
734 2577 774 2644 (b)
786 2575 830 2630 Ex
841 2575 978 2643 Sytrrbola
989 2575 1090 2645 inquo
1101 2575 1220 2632 unicum

121 2657 269 2716 motivum
291 2660 508 2721 Incarnationis
526 2663 708 2735 assignatur:
731 2662 811 2733 “qui
832 2670 951 2732 propter
971 2679 1025 2717 nos
1044 2671 1073 2718 et
1092 2673 1221 2719 nostram

120 2746 249 2804 salutem
263 2747 418 2809 descendit
430 2751 468 2808 de
481 2751 597 2809 coelis''.
637 2752 674 2822 (c)
689 2751 733 2806 Ex
746 2748 906 2819 Litium&
918 2748 1025 2804 dicitur
1037 2748 1116 2823 enim
1131 2748 1160 2805 in
1175 2749 1227 2812 bes

122 2834 297 2894 nedidtione
307 2838 383 2895 cerei
398 2839 562 2910 paschalis:
585 2838 642 2896 “O
660 2847 739 2896 certe
756 2835 954 2892 necessarium
970 2835 1044 2892 Adae
1057 2845 1223 2906 peccatum,

122 2922 208 2994 qnod
221 2922 331 2982 Christi
345 2934 440 2982 morte
453 2925 584 2983 deletum
599 2931 660 2982 est!
699 2924 726 2982 Ο
741 2924 807 2980 felix
821 2923 917 2994 culpa,
931 2940 999 2992 quae
1012 2923 1100 2979 talem
1114 2941 1149 2979 ac
1162 2934 1223 2980 tan-

122 3018 188 3068 tum
201 3010 310 3069 meruit
322 3011 431 3070 habere
445 3007 679 3083 Redemptorem
689 3011 725 3078 '';
744 3010 834 3081 atqui,
851 3009 872 3065 si
887 3009 1020 3066 Verbum
1040 3009 1224 3068 incarnatum

122 3097 238 3164 fuisset,
258 3097 347 3156 etiam
371 3099 490 3158 Adanio
513 3117 573 3156 non
594 3108 745 3170 peccante,
768 3098 844 3156 Adae
864 3107 1019 3168 peccatum
1042 3117 1104 3156 non
1124 3110 1225 3171 posset

123 3195 206 3244 certo
228 3186 326 3244 vocari
349 3187 556 3255 necessarium,
576 3197 627 3242 aut
648 3186 716 3244 felix
736 3185 832 3257 culpa,
855 3202 910 3241 nec
933 3184 991 3243 dici
1014 3204 1111 3258 causa,
1136 3188 1225 3244 etiam

123 3269 326 3346 occasionalis,
344 3274 452 3334 Christi
466 3276 619 3332 adventus.

158 3422 216 3480 250.
257 3420 287 3463 20
300 3406 394 3463 Hisce
412 3406 593 3478 argumentis
613 3405 748 3462 Scotistae
767 3403 966 3473 respondent:
987 3405 1026 3472 (a)
1040 3403 1139 3461 Verba
1152 3405 1225 3461 Scri-

124 3507 221 3569 ptnrae
234 3505 263 3553 et
276 3497 396 3553 Patrum
409 3495 592 3566 interpretari
606 3493 717 3550 debent
736 3510 772 3549 eo
792 3509 879 3549 sensu
893 3491 975 3561 quod
989 3491 1122 3548 Verbum
1136 3493 1227 3549 incar-

124 3593 230 3642 natum
243 3582 329 3641 suerit
342 3582 372 3638 in
386 3600 473 3639 carne
482 3581 620 3652 passibili
631 3589 751 3651 propter
764 3577 1002 3649 redemptionem
1016 3589 1145 3635 nostram
1153 3601 1160 3646 ;
1173 3580 1226 3637 sed

124 3771 190 3825 dub.
208 3784 235 3834 13
261 3766 393 3838 Vosquea,
409 3767 480 3836 disp.
498 3768 532 3831 X,
547 3783 570 3818 c.
587 3781 614 3832 43
641 3765 775 3829 Valentia,
793 3763 863 3832 disp.
882 3765 901 3829 Ι,
922 3781 947 3832 q.
968 3778 992 3826 1;
1012 3764 1147 3827 Becuuus,
1164 3767 1225 3829 cl,

124 3878 150 3930 q.
166 3860 195 3924 85
213 3859 303 3928 Lnga,
320 3857 391 3925 disp.
408 3858 419 3908 Ι
426 3876 433 3920 ;
452 3855 590 3923 Lagrand,
609 3852 675 3906 diss.
690 3853 758 3914 Vll,
774 3869 797 3904 c.
815 3864 841 3916 33
862 3851 998 3917 Bt'lluurt,
1013 3849 1084 3918 disp.
1104 3852 1190 3917 lll,a.
1201 3869 1228 3919 33

124 3949 273 4015 Steutrup,
286 3943 415 3999 Soteriol.
429 3944 468 3996 th.
485 3957 500 3994 2
506 3962 513 4008 ;
532 3944 675 4007 Petaurus,
689 3941 706 3993 l.
724 3940 762 4003 Il,
779 3957 801 3992 c.
823 3952 861 4005 17,
877 3955 903 3992 n.
921 3953 937 4004 7
951 3956 1004 4007 sq.;
1023 3939 1122 4005 Btllot,
1136 3940 1174 3993 th.
1192 3957 1215 4008 3.

160 4034 272 4088 ‘Mara
289 4033 401 4098 XVlIl,
418 4047 457 4084 11.
473 4061 508 4068 -
520 4032 530 4062 ²
543 4031 610 4083 Luc.
628 4031 708 4094 XIX,
725 4046 763 4081 10.

159 4119 290 4176 ⁸ITim.
309 4121 330 4189 l,
351 4132 393 4188 153
412 4119 521 4186 cisoa.
540 4119 594 4183 ΙΙΙ,
611 4132 653 4186 17,·
674 4118 759 4169 Mau.
774 4117 854 4181 XIV,
870 4127 908 4180 13.

160 4211 257 4264 *Adn
273 4209 395 4273 Haeres.,
409 4207 425 4259 l.
442 4208 476 4273 V,
491 4223 513 4258 c.
534 4220 571 4270 14.

160 4297 259 4352 ”Orat
276 4313 293 4348 2
306 4305 378 4348 cont.
394 4295 492 4348 Arian.
510 4294 552 4348 ed.
568 4295 680 4364 Magne,
693 4301 714 4346 t.
732 4292 773 4360 ll,
786 4309 814 4362 p.
829 4291 890 4345 abb.
