2684 4634
201 171 261 220 174
594 169 649 218 DE
670 170 751 221 DEO
768 171 909 221 TRINO.

200 359 233 411 et
249 349 440 410 defensione
457 349 598 411 breviter
614 351 759 412 delineat
777 351 811 412 S.
834 350 999 412 Tiamaa.
1045 349 1146 411 “Erit
1162 349 1217 410 hic
1234 369 1301 410 mo-

201 454 263 514 dus
279 454 459 515 seruandus
475 464 511 515 ut
528 475 566 516 ea
582 477 656 535 quae
678 456 710 516 in
735 455 943 517 sermonibus
970 454 1001 517 S.
1020 454 1201 535 Scripturae
1224 463 1300 516 sunt

201 559 332 633 tradita,
349 560 443 638 quasi
453 560 618 639 principia
634 569 817 632 sumantur,
834 569 867 621 et
883 560 928 621 sic
944 567 984 621 ea
999 580 1074 639 quac
1091 559 1124 620 in
1142 559 1300 620 sermoni-

201 662 262 724 bus
280 661 445 743 praedictis
461 663 590 726 occulte
607 664 702 726 nobis
715 667 893 727 traduntur
909 665 1102 726 studeamus
1119 674 1299 743 utcumque

203 776 313 827 mente
345 787 471 846 capere,
502 788 521 828 a
552 766 752 829 laceratione
784 766 967 829 infidelium
998 765 1228 843 defendendo;
1265 775 1300 827 ut

202 878 313 930 tamen
332 870 547 950 praesumptio
568 869 713 951 perfecie
736 870 959 951 cognoscendi
983 890 1050 932 non
1074 871 1168 933 adsit.
1226 871 1298 931 Pro·

202 973 312 1036 banda
335 975 423 1035 enim
447 983 524 1036 sunt
547 973 737 1054 hujusmodi
762 973 957 1036 auctoritate
981 974 1013 1037 S.
1031 973 1217 1056 Scripturae‚
1234 994 1298 1035 non

136 1066 139 1072 ¹
202 1088 313 1140 autem
332 1079 457 1140 ratione
474 1077 634 1155 naturali;
661 1079 718 1140 sed
736 1088 848 1141 tamen
866 1079 1111 1140 ostendendum
1136 1086 1187 1138 est
1211 1077 1298 1157 quod

202 1182 320 1242 rationi
338 1181 478 1243 naturali
496 1204 561 1244 non
575 1193 653 1246 sunt
668 1184 833 1264 opposita,
848 1192 885 1246 ut
901 1183 943 1246 ab
960 1183 1214 1264 impugnatione
1231 1182 1299 1243 infi-

198 1286 325 1349 delium
341 1286 588 1350 defendantur’'.

251 1466 277 1528 9.
330 1452 465 1514 Utilitas
479 1452 694 1513 dicendorum
712 1473 755 1513 ex
773 1451 811 1515 iis
828 1460 920 1532 patet
936 1472 1007 1531 quae
1031 1453 1063 1514 in
1090 1453 1162 1533 ipso
1188 1455 1300 1516 limine

208 1557 260 1618 Tr.
277 1554 315 1616 da
331 1555 398 1616 Dea
420 1555 489 1618 Uria
505 1556 731 1635 exposuimus
747 1554 804 1616 sed
823 1556 955 1636 insuper
971 1555 1144 1638 colligitur.

248 1660 295 1740 (a)
311 1660 367 1720 Ea
380 1660 541 1738 dignitate
556 1660 686 1739 obstat:
715 1658 867 1720 Nobilius
883 1661 971 1721 enim
995 1659 1162 1741 objectum
1189 1654 1300 1742 cogni-

203 1764 302 1825 tionis
319 1771 440 1824 nostrae
457 1762 583 1823 nullum
602 1782 674 1823 esse
690 1772 801 1842 potest
818 1782 918 1841 quam
946 1762 1038 1824 Deus
1061 1763 1170 1826 trinas
1186 1765 1219 1825 in
1243 1769 1299 1826 sua

204 1867 270 1928 vita
287 1866 432 1927 interiori
450 1863 635 1945 spectatum
662 1874 703 1940 et,
720 1864 871 1944 quamvis
888 1886 993 1946 pauca
1005 1864 1046 1926 de
1063 1865 1125 1928 hoc
1142 1867 1299 1948 mysterio

207 1972 289 2032 scire
304 1971 481 2050 possimus,
499 1969 616 2030 melius
636 1978 685 2030 est
710 1970 877 2031 modicum
902 1970 944 2031 de
970 1970 1053 2044 De0,
1068 1971 1178 2032 omnis
1198 1971 1273 2051 pers
1288 2008 1298 2016 -

203 2073 322 2136 &ionis
343 2072 448 2146 sonte,
474 2092 675 2151 cognoscere
702 2091 802 2151 quam
829 2071 934 2133 multa
960 2072 1002 2134 de
1028 2075 1125 2136 rebus
1152 2075 1297 2140 terrenis

203 2177 352 2239 Aliunde
368 2176 435 2250 vix,
452 2176 522 2236 sine
535 2175 709 2237 Trinitatis
725 2175 852 2248 notitia,
864 2175 1002 2256 intelligi
1013 2186 1153 2257 possunt
1166 2170 1220 2240 alii
1238 2187 1298 2239 tra-

203 2279 311 2343 clatus
328 2268 504 2358 theologici
518 2300 523 2340 :
547 2279 580 2338 hi
597 2278 867 2360 enimdisserunt
879 2278 921 2339 de
933 2280 1216 2342 communicatione
1228 2281 1300 2342 vita

203 2384 326 2446 divina
339 2382 495 2443 creaturis
512 2380 598 2443 facta
616 2403 673 2463 per
688 2382 956 2458 incarnationem,
966 2384 1116 2462 gratiam
1139 2395 1174 2447 et
1196 2406 1297 2446 sacra-

204 2497 310 2549 manta
322 2509 332 2547 .·
359 2487 528 2566 quomodo
544 2494 655 2546 autem
673 2484 812 2565 intelligi
830 2494 942 2565 posset
959 2485 1015 2547 illa
1031 2488 1296 2560 communicatio,

205 2591 265 2651 nisi
281 2590 369 2671 prius
386 2589 457 2669 ipsa
473 2589 540 2649 vita
556 2588 667 2649 divina
684 2589 716 2649 in
734 2609 793 2649 suo
811 2587 902 2649 fonte
919 2589 1180 2651 describeretur?

254 2692 303 2774 (b)
320 2693 375 2754 Ex
388 2691 568 2753 necessitate
582 2691 644 2751 hoc
661 2691 855 2770 mysterium
873 2692 1095 2770 cognoscendi
1105 2713 1112 2768 ;
1136 2711 1214 2754 nam
1232 2712 1296 2753 om·

204 2819 261 2860 nes
278 2805 440 2871 tenentur,
457 2795 575 2856 saltem
593 2796 789 2855 necessitate
807 2796 973 2875 praecepti,
984 2796 1066 2857 scire
1083 2817 1121 2856 ea
1132 2816 1207 2876 quae
1221 2796 1296 2857 fides

204 2905 245 2965 de
262 2903 425 2963 Trinitate
442 2900 557 2973 doeet3
582 2919 641 2959 nec
665 2900 793 2972 mirum,
809 2918 911 2978 quum
938 2899 1110 2962 beatitudo
1132 2911 1246 2962 nostra
1268 2901 1296 2960 in

204 3006 486 3086 contemplatione
503 3003 675 3065 Trinitatis
692 3004 861 3077 consistat,
873 3003 975 3083 juxta
996 3003 1096 3066 illud:
1123 3010 1139 3035 ‘¹
1152 3005 1236 3066 Haec
1252 3013 1298 3064 est

204 3120 315 3171 autem
333 3110 400 3170 vita
416 3118 549 3181 aeterna,
565 3116 600 3167 ut
626 3115 830 3185 cognoscant
853 3115 886 3167 te
909 3106 1017 3168 solum
1044 3107 1154 3168 Deum
1180 3127 1297 3180 verum,

204 3225 236 3276 et
253 3233 350 3295 quem
372 3212 499 3286 misisti,
515 3213 628 3290 Jesum
654 3208 875 3271 Christum”2.
929 3209 1054 3272 Sedulo
1079 3209 1181 3290 igitur
1205 3211 1298 3289 hujus

204 3316 363 3380 tractatus
379 3316 490 3378 studio
507 3313 711 3387 incumbant,
726 3314 780 3392 qui
798 3313 879 3374 alios
897 3313 1055 3375 instruere
1070 3313 1204 3386 debent,
1214 3313 1297 3374 haud

205 3423 414 3483 immemores
431 3420 547 3480 horum
567 3418 600 3479 S.
617 3417 820 3498 augustinia
836 3417 1032 3480 uerborum:
1060 3422 1076 3447 “
1089 3417 1160 3478 Nec
1178 3417 1298 3498 pericu-

205 3525 305 3588 losius
326 3524 445 3586 alicubi
472 3534 606 3598 erratur,
622 3543 682 3583 nec
705 3522 887 3583 laborosius
911 3521 1035 3602 aliquid
1060 3522 1226 3602 quaeritur,
1244 3540 1299 3581 nec

205 3628 401 3692 fructuosius
417 3628 542 3708 aliquid
560 3627 754 3687 invenitur’'.

254 3735 301 3813 (c)
319 3733 374 3794 Ex
386 3732 548 3794 erroribus
562 3731 790 3810 confutandis:
817 3730 1012 3811 mysterium
1037 3728 1096 3792 SS.
1121 3729 1300 3799 Trinitatis,

203 3848 337 3919 propter
354 3836 438 3898 illius
455 3835 702 3908 sublimitatem,
718 3833 787 3912 jam
805 3834 847 3894 ab
863 3833 957 3894 initio
974 3831 1132 3894 Ecclesiae
1149 3832 1192 3894 ab
1206 3832 1300 3893 laare-

204 3942 275 4003 ticis
298 3949 538 4021 oppugnatum,
562 3938 661 3999 hodie
685 3937 785 3998 etiam
810 3937 1026 4018 impugnatur
1053 3935 1237 4016 praesertim
1262 3933 1301 3994 ab

239 4191 246 4219 1
263 4180 365 4230 Contra
379 4176 514 4241 Gentiles,
528 4177 545 4227 l.
565 4177 612 4240 lV,
627 4193 650 4227 c.
667 4175 683 4227 l.

239 4267 320 4332 2¹Jaa.
336 4266 430 4330 XVll,
446 4279 467 4330 3.
483 4295 516 4300 —
529 4262 538 4291 ³
553 4265 596 4315 De
611 4261 720 4327 T1·init.‚
735 4261 751 4313 l.
771 4262 791 4326 l,
805 4277 828 4313 c.
846 4275 870 4327 3.
936 4341 938 4344 Α
992 4314 996 4318 ,
