2684 4634
192 173 253 223 154
628 175 765 225 CAPUT
783 176 844 223 111.

191 366 291 436 atque
307 362 474 436 perpetua,
491 362 523 415 et
540 354 745 417 desideretur
757 350 935 427 ardentiuS,
946 359 980 413 et
992 350 1170 412 instantius
1184 347 1285 429 inqui·

192 458 329 520 ratur”1.
378 456 525 518 Aliunde
549 457 575 518 si
604 458 705 520 virtus
734 456 821 517 illico
852 453 1069 535 temporalem
1103 452 1285 514 mercedem

192 561 363 640 acciperet,
389 559 572 639 vitiumque
599 560 777 640 puniretur,
803 558 950 641 plerique
977 578 1043 619 non
1066 565 1204 638 propter
1228 555 1286 616 Dei

192 683 337 724 amorem
355 663 552 744 virtutisque
568 663 786 737 honestatem,
804 663 861 724 sed
880 672 1015 744 propter
1031 659 1111 722 lucri
1128 679 1222 740 spem
1240 659 1286 720 vel

193 785 365 845 poenarum
384 775 508 828 metum
526 786 586 827 sua
602 766 780 847 implerent
796 767 912 829 officia.
960 765 1059 830 Unde
1077 763 1112 826 S.
1130 762 1287 843 Augusti-

192 889 253 929 nus
268 870 333 930 ait:
357 869 455 929 “Ista
472 889 548 956 uero
565 871 761 950 temporalia
777 870 866 932 bona
881 879 915 932 et
928 870 1016 931 mala
1028 868 1176 948 utrisque
1189 867 1289 929 voluit

192 991 263 1032 esse
279 971 478 1046 communia,
496 981 531 1033 ut
548 991 607 1033 nec
625 972 713 1034 bona
728 974 880 1054 cupidius
896 981 1104 1054 appetantur,
1120 992 1197 1053 quae
1214 971 1289 1032 mali

192 1095 324 1154 quoque
340 1073 461 1136 habere
477 1085 664 1151 cernuntur,
681 1098 741 1139 nec
759 1075 847 1139 mala
868 1077 1008 1158 turpiter
1029 1075 1204 1149 evitentur,
1221 1073 1289 1154 qui·

192 1177 254 1239 bus
285 1187 317 1239 et
349 1178 426 1239 boni
458 1177 653 1259 plerumque
683 1179 895 1242 afficiuntur...
942 1177 1103 1242 Similiter
1131 1178 1166 1238 in
1196 1177 1291 1239 rebus

192 1281 353 1351 secundis,
370 1281 396 1341 si
414 1301 478 1341 non
497 1301 552 1342 eas
571 1282 663 1344 Deus
680 1268 879 1364 quibusdam
904 1281 1094 1364 petentibus
1114 1281 1291 1342 evidentis-

193 1387 275 1447 sima
292 1384 443 1465 largitate
459 1386 663 1462 concederet,
681 1407 746 1448 non
764 1388 804 1449 ad
823 1407 897 1448 eum
916 1387 978 1450 ista
994 1384 1158 1467 pertinere
1170 1385 1291 1446 dicere-

194 1508 281 1563 mus;
305 1489 450 1567 itemque
463 1489 490 1549 si
503 1490 658 1551 omnibus
675 1511 730 1552 eas
747 1489 937 1573 petentibus
953 1489 1055 1565 daret,
1069 1488 1202 1550 nonnisi
1219 1509 1291 1568 pro-

192 1602 266 1679 pter
280 1592 360 1652 talia
377 1593 514 1672 praemia
526 1593 734 1657 serviendum
749 1594 794 1657 illi
808 1614 879 1655 esse
892 1594 1133 1668 arbitraremur,
1148 1613 1208 1654 nec
1221 1594 1293 1672 pios

193 1716 253 1758 uos
270 1683 390 1757 faceret
403 1695 477 1757 talis
494 1685 643 1772 servitus,
660 1698 717 1758 sed
732 1697 843 1777 potius
855 1695 994 1777 cupidos
1011 1704 1044 1758 et
1060 1695 1230 1759 avaros’'2.

233 1885 318 1960 Art.
341 1884 412 1960 IV.
432 1884 497 1959 'De
519 1883 868 1960 Praedestinatione
887 1901 924 1959 et
946 1881 1260 1983 Reprobatione.

238 2059 302 2108 122.
352 2047 468 2108 Status
483 2046 673 2126 questionis.
726 2043 756 2108 1⁶
775 2046 1028 2126 Praedestinatio
1052 2047 1086 2108 in
1104 2055 1222 2127 genere
1245 2056 1295 2108 est

193 2148 349 2230 quaelibet
366 2150 601 2228 praeordinatio
617 2153 682 2230 qua
700 2150 791 2211 Deus
813 2149 856 2211 ab
879 2157 1004 2210 aeterno
1029 2147 1177 2211 decernit
1198 2149 1294 2230 quid-

193 2254 271 2335 quid
289 2255 321 2314 in
339 2263 488 2333 tempore
505 2256 581 2335 agit.
628 2255 734 2318 Sensu
753 2265 864 2317 autem
882 2255 989 2336 magis
1004 2252 1114 2315 stratio
1129 2251 1295 2332 significat

195 2357 439 2419 ordinationem
468 2362 533 2437 qua
559 2358 651 2420 Deus
674 2365 839 2419 creaturas
865 2352 1104 2428 intelle'dtuales
1127 2356 1168 2417 ad
1193 2353 1295 2416 finem

193 2460 476 2541 supernaturalem
494 2460 618 2541 dirigit3
642 2481 707 2540 quo
724 2480 821 2522 sensu
835 2482 854 2522 a
868 2461 899 2524 S.
914 2458 1124 2541 Augustino3
1140 2456 1296 2519 definitur

193 2564 431 2645 “praescientia
448 2564 574 2626 scilicet
598 2549 630 2626 et
655 2564 855 2645 praeparatio
880 2560 1114 2625 beneficiorum
1140 2560 1213 2635 Dei,
1231 2564 1296 2640 qua

193 2669 372 2730 certissime
384 2667 563 2729 liberantur
573 2669 773 2748 quicumque
786 2665 994 2729 liberantur’'.
1043 2663 1297 2726 Praedestinatio

193 2773 293 2852 igitur
309 2771 388 2834 nihil
406 2771 495 2832 aliud
513 2782 562 2833 est
579 2771 641 2832 nisi
660 2771 871 2832 Providentia
887 2770 919 2830 in
936 2768 1051 2830 ordine
1064 2775 1297 2847 supernatura-

193 2876 224 2951 li,
241 2875 391 2955 duosque
415 2873 648 2955 complestitur
669 2871 771 2949 actus,
787 2895 888 2936 unum
913 2870 1096 2946 intelleltrls,
1112 2891 1179 2950 quo
1204 2871 1297 2932 Deus

193 2970 354 3057 quosdam
382 2979 541 3058 praevidet
564 2997 635 3039 esse
657 2978 842 3051 salvandos,
864 2976 1005 3039 alterum
1027 2973 1214 3048 voluntatis,
1231 2993 1298 3054 quo

193 3079 262 3141 vult
288 3072 361 3139 illos
383 3079 509 3142 salvari.
557 3080 694 3160 Duplex
721 3080 880 3160 distingui
907 3086 1026 3160 potest,
1047 3077 1112 3139 alia
1135 3076 1297 3156 corrzpleta,

193 3203 248 3243 seu
267 3181 444 3262 adcequata,
462 3203 536 3262 quae
553 3181 785 3263 complectitur
801 3193 907 3246 totam
925 3183 1042 3244 seriem
1059 3181 1241 3262 gratiarum
1255 3181 1297 3242 ad

193 3284 333 3347 salutem
352 3287 611 3365 perducentium,
623 3296 656 3349 et
672 3287 813 3349 salutem
831 3288 938 3368 ipsam
948 3307 955 3364 ;
978 3286 1043 3348 alia
1058 3294 1170 3348 autem
1181 3284 1299 3346 incom-

186 3389 284 3468 pleta,
301 3408 358 3449 seu
375 3389 590 3469 z'nadceqrmta,
606 3411 680 3470 quae
698 3390 835 3452 refertur
859 3390 909 3452 vel
932 3390 973 3451 ad
997 3389 1119 3470 gratias
1141 3388 1299 3469 singulas,

192 3490 243 3552 vel
258 3491 299 3551 ad
311 3491 428 3552 seriem
442 3493 623 3571 gratiarum
637 3494 774 3555 seorsim
786 3515 805 3555 a
817 3493 931 3575 gloria,
942 3493 993 3554 vel
1007 3493 1048 3554 ad
1061 3490 1200 3572 gloriam
1212 3513 1299 3554 seor-

193 3595 254 3655 sim
273 3593 456 3675 spee'tatam
467 3617 474 3673 ;
497 3594 574 3657 hinc
592 3597 661 3658 dari
679 3606 790 3676 potest
808 3595 1058 3678 praedestinatio
1074 3595 1116 3656 ad
1124 3594 1241 3676 fidem,
1256 3597 1305 3656 ad

182 3698 459 3778 justificationem,
476 3698 523 3759 ud
530 3699 687 3778 gratzirm,
705 3699 752 3766 ad
759 3700 912 3781 gloriam.
960 3700 1058 3780 Saepe
1074 3699 1195 3780 saepius
1218 3719 1299 3780 prae-

193 3801 372 3861 destinatio
397 3801 428 3861 in
455 3802 486 3864 S.
506 3801 640 3863 Litteris
656 3811 794 3864 vocatur
810 3802 1019 3882 prepositum,
1036 3802 1149 3878 aldire,
1166 3812 1200 3866 et
1217 3823 1299 3885 prae-

193 3904 349 3965 destinati
366 3904 522 3966 dicuntur
537 3904 632 3979 elerii,
648 3905 764 3980 dileat,
780 3905 929 3969 salvatia

228 4107 234 4127 ¹
251 4106 295 4156 De
309 4103 408 4156 Trinit.
425 4105 441 4155 l.
460 4105 543 4170 Xlll,
559 4121 585 4155 n.
604 4120 644 4157 20.
663 4106 718 4141 -Ι
734 4106 777 4157 De
792 4105 874 4158 Civit.
892 4105 955 4172 Dei,
972 4107 988 4158 l.
1006 4106 1027 4170 Ι,
1041 4122 1063 4158 c.
1078 4105 1103 4159 8³

226 4190 236 4219 ³
257 4193 300 4242 l)e
321 4191 396 4243 dono
415 4208 523 4258 persev.
546 4207 568 4242 c.
595 4205 633 4256 14,
654 4208 680 4244 n.
698 4205 738 4259 35.
753 4222 787 4229 —
800 4195 809 4225 ⁴
824 4191 925 4259 Ephes.
943 4194 964 4255 l,
985 4207 1056 4258 1-11;
1075 4193 1155 4246 Rom.
1173 4192 1226 4259 Xl,
1246 4204 1298 4260 5·7;

194 4279 213 4329 I
221 4278 313 4330 Thera.
332 4279 352 4343 l,
367 4294 394 4342 4;
415 4279 517 4330 [perr.
535 4280 557 4344 Ι,
575 4293 593 4330 1.
1169 4307 1174 4317 ·
