2684 4634
471 183 527 234 DE
547 183 731 234 nouum.
1083 186 1152 238 ³45

39 366 249 429 exercitium
270 365 466 429 facultatum
489 366 642 429 hominis.
689 367 776 429 Illud
801 367 891 448 quod
913 366 1083 428 obtinetur
1098 387 1156 447 per

41 467 116 530 tale
142 469 350 544 exercitium,
364 477 502 531 vocatur
524 470 709 550 generatim
735 469 878 532 debitum
896 481 1052 550 persona,
1075 471 1154 550 quia

43 569 207 633 videlicet
221 570 362 633 debetur
377 591 528 652 personae
544 571 692 652 legitime
704 592 781 634 suas
791 571 967 635 facultates
976 572 1154 633 exercenti.

95 749 162 814 143
212 732 281 821 (D)
302 735 389 799 Ordo
410 737 442 798 in
466 757 587 819 genere
605 745 656 798 est
679 745 759 819 apta
777 735 953 816 dispositio
970 734 1154 797 mediorum

49 837 93 898 ad
110 837 221 901 linem.
260 830 313 901 A'd
328 837 478 901 ordinem
496 849 638 919 quatuor
653 839 883 919 requiruntur:
899 859 1005 919 agens,
1012 837 1097 918 finis
1112 838 1154 899 ad

50 960 153 1019 quern
168 961 271 1022 agens
287 942 404 1016 tendit,
414 941 565 1018 medium,
576 962 635 1024 per
650 943 740 1024 quod
758 961 861 1022 agens
877 941 984 1004 tendit
1001 941 1032 1001 in
1046 939 1155 1009 finem.

53 1042 106 1104 lex
120 1063 292 1125 perquam
310 1045 420 1107 media
435 1042 523 1108 recte
538 1045 735 1106 ordinantur
751 1046 792 1106 ad
810 1044 918 1106 finem.
967 1043 1057 1118 Hinc
1080 1043 1156 1104 ordo

56 1146 217 1209 naturalis
231 1158 282 1211 est
297 1157 378 1230 apta
392 1147 568 1229 dispositio
584 1149 769 1210 mediorum
787 1147 985 1210 naturalium
1000 1148 1041 1209 ad
1055 1146 1154 1209 finem

59 1249 254 1312 naturalem:
278 1271 338 1332 pro
353 1250 488 1313 homine
505 1251 551 1313 ita
567 1251 799 1312 constituitur:
823 1249 871 1330 (a)
897 1270 999 1332 agens
1022 1258 1072 1311 est
1099 1270 1155 1311 na-

62 1357 130 1412 tura
142 1346 295 1427 humana,
311 1348 387 1414 curn
403 1351 617 1415 facultatibus
638 1361 671 1414 et
690 1353 814 1414 viribus
836 1352 992 1434 propriis;
1015 1351 1066 1432 (b)
1082 1351 1155 1413 finis

9 1496 12 1511 .
65 1461 112 1513 est
123 1454 283 1533 possessio
300 1455 373 1530 Dei,
389 1474 447 1535 per
462 1455 564 1516 solam
582 1454 746 1515 rationem
764 1454 866 1515 modo
881 1454 1063 1516 discursivo
1078 1473 1154 1534 cog-

68 1553 133 1630 niti;
147 1555 193 1637 (c)
209 1557 356 1618 medium
373 1565 423 1618 est
438 1556 634 1619 exercitium
652 1555 858 1632 facultatum,
875 1558 1057 1637 praesertim
1078 1575 1156 1617 vero

9 1658 16 1739 ξ
70 1653 239 1722 intellectus
254 1668 287 1721 et
303 1659 493 1733 voluntatis,
509 1659 570 1720 sub
594 1658 718 1722 influxu
741 1679 919 1722 concursus
936 1659 999 1721 Dei
1023 1668 1154 1721 natura-

71 1756 103 1819 lis
109 1784 115 1839 ;
127 1761 176 1843 (d)
192 1762 248 1824 lex
264 1771 315 1824 est
331 1761 387 1824 lex
403 1762 563 1825 naturalis
579 1782 654 1824 cum
671 1759 884 1825 consetlariis
899 1781 975 1841 quae
991 1777 1034 1822 ex
1048 1765 1086 1822 ea
1099 1762 1155 1823 de·

71 1859 130 1924 duci
144 1875 292 1946 possunt.

296 2001 345 2060 11.
370 2002 425 2060 De
448 2000 593 2060 Ordine
616 2000 920 2071 supernaturali.

102 2155 162 2220 144.
209 2144 266 2225 (A)
289 2143 389 2206 Notio
412 2143 679 2223 senternaturalis.
728 2142 985 2222 Supernaturale
1011 2153 1155 2219 vocatur,

68 2252 95 2305 ut
106 2267 171 2308 vox
187 2247 260 2328 ipsa
275 2255 382 2317 sonat,
397 2247 559 2329 quidquid
576 2255 627 2308 est
642 2257 742 2326 supra
758 2255 933 2318 naturam:
949 2247 1036 2308 unde
1051 2255 1085 2308 et
1100 2268 1155 2308 va·

65 2346 116 2409 rias
130 2347 390 2439 significationes
411 2348 549 2413 obtinet.
595 2349 825 2413 Rationalistoe
846 2368 935 2431 saepe
958 2350 1079 2431 saepius
1103 2372 1155 2413 su-

64 2451 261 2527 pernaturale
276 2435 398 2513 vocant
421 2450 510 2513 illud·
524 2471 625 2514 omne
648 2454 737 2534 quod
762 2461 813 2515 est
836 2474 935 2534 supra
958 2473 1083 2529 sensus,
1098 2474 1154 2516 seu

62 2554 139 2629 quod
156 2563 208 2616 est
223 2552 487 2635 supersensibile,
499 2554 671 2634 spirituale
686 2577 693 2632 ;
717 2556 770 2617 alii
784 2555 1034 2636 supernaturale
1045 2555 1155 2618 dicunt

19 2660 22 2665 '
61 2656 211 2737 quidquid
229 2676 249 2717 a
266 2656 341 2717 Deo
356 2655 571 2736 producitur:
597 2676 664 2738 quo
688 2677 795 2729 sensu,
812 2658 935 2718 creatio
951 2656 1001 2717 vel
1018 2677 1154 2719 concur-

60 2777 105 2819 sus
119 2780 205 2840 opus
221 2758 471 2840 supernaturale
484 2770 571 2820 esset
586 2782 592 2835 ;
616 2760 670 2821 alii
682 2759 831 2821 naturale
843 2779 917 2819 curn
930 2757 1032 2833 finito,
1044 2779 1154 2839 super·

60 2862 201 2925 naturale
224 2882 298 2924 cum
322 2860 452 2923 infinito
476 2861 689 2923 identificant.
737 2862 821 2943 Qua·
845 2859 980 2941 quidem
1003 2861 1155 2923 notiones

59 2965 237 3044 rejiciendae
253 2974 351 3041 sunt;
374 2985 463 3039 nam,
478 2986 522 3026 ex
546 2963 653 3041 dictis,
669 2964 830 3044 quidquid
856 2973 984 3025 naturae
1008 2963 1155 3041 debetur,

58 3067 117 3129 sive
132 3068 176 3129 sit
191 3067 356 3144 sensibile,
371 3067 441 3128 sive
456 3067 637 3148 spirituale,
653 3067 721 3127 sive
739 3064 942 3146 producatur
957 3086 976 3126 a
993 3065 1067 3127 llno
1088 3066 1155 3128 sive

58 3187 125 3246 non,
150 3171 270 3231 merito
293 3169 444 3232 naturale
466 3170 607 3245 dicitur;
631 3169 765 3230 aliunde
789 3168 905 3249 gratia,
930 3168 1005 3230 licet
1031 3169 1152 3250 aliquid

56 3269 190 3346 finitum,
204 3282 256 3334 est
270 3273 350 3353 quid
367 3271 628 3352 supernaturale,
644 3272 722 3351 quia
739 3279 897 3332 creaturae
920 3291 984 3331 non
1008 3271 1153 3333 debetur.

100 3375 185 3437 Vera
206 3375 352 3456 definitio
362 3386 382 3435 1.
429 3372 688 3455 Supernaturale
704 3374 739 3435 in
750 3394 875 3453 genere,
891 3394 946 3434 seu
964 3372 1031 3435 lato
1048 3396 1153 3456 sensu,

53 3488 98 3540 est
113 3477 197 3539 illud
213 3477 313 3558 quod,
325 3477 425 3540 etiam
440 3478 614 3559 supposita
630 3477 806 3549 creatione,
818 3486 868 3537 cst
879 3497 1012 3556 prorsus
1029 3478 1153 3540 indebi-

52 3589 120 3643 tum
144 3581 288 3660 ideoque
309 3590 442 3659 superat
463 3580 643 3651 essentiam,
657 3580 835 3660 exigentias
861 3588 891 3639 et
915 3579 1001 3639 viras
1023 3590 1153 3642 nulum:

51 3684 202 3746 Dicitur:
228 3683 279 3764 (a)
294 3684 384 3764 quod
400 3693 540 3762 superat,
556 3702 621 3742 non
639 3691 750 3743 autem
768 3682 857 3761 quod
874 3682 1062 3761 opponitur,
1078 3684 1155 3763 quia

48 3787 299 3870 supernaturale
324 3807 392 3848 non
419 3796 469 3848 est
497 3795 613 3846 contra
638 3794 800 3857 naturam,
824 3786 880 3845 serl
910 3784 1016 3845 solum
1047 3806 1153 3865 supra,

50 3890 98 3973 (b)
120 3891 302 3965 essentiam,
324 3889 503 3969 err'gentias
524 3899 555 3949 et
575 3888 669 3961 vires,
693 3887 723 3947 id
750 3897 808 3960 est,
832 3886 911 3947 illud
939 3908 1038 3948 omnc-
1065 3890 1153 3967 qnod

81 4098 143 4152 Ἡ.
158 4098 325 4166 Montagne,
337 4097 374 4150 de
387 4096 495 4159 Gratia,
510 4096 618 4161 ilique,
632 4096 728 4147 'l'heol
745 4097 824 4145 (jura,
842 4096 894 4146 vol.
913 4096 947 4159 X,
962 4112 987 4163 p,
1008 4096 1038 4147 rt
1052 4112 1091 4163 sq.
1108 4096 1152 4147 nbi

42 4183 172 4240 dilucide
183 4183 269 4237 etiam
281 4193 460 4252 exponuntur
477 4194 505 4234 et
524 4181 703 4233 confutantur
721 4182 860 4231 nonnula:
881 4182 959 4233 falsa:
976 4181 1153 4235 ‹lelnntionea

41 4269 279 4341 supematuralis;
297 4269 445 4335 Palmieri,
459 4269 497 4321 th,
512 4281 555 4335 33.
