2684 4634
203 185 261 234 DE
278 182 538 234 EXIerrt'rln
556 182 697 232 TRIUM
717 180 1026 231 PERSONARUM.
1094 179 1160 229 203

56 365 108 427 sio
124 365 206 428 lidei
223 364 312 428 edita
329 364 410 427 luit:
434 368 449 394 “
461 362 675 426 Decrevimus
692 360 792 425 fidem
809 362 932 442 scripto
948 360 1044 422 edere
1057 368 1090 422 et
1102 379 1160 420 ex-

58 489 196 550 ponere,
212 488 312 549 quam
329 489 349 531 a
365 467 527 548 principio
550 466 746 547 accepimus,
763 474 795 526 et
819 463 979 525 habemus
1004 461 1160 524 traditam

57 581 92 634 et
108 580 278 634 servatam
295 572 328 633 in
345 569 507 634 catholica
525 569 674 631 Ecclesia
689 588 793 648 usque
809 567 842 628 in
859 566 1055 628 hodiernum
1071 564 1160 654 diem

58 695 78 737 a
93 675 206 747 beatis
219 673 425 758 Apostolis...,
441 693 513 737 esse
525 693 627 735 unum
642 673 751 735 Deum
765 669 974 752 ingenitum...
991 676 1025 729 et
1042 666 1161 728 Filium

58 779 224 858 genitum,
240 778 448 860 Sapientiam
465 786 500 840 et
515 776 674 851 Verbum,
690 796 728 837 ac
745 775 913 837 Virtutem
933 773 994 833 Dei
1012 781 1089 834 ante
1102 790 1160 830 sae-

59 882 145 958 cula,
162 902 230 944 non
247 881 516 964 praecognitione,
532 881 590 943 sed
607 879 795 943 substantia
810 887 844 939 et
856 874 1027 958 hypostasi
1042 875 1162 946 Deum,

60 987 172 1049 etc.'’1.
220 986 275 1047 Ex
292 986 412 1068 quibus
428 992 521 1067 patet
536 983 679 1045 haereses
702 990 817 1045 contra
833 979 1033 1042 Trinitatem
1052 978 1158 1058 impu·

60 1099 184 1170 gnatas
200 1088 301 1152 fuisse
317 1089 430 1152 statim
447 1108 486 1150 ac
509 1096 614 1164 ortas;
637 1095 671 1148 et
693 1085 882 1148 defensores
904 1082 1072 1164 dogmatis
1095 1080 1161 1141 hae·

61 1193 173 1255 reticis
203 1191 400 1275 opposuisse
430 1200 624 1273 perpetuam
655 1189 868 1252 traditionem
899 1196 932 1249 et
970 1185 1160 1249 unanimem
1226 1188 1229 1192 ’

62 1295 226 1358 Ecclesiae
241 1315 438 1359 consensum
448 1316 456 1373 ;
479 1295 569 1375 quod
586 1293 705 1356 thesim
723 1301 870 1355 nostram
887 1290 1070 1353 luculenter
1085 1309 1161 1350 con·

61 1396 180 1460 firmat.

354 1534 388 1601 3⁰
402 1521 459 1584 Ex
471 1520 620 1584 Ecclesiae
628 1519 874 1602 dqtzzztionibus.

102 1643 158 1710 60.
205 1643 334 1707 Eadem
359 1643 440 1708 fides
463 1643 566 1706 fusius
588 1642 725 1706 definita
748 1644 912 1705 invenitur
936 1642 968 1704 in
994 1642 1162 1724 Symbolis

60 1748 206 1823 Niccen0,
239 1747 587 1828 Constantinopolitano
617 1757 650 1810 et
679 1747 936 1810 Athanasianffl.
983 1747 1022 1809 In
1062 1747 1160 1811 Cone.

61 1851 198 1914 Nt‘cceno
221 1849 358 1914 delinita
381 1849 442 1913 fuit
464 1850 619 1913 divinitas
642 1858 676 1912 et
698 1849 1023 1912 consubstantialitas
1040 1849 1162 1912 Verbi:

62 1954 267 2017 “Credimus
284 1953 317 2016 in
334 1973 437 2016 unum
455 1953 576 2029 Deum,
594 1954 726 2016 Patrem
743 1954 1034 2037 omnipotentem...
1068 1954 1113 2016 Et
1129 1954 1160 2015 in

63 2077 167 2122 unum
186 2057 370 2120 Dominum
386 2058 501 2138 Jesum
518 2056 686 2122 Christum
712 2057 832 2121 Filium
858 2059 921 2120 Dei
944 2059 1161 2139 unigenitum,

62 2183 105 2224 ex
116 2160 305 2224 substantia
316 2161 439 2238 Patris;
463 2160 572 2224 Deum
583 2161 625 2223 de
637 2161 719 2237 Deo,
730 2161 841 2224 lumen
853 2163 896 2224 de
908 2162 1040 2239 lumine,
1052 2164 1160 2225 Deum

62 2285 177 2328 verum
191 2264 234 2326 de
247 2265 322 2327 Deo
333 2284 411 2326 vero
419 2286 426 2342 ;
449 2265 608 2346 genitum,
621 2285 686 2326 non
701 2262 833 2340 sactum,
846 2266 1162 2328 consubstantialem

62 2368 172 2444 Patri,
189 2389 248 2450 per
263 2389 361 2450 quem
378 2369 491 2432 omnia
508 2367 594 2432 farra
610 2369 730 2432 sunt...’'
754 2369 877 2433 Concil.
897 2368 1162 2451 Constantinopol.

62 2473 135 2535 haec
151 2471 253 2535 verba
268 2472 310 2534 de
327 2471 452 2555 Spiritu
467 2471 499 2536 S.
513 2472 661 2535 addidit:
685 2473 758 2534 “Et
771 2473 803 2535 in
818 2473 978 2554 Spiritum
993 2471 1162 2550 Santtum,

64 2577 251 2639 Dominum
268 2585 302 2639 et
317 2575 548 2653 vivificantem,
565 2576 621 2657 qui
637 2597 680 2639 ex
706 2578 802 2639 Patre
825 2577 988 2658 procedit;
1013 2577 1068 2657 qui
1091 2598 1162 2639 cunr

61 2681 168 2742 Patre
183 2688 215 2741 et
228 2678 314 2741 Filio
328 2679 433 2741 simul
443 2678 632 2742 adoratnr''.
679 2681 729 2742 Ea
745 2700 822 2742 vero
845 2699 919 2759 quae
943 2680 975 2741 in
1000 2679 1162 2761 Symbolo

62 2781 296 2845 Athanasiano
311 2781 426 2845 addita
441 2791 527 2858 sunt,
540 2781 609 2862 jam
627 2783 798 2844 retulimus
813 2783 858 2864 (n.
879 2781 952 2863 1-7).

387 2929 424 2996 4⁰
438 2918 497 2980 Ex
508 2938 577 3000 arg.
588 2919 846 2999 proescriptionis.

104 3037 154 3103 61.
202 3039 337 3103 Certum
354 3048 405 3103 est
421 3040 546 3120 dogma
563 3040 622 3104 SS.
641 3040 814 3104 Trinitatis
831 3042 932 3104 fuisse
948 3044 1110 3107 creditum
1128 3045 1161 3106 in

63 3142 227 3219 Ecclesia,
243 3143 337 3206 initio
352 3143 471 3206 saltem
486 3145 594 3226 quarti
610 3145 721 3207 saeculi
745 3147 880 3226 quando
903 3146 1076 3209 definitum
1102 3148 1162 3209 suit

62 3269 81 3310 a
98 3248 202 3311 Cone.
219 3246 358 3321 Nicoeno,
370 3255 404 3310 et
420 3247 673 3339 Constantinop.
720 3249 824 3330 Atqui
841 3249 906 3313 tale
923 3251 1046 3332 dogma
1063 3252 1162 3313 intro-

62 3348 203 3416 duetum
220 3369 286 3412 non
304 3350 364 3414 luit
380 3350 413 3412 in
430 3351 552 3414 saeculo
567 3353 674 3429 tertio,
689 3353 740 3415 vel
758 3355 904 3416 secundo
920 3355 970 3417 vel
988 3355 1030 3417 ab
1047 3357 1161 3417 imme-

62 3454 163 3517 diatis
177 3452 417 3534 Apostolorum
428 3454 672 3518 successoribus
680 3477 687 3532 ;
710 3476 790 3537 ergo
800 3456 866 3519 tale
879 3459 1002 3538 dogma
1013 3457 1055 3520 ab
1069 3458 1162 3540 Apo-

62 3559 157 3622 stolis
174 3565 209 3620 et
234 3556 366 3620 Christo
388 3556 452 3620 suit
474 3556 638 3622 edoctum.
686 3559 848 3622 Probatur
872 3561 999 3622 minor:
1022 3562 1049 3622 si
1072 3563 1160 3623 enim

61 3663 130 3726 tale
144 3663 272 3743 dogma
287 3658 512 3725 introdudtum
529 3662 653 3739 suisset,
669 3663 750 3726 illud
767 3665 961 3745 contigisset
976 3685 1034 3745 per
1056 3674 1160 3726 muta·

96 3867 106 3892 ¹
120 3864 143 3917 A
147 3861 207 3932 pud
219 3861 317 3926 labbe,
333 3859 467 3930 Concilia,
481 3872 499 3918 t.
516 3866 536 3917 l.
551 3894 586 3903 -
599 3855 609 3876 ²
620 3864 673 3932 Ap.
689 3865 855 3933 Denn‘nger,
870 3880 915 3916 nn.
933 3876 973 3931 17,
987 3877 1028 3932 47,
1045 3875 1101 3930 135.

95 3951 176 4004 ³llla
194 3967 257 4014 vox,
280 3966 343 4017 quae
358 3950 418 4020 jam
439 3951 476 4003 ab
496 3947 575 4001 initio
594 3965 657 4002 saec.
682 3949 708 4000 ll
729 3948 862 4017 usurpata
881 3948 980 4014 fuerat,
1000 3965 1016 3999 a
1037 3946 1162 4000 Concilio

60 4038 251 4094 Antiochensi
260 4037 297 4104 (a.
314 4036 376 4105 264)
390 4055 446 4091 non
459 4047 572 4107 recepta
585 4035 645 4099 fuit,
661 4053 696 4090 ne
715 4053 749 4090 ex
768 4035 827 4105 ejus
847 4053 898 4088 usu
917 4035 1032 4104 quidam
1052 4033 1162 4086 incaute

61 4128 228 4196 colligerent
241 4142 419 4180 communem
431 4141 495 4180 esse
508 4123 703 4191 substantiam,
716 4123 819 4176 divinis
829 4123 957 4192 personis
967 4121 1159 4190 antiquiorem,

60 4227 89 4271 et
102 4215 141 4268 ab
153 4213 196 4269 eis
208 4230 274 4268 vere
283 4211 458 4278 distindtam3
477 4213 526 4266 sed
536 4209 665 4265 dostrlna
676 4212 737 4280 ipsa
747 4229 763 4264 a
774 4210 901 4264 Concilio
911 4209 1028 4278 praefato
1038 4209 1162 4263 admissa

60 4304 120 4357 fuit
160 4301 201 4356 Cl.
215 4302 365 4365 Narman,
380 4301 491 4368 Arians,
505 4317 531 4368 p.
548 4301 669 4366 184·193.
