2684 4634
288 113 344 163 DE
363 112 580 162 MYSTERIO
599 106 933 162 REDEMPTIONIS.
1089 106 1156 164 547

97 307 171 358 211.
218 294 278 375 (B)
295 293 415 375 Quoad
434 295 585 376 gloriam.
632 296 681 376 (a)
699 296 850 359 Christus
872 296 1072 359 sufficienter
1092 317 1159 358 me·

53 396 122 457 ruit
147 392 303 460 omnibus
326 399 516 461 hominibus
539 397 642 462 vitam
667 409 832 476 aeternam,
849 401 867 461 i.
884 421 909 463 e.
929 400 1067 480 gloriam
1087 388 1158 461 tum

53 498 181 560 animae
205 509 276 563 tum
300 503 453 582 corporis
501 502 618 582 Script.
633 525 644 561 .·
666 507 683 533 ‘⁴
696 502 963 578 ConsummatuS,
981 500 1086 564 faetus
1109 512 1160 563 est

54 602 215 664 omnibus
252 602 559 684 obtemperantibus
598 602 659 667 sibi
697 626 795 667 causa
824 605 943 667 salutis
971 604 1157 667 oeternae”..

54 703 184 766 “Sicut
200 706 232 767 in
250 707 362 769 Adam
384 728 500 769 omnes
524 708 716 783 moriuntur,
732 709 779 770 ita
795 718 828 771 et
845 709 876 770 in
895 707 1026 772 Christo
1042 726 1159 768 omnes

54 802 316 873 vivificabuntur
328 811 343 836 ”
358 822 377 872 1.

101 909 180 972 Rat.
197 903 285 977 tlzeol.
330 913 396 995 Qui
414 923 558 975 meretur
574 915 720 976 medium
741 913 916 976 essentiale
932 911 974 974 ad
992 911 1100 985 finem,
1117 932 1157 972 eo

56 1012 132 1093 ipso
149 1013 248 1078 finem
266 1025 430 1078 meretur:
454 1019 554 1096 atqui,
570 1037 613 1078 ex
630 1016 736 1092 dietis,
754 1016 903 1079 Christus
927 1015 1023 1078 nobis
1040 1016 1158 1077 meruit

57 1117 212 1195 gratiam,
235 1141 306 1200 quae
330 1130 380 1183 est
404 1120 749 1203 medium'essentiale
775 1121 817 1182 ad
847 1122 949 1181 vitam
974 1128 1157 1180 aeternam:

58 1239 140 1299 ergo
157 1225 275 1285 meruit
291 1225 391 1286 etiam
408 1223 510 1284 vitam
528 1233 694 1286 aeternam.

59 1320 111 1401 (b)
135 1323 283 1389 Christus
305 1327 399 1390 nobis
419 1327 519 1388 etiarn
545 1327 663 1389 meruit
685 1328 772 1389 bona
797 1323 971 1400 naturalia,
995 1333 1158 1405 quatenus

60 1425 103 1486 ad
129 1427 270 1492 salutem
297 1432 484 1496 inserviunt.
540 1431 674 1493 Etenim
701 1431 788 1492 bona
813 1429 976 1491 naturalia
1003 1430 1044 1489 ad
1073 1427 1158 1489 salu-

60 1536 129 1591 tem
148 1531 250 1609 utilia,
266 1554 306 1596 eo
330 1535 401 1616 ipso
423 1545 501 1598 sunt
522 1533 636 1616 gratiae
657 1534 742 1608 Dei;
766 1533 866 1612 atqui,
882 1552 925 1592 ex
942 1528 1048 1604 dietis,
1066 1529 1158 1592 Chri-

60 1643 131 1695 stus
149 1636 244 1698 nobis
262 1640 380 1702 meruit
396 1660 512 1702 omnes
529 1639 651 1719 gratias
667 1657 742 1717 quae
755 1637 794 1697 ad
813 1634 953 1696 salutem
970 1634 1158 1695 inserviunt.

63 1840 67 1846 ,
102 1782 171 1832 212.
219 1786 254 1833 20
274 1773 391 1850 Quoad
410 1775 489 1838 bona
505 1772 802 1855 praeternnturalia.
849 1773 899 1836 Ut
917 1770 1073 1842 diximus
1088 1769 1159 1830 haec

60 1883 139 1935 sunt
167 1874 359 1940 immunitas
389 1879 432 1940 ab
463 1879 657 1959 ignorantia,
684 1874 959 1954 concupiscentia,
986 1872 1099 1934 dolore
1127 1881 1160 1933 et

61 1985 178 2040 morte.
225 1979 319 2042 Circa
335 1981 405 2043 haec
422 1983 519 2056 bona,
536 1983 598 2044 tria
614 1988 826 2042 statuuntur:
855 1977 914 2059 (A)
932 1976 1082 2040 Christus
1099 1996 1159 2035 non

61 2078 184 2140 mermt
208 2091 245 2142 nt
269 2082 328 2144 illa
351 2083 431 2146 bona
458 2085 547 2148 nobis
574 2083 818 2145 restituerentur
847 2081 881 2141 in
904 2079 1059 2160 presenti
1082 2077 1159 2142 ru'tci.

62 2176 153 2242 Nam
178 2180 228 2263 (a)
252 2168 395 2266 lugehdai
414 2197 544 2248 constat
565 2185 771 2266 experientia
793 2203 853 2245 nos
877 2185 976 2245 etiam
999 2191 1075 2264 post
1096 2183 1159 2243 Re·

60 2283 301 2365 demptionem,
325 2290 529 2372 ignorantiae,
552 2291 836 2371 concupiscentiae,
857 2289 1025 2353 doloribus
1049 2288 1161 2349 morti-

60 2406 127 2467 que
155 2389 305 2454 subditos
336 2414 414 2459 esse.
460 2395 511 2476 (b)
539 2395 679 2474 Insuper
705 2393 845 2455 decebat
870 2400 906 2452 ut
933 2410 992 2450 nos
1020 2390 1161 2469 propriae

61 2491 162 2553 saluti
188 2513 446 2576 cooperaremur,
472 2497 613 2576 vestigia
641 2496 762 2559 Christi
788 2493 1042 2572 subsequendo;
1070 2492 1161 2571 atqui

61 2601 136 2655 tota
155 2594 224 2656 vita
247 2597 369 2686 Christi
390 2599 452 2662 suit
472 2620 553 2661 crux
576 2609 608 2660 et
629 2599 845 2678 martyrium3
872 2615 950 2675 ergo
969 2594 1108 2655 decebat
1126 2604 1162 2655 ut

62 2716 125 2759 nos
138 2699 261 2762 subditi
275 2723 482 2768 maneremus
495 2706 742 2769 infirmitatibus
755 2703 852 2783 hujus
863 2702 939 2762 vitae
953 2722 959 2762 :
977 2700 1035 2763 “Si
1049 2709 1160 2760 tamen

62 2803 295 2882 compatimur,
318 2817 355 2869 ut
377 2818 410 2870 et
432 2807 741 2891 conglorificemur”
754 2819 774 2868 2.
821 2805 868 2886 (c)
886 2805 922 2869 Si
941 2803 1091 2865 homines
1108 2824 1162 2864 ve·

63 2906 195 2968 nientes
216 2910 257 2970 ad
281 2910 458 2989 Christum,
478 2915 591 2976 statim
612 2910 897 2974 immortalitatem
918 2907 1161 2990 impassibilita-

62 3018 201 3091 temque
224 3029 510 3096 consequerentur,
534 3019 643 3099 plures
671 3018 712 3077 ad
740 3034 814 3076 eum
840 3014 1033 3074 accederent
1057 3012 1162 3091 magis

63 3123 201 3194 propter
221 3116 291 3179 haec
313 3121 509 3202 temporalia
532 3119 692 3183 beneficia
708 3138 807 3200 quam
825 3126 958 3197 propter
975 3115 1163 3195 spiritualia,

63 3225 97 3278 et
113 3216 161 3279 sic
178 3221 428 3298 quodammodo
444 3225 719 3305 compellerentur
731 3221 882 3283 homines
895 3219 937 3279 ad
951 3216 1049 3279 fidem
1063 3219 1163 3279 susci·

65 3319 245 3399 piendam;
268 3327 364 3388 etsie
383 3329 535 3389 meritum
553 3327 629 3389 fidei
647 3327 848 3387 minueretur
858 3335 879 3382 3.

108 3433 179 3501 213
229 3428 286 3508 (B)
303 3428 453 3492 Christus
470 3439 581 3492 tamen
600 3429 719 3490 meruit
740 3437 776 3488 ut
798 3423 993 3505 ignorantia,
1010 3424 1163 3503 concupi-

65 3527 194 3589 scentia
209 3513 389 3594 et‘dolores
406 3552 472 3594 non
489 3534 738 3594 dominarentur
755 3531 785 3589 in
804 3525 957 3608 praesenti
975 3525 1063 3587 vita:
1087 3545 1163 3589 nam

65 3628 118 3710 (a)
135 3649 179 3691 ex
196 3636 261 3693 una
277 3644 371 3714 parte
387 3636 479 3697 dedit
495 3635 590 3696 nobis
608 3633 777 3715 patientiae
794 3627 995 3708 exemplum,
1007 3648 1073 3707 quo
1087 3629 1164 3689 inci-

65 3740 178 3795 tamur
193 3735 235 3797 ad
251 3739 416 3818 patienter
431 3739 621 3801 tolerandos
638 3757 753 3798 omnes
770 3735 842 3796 illos
860 3731 1007 3794 defedtus
1024 3742 1056 3793 et
1072 3732 1164 3793 dolo-

66 3853 142 3912 res;
165 3836 216 3918 (b)
232 3849 265 3900 et
281 3841 414 3920 insuper
431 3842 549 3903 meruit
566 3850 601 3902 ut
618 3839 757 3912 dolores
774 3856 857 3916 quos
874 3837 1017 3916 patimur
1034 3836 1065 3895 in
1084 3856 1165 3915 prae-

65 3940 153 4000 senti
176 3943 253 4016 vita,
271 3942 410 4022 gloriam
435 3953 581 4004 nostram
607 3942 638 4003 in
663 3940 748 4002 coelo
773 3947 940 4019 augerent,
962 3937 1061 4017 juxta
1085 3937 1164 4001 illud

762 4064 765 4067 .
779 4062 821 4068 ..—
827 4056 1116 4067 ——-———-—-—..-...—
1122 4061 1154 4069 ὴ,
1164 4066 1167 4071 ,

101 4126 209 4182 'Hebr¹
224 4128 259 4196 V,
280 4143 316 4198 93
335 4132 355 4183 l
372 4130 433 4184 Cor.
450 4130 512 4195 XV,
530 4143 571 4181 22.
588 4158 622 4165 —
640 4118 741 4179 2[ἐουι.
758 4126 783 4176 V
789 4125 842 4190 lll,
868 4137 907 4187 17.
931 4153 959 4160 -
981 4118 1034 4175 ³5.
1056 4121 1162 4192 Thoria,

67 4214 101 4271 C.
117 4217 200 4273 Genu
217 4215 235 4272 1.
253 4218 335 4285 1V,c.
353 4230 393 4286 55.
