2684 4634
123 213 189 263 598
227 242 231 251 ·
566 212 704 266 CAPUT
722 214 775 262 lv.

121 394 308 457 celebratur
322 395 445 457 festum
459 396 521 457 nisi
536 396 579 458 de
595 416 629 458 re
644 393 768 471 saneta,
778 406 815 458 ut
829 396 942 457 Patres
958 403 992 457 et
1007 394 1159 475 theologi
1170 412 1220 455 ore

123 498 272 559 unanimi
296 499 512 579 proclamant.
557 497 649 578 Ergo
673 497 859 578 Conceptio
882 497 916 559 B.
940 496 1091 578 Virginis
1113 495 1220 556 santia

124 608 277 678 reputata
294 598 355 663 suit
371 600 414 662 ab
431 599 590 673 Ecclesia,
605 600 674 661 sive
688 603 807 680 graeca,
823 599 892 661 sive
907 599 1018 661 latina.

159 731 213 795 278.
255 731 416 788 Solvuntur
434 732 467 788 di
498 731 621 788 cultates.
666 732 705 801 (a)
725 730 916 801 Objiciuntur
934 739 1031 788 textus
1053 730 1176 786 Patrum
1195 727 1220 782 in

124 815 235 886 quihus
262 819 400 876 asseritur
420 822 511 877 solum
538 819 690 878 Christum
717 817 806 875 luisse
825 816 935 888 peccati
950 823 1102 886 expertem.
1135 814 1220 884 Resp.

126 902 172 958 Illi
192 913 297 977 textus,
319 907 455 978 inspedto
473 916 623 972 contextu,
645 905 686 961 nil
704 903 785 962 aliud
805 903 973 982 significant
992 901 1050 958 nisi
1072 900 1220 960 Christum

125 989 221 1047 solum
236 991 325 1050 fuisse
331 995 531 1066 propriojurc
543 993 707 1050 immunem
721 1009 739 1046 a
752 999 875 1062 peccato
888 1009 895 1060 ;
913 988 967 1047 sed
986 988 1045 1045 hoc
1058 1004 1121 1045 non
1135 986 1221 1058 impe·

124 1076 169 1134 dit
188 1079 260 1149 quin
280 1081 313 1136 B.
333 1081 425 1153 Virgo
438 1090 495 1153 per
505 1079 693 1153 privilegium
708 1079 882 1150 gratuitum,
900 1095 918 1132 a
938 1084 1063 1147 peccato
1085 1073 1223 1131 immunis

125 1162 220 1221 suerit.
254 1167 294 1236 (b)
307 1167 366 1224 Alii
380 1169 484 1225 dicunt
497 1185 614 1224 carnem
631 1165 734 1222 Mariae
747 1164 837 1222 fuisse
848 1181 961 1220 carnem
969 1161 1084 1234 peccati.
1119 1161 1222 1232 Resp.:

125 1248 227 1308 Patres
251 1266 385 1312 asserunt
409 1255 498 1312 etiam
523 1272 642 1312 carnem
668 1252 778 1311 Christi
803 1251 892 1310 fuisse
915 1267 1029 1308 carnem
1048 1246 1170 1320 pcccati,
1192 1264 1224 1301 ac

127 1337 252 1406 proinde
265 1339 314 1396 illa
326 1340 415 1398 verba
428 1341 552 1404 emolliri
572 1340 692 1408 debent,
706 1349 735 1398 et
754 1339 795 1396 nil
813 1338 895 1397 aliud
913 1337 1082 1410 significant
1095 1333 1155 1392 nisi
1168 1351 1224 1390 car·

126 1439 195 1479 nem
215 1424 249 1481 B.
266 1426 394 1498 Virginis
407 1447 444 1487 ex
455 1447 544 1491 carne
562 1428 682 1492 Adami,
698 1445 765 1498 quae
784 1426 893 1484 infedta
911 1425 965 1482 fuit
984 1441 1037 1496 per
1056 1431 1222 1494 peccatum,

125 1510 288 1592 derivatam
301 1533 373 1586 esse,
390 1535 450 1574 non
469 1527 568 1575 autem
591 1515 716 1572 Mariam
735 1513 831 1585 ipsam
850 1514 939 1570 fuisse
958 1520 1084 1583 peccato
1098 1507 1225 1566 macula·

126 1607 194 1654 tam.
227 1600 265 1671 (c)
279 1601 423 1660 Nonnulli
431 1614 565 1662 asserunt
575 1602 701 1660 Mariam
713 1601 801 1660 luisse
811 1601 990 1669 mundatam,
1002 1597 1227 1668 santificatur&

126 1702 197 1756 ergo
217 1698 304 1746 antea
325 1690 379 1748 luit
399 1692 555 1764 peccatrix.
580 1692 666 1761 Resp.
683 1689 800 1759 :Nego
820 1686 1066 1752 conclusionem3
1086 1701 1160 1740 nam
1181 1682 1226 1739 illa

127 1772 216 1830 verba
229 1774 394 1846 significare
407 1787 532 1849 possunt
545 1776 736 1835 solummodo
747 1777 782 1832 B.
792 1775 945 1846 Virginem
956 1774 986 1830 in
997 1772 1096 1845 primo
1106 1771 1224 1829 instanti

126 1861 276 1931 accepisse
288 1865 421 1934 gratiam,
438 1882 594 1936 perquam
612 1872 787 1937 praeservata
806 1862 860 1920 tuit
878 1859 917 1918 ab
935 1859 1071 1931 originali
1090 1867 1223 1931 peccam,

125 1955 155 2001 et
165 1945 245 2004 illam
255 1949 377 2019 gratiam
389 1951 479 2008 fuisse
488 1950 631 2023 deinceps
641 1949 811 2014 adaudlam
823 1948 863 2005 ita
872 1957 905 2004 ut
916 1947 948 2004 B.
958 1946 1052 2016 Virgo
1060 1944 1224 2002 sandrarin

126 2031 190 2089 dies
209 2035 373 2104 profecerit.
414 2038 454 2108 (d)
474 2037 611 2095 Tandem
630 2047 732 2094 contra
751 2035 824 2092 illud
841 2035 953 2106 dogma
970 2032 1089 2090 affertur
1108 2031 1138 2089 S.
1162 2032 1225 2088 Ber-

127 2118 221 2184 nardi‚
237 2121 397 2179 multorum
418 2123 660 2181 scholasticorum
680 2141 715 2180 ac
733 2121 895 2194 praesertim
914 2119 941 2177 S.
955 2119 1084 2176 Thomae
1102 2116 1223 2175 auctori·

128 2215 180 2260 tas
205 2206 290 2278 Resp.
335 2208 427 2266 Mens
456 2210 573 2267 illorum
595 2211 771 2276 Doctorum,
789 2209 872 2279 juxta
891 2206 1008 2275 multos,
1031 2215 1077 2263 est
1096 2205 1221 2273 dubia¹;

128 2289 244 2347 illorum
259 2293 347 2351 verba
360 2296 399 2353 de
412 2296 491 2354 fatto
504 2296 654 2355 intellecta
667 2306 736 2353 sunt
749 2295 778 2352 in
788 2313 858 2352 vero
867 2310 964 2362 sensu,
976 2291 1066 2351 etiam
1077 2303 1149 2351 ante
1158 2291 1222 2351 defi-

127 2376 272 2434 nitionem
292 2380 369 2437 illius
388 2381 535 2453 dogmatis
554 2393 583 2441 et
603 2383 725 2454 quidem
743 2401 761 2438 a
780 2381 881 2438 multis
894 2378 1049 2450 theologis.
1089 2379 1222 2437 Fatemur

128 2471 227 2520 tamen
239 2464 316 2522 hanc
327 2467 599 2540 interpretationem
610 2470 699 2527 obvio
709 2468 808 2526 sensui
817 2468 855 2524 ab
865 2466 910 2522 his
920 2462 1104 2522 Dodloribus
1115 2465 1222 2523 intento

126 2552 303 2609 contrariam
318 2555 419 2612 videri.
460 2555 489 2613 S.
506 2557 688 2627 Bernardus,
704 2555 743 2612 ad
756 2554 916 2612 canonicos
928 2551 1149 2624 Lugdunenses
1163 2551 1221 2609 scri·

129 2637 240 2705 hendo,
255 2641 324 2712 (Ep.
343 2645 403 2715 174)
417 2661 468 2700 eos
481 2644 626 2715 vituperat
640 2662 675 2701 eo
692 2643 775 2714 quod
788 2643 894 2700 festum
910 2639 1128 2710 Conceptionis
1142 2641 1176 2697 B.
1191 2639 1219 2693 V.

130 2725 234 2784 Mariae
253 2728 282 2784 in
302 2747 385 2787 suam
405 2731 560 2788 ecclesiam
582 2730 807 2796 introduxerint,
823 2747 883 2785 non
897 2728 993 2784 solum
1007 2727 1079 2797 quia
1092 2728 1220 2785 nondum

130 2813 268 2871 Romana
283 2817 417 2875 Ecclesia
435 2818 493 2875 hoc
513 2819 619 2874 festum
633 2818 854 2889 approbaverat,
871 2814 1024 2873 sedetiam
1038 2815 1111 2886 quia
1125 2833 1186 2873 non
1198 2814 1221 2870 in

129 2898 194 2970 ipso
213 2915 369 2975 conceptu,
384 2906 436 2963 sed
456 2905 551 2963 solum
572 2915 640 2976 post
659 2906 847 2975 Conceptum
868 2902 1051 2960 sanetificata
1069 2903 1148 2975 tuit,
1166 2903 1223 2961 solo

128 2989 208 3044 enim
224 2990 343 3048 Christo
357 3005 489 3063 excepto
507 2994 711 3064 unusquisque
730 2993 767 3050 de
786 2992 884 3063 seipso
896 2990 1037 3048 veraciter
1049 2991 1223 3050 confitetur:

132 3075 167 3130 ln
183 3076 388 3147 iniquitatibus
402 3092 566 3152 conceptus
585 3099 659 3152 sum,
676 3091 705 3138 et
724 3081 753 3136 in
773 3078 903 3152 peccatis
921 3077 1060 3149 concepit
1073 3097 1124 3136 me
1137 3090 1225 3136 mater

130 3181 205 3220 mea.
221 3198 255 3205 -
274 3166 304 3222 S.
326 3168 537 3224 Bonarrentura
558 3169 666 3240 pariter
685 3169 786 3226 docuit
809 3165 1075 3224 sandlificationem
1098 3166 1225 3238 Virginis

129 3250 321 3310 subsecutam
334 3273 398 3313 esse
410 3256 559 3327 originalis
573 3257 685 3327 peccati
700 3254 966 3312 contradictionem
980 3253 1029 3322 (In
1042 3270 1067 3322 3,
1081 3252 1110 3311 d.
1125 3271 1150 3325 3,
1164 3274 1190 3311 a.
1205 3275 1223 3324 r,

129 3357 158 3409 q.
173 3342 199 3410 2)
213 3361 219 3397 ε
237 3343 254 3370 “
266 3341 315 3399 hic
327 3353 426 3401 autem
441 3343 548 3402 modus
561 3344 689 3413 dicendi,
704 3345 752 3412 ait,
768 3340 958 3399 communior
970 3350 1014 3397 est
1028 3348 1057 3397 et
1070 3341 1227 3398 rationabi-

131 3427 185 3483 lior
204 3439 233 3485 ct
251 3431 413 3488 securior'’.
428 3465 462 3472 —
476 3430 506 3488 S.
526 3435 553 3486 T
550 3431 649 3487 lrornas
668 3430 697 3485 in
717 3427 895 3499 quibusdam
915 3426 988 3484 locis
1007 3426 1227 3484 immaculatam

130 3517 360 3586 conceptionem
385 3536 500 3588 negare,
523 3519 553 3574 in
574 3518 638 3574 aliis
663 3527 762 3574 autem
787 3514 931 3572 affirmare
955 3513 1080 3571 videtur.
1128 3515 1177 3573 Ita
1200 3516 1228 3573 in

131 3603 159 3658 S.
177 3603 346 3674 theologica
363 3608 399 3676 (3,
416 3625 442 3676 q.
462 3624 504 3678 27,
524 3625 549 3662 a.
569 3608 597 3677 2)
613 3604 732 3662 scribit:
754 3605 771 3632 “
784 3604 815 3666 B.
831 3602 923 3671 Virgo
941 3600 1086 3659 contraxit
1105 3602 1229 3673 quidem
1264 3678 1266 3682 λ

130 3690 273 3760 originale
298 3704 463 3763 peccatum,
484 3693 536 3751 sed
555 3694 593 3750 ab
613 3710 648 3751 eo
668 3692 721 3748 fuit
740 3689 892 3756 mundata,
911 3697 1072 3758 antequam
1092 3705 1128 3745 ex
1147 3699 1231 3746 utero

132 3789 332 3836 nasceretur...
370 3781 400 3836 Si
415 3798 569 3852 nunquam
582 3781 681 3836 anima
694 3776 824 3847 Virginis
837 3776 939 3833 fuisset
951 3773 1091 3844 contagio
1103 3775 1230 3846 origina-

132 3974 205 4026 hrari
219 3975 330 4044 quidem
345 3974 567 4042 Conceptionem
580 3973 630 4026 sed
644 3989 700 4024 non
714 3971 803 4039 primo
817 3968 932 4023 instanti
951 3978 1035 4036 atque
1050 3979 1196 4023 momento
1207 3970 1228 4022 ''.

129 4064 225 4129 (Bulla
238 4061 409 4130 sufflabilis).

167 4155 175 4178 ¹
190 4153 234 4204 De
254 4161 347 4202 mente
368 4151 395 4203 S.
413 4151 531 4201 Thomae
551 4149 583 4202 cf.
599 4148 703 4215 Spada,
718 4148 823 4198 Esame
840 4143 937 4197 critico
954 4143 1025 4197 sulla
1043 4142 1169 4197 dottrina
1184 4144 1231 4197 del

122 4239 253 4312 angelico
268 4241 306 4297 D.
394 4253 571 4305 ommaso...·,
592 4233 876 4302 Sicard,S.Tliomas
887 4231 1028 4284 etl'lmm.
1040 4230 1231 4300 conception

106 4334 214 4390 Ruuar
233 4333 242 4344 '
461 4330 507 4387 lte
520 4328 574 4384 des
587 4324 693 4380 ireres
702 4320 862 4375 Vrecheurs
872 4314 1241 4397 etllmmacssoncent‘mn.
