2684 4634
230 201 286 251 Dr:
305 201 609 254 CONSECTARIIS
626 205 871 267 UTRIUSQUE
889 208 1112 257 MYSTERII.
1163 208 1230 260 60³

125 316 268 324 ——.

128 401 187 444 reo
202 384 382 449 concubitu
398 386 591 449 misceretur
603 387 627 450 '’.
675 386 787 451 Antea
805 388 959 470 Origenes
979 388 1049 469 jam
1072 390 1204 451 dixerat
1223 410 1229 449 :

126 488 144 517 “
158 486 201 548 In
217 495 347 552 tantam
365 490 562 571 nescioquis
575 491 702 571 proruit
717 490 938 566 insam'am,ut
954 500 1114 553 assereret
1130 510 1228 570 nega·

127 597 200 652 tam
224 575 325 654 fuisse
342 593 485 655 Mariam
508 614 528 655 a
546 593 727 670 Salvatore,
744 613 784 654 eo
806 593 896 672 quod
921 602 996 673 post
1020 593 1227 655 nativitatem

128 690 216 754 illius
242 692 359 774 juntta
386 695 484 759 fuerit
508 696 693 778 Joseph1”.
751 695 880 758 Eodem
917 696 1018 757 modo
1049 696 1229 776 loquuntur

128 795 167 858 S.
183 797 407 878 Hieronymus
432 799 490 881 (op,
507 800 556 863 cit.
574 820 603 863 n.
626 800 686 882 15),
705 798 903 873 Gennadius,
918 799 1134 879 Epiphanius,
1158 797 1228 860 alii-

127 917 195 980 que
211 902 375 982 permulti,
392 924 533 985 quorum
557 904 749 966 testimonia
772 902 836 983 legi
860 911 1001 982 possunt
1025 902 1114 984 apud
1132 901 1228 963 Peta-

126 1001 222 1066 vium
234 1016 255 1066 ².
301 1005 352 1086 (b)
369 1006 460 1068 Hinc
477 1007 584 1069 Maria
601 1018 737 1070 vocatur
752 1027 772 1068 a
790 1004 941 1067 Patribus
958 999 1154 1087 ἀειπαρθὲνος,
1171 1022 1227 1064 seu

124 1122 261 1185 semper
276 1105 391 1186 Virgo,
407 1105 501 1187 virgo
525 1127 584 1188 per
610 1106 852 1169 excellentiam.
898 1107 945 1188 (c)
965 1107 1036 1169 Nec
1061 1107 1147 1170 hanc
1170 1109 1226 1170 do-

127 1201 269 1268 ctrinam
287 1215 324 1269 ut
339 1208 503 1289 privatam
521 1209 722 1290 opinionem,
739 1210 796 1271 sed
821 1219 858 1273 ut
874 1209 1023 1272 Ecclesia
1035 1210 1139 1290 fidem
1162 1219 1226 1273 tra-

126 1306 233 1384 dunt;
267 1308 439 1390 appellant
454 1311 543 1372 enim
557 1311 599 1372 ad
616 1330 751 1372 sensum
768 1312 882 1393 populi
894 1312 1082 1375 christiani:
1106 1317 1122 1343 “
1135 1312 1226 1376 Chri-

127 1418 218 1472 stum
235 1413 420 1475 amantium
437 1433 533 1475 aures
550 1433 617 1475 non
640 1414 806 1477 sustinent
828 1414 892 1477 hoc
916 1415 1031 1477 audire
1054 1416 1143 1496 quod
1162 1416 1226 1477 Dei

125 1513 275 1593 genitrix
302 1514 482 1596 aliquando
509 1516 603 1597 virgo
627 1537 700 1579 esse
729 1517 920 1581 desierit3’'.
975 1519 1161 1600 Appellant
1184 1520 1225 1581 ad

126 1615 229 1679 verba
246 1617 387 1681 Mariae:
423 1618 633 1701 “Quomodo
657 1618 713 1680 fiet
736 1619 834 1693 istud,
850 1621 1008 1699 quoniam
1030 1621 1136 1682 virum
1159 1641 1225 1683 non

125 1738 295 1800 cognosco
306 1720 323 1745 ''
336 1721 348 1783 ἓ
362 1731 395 1784 et
411 1721 535 1784 exinde
551 1721 714 1802 colligunt
729 1742 803 1784 eam
820 1724 949 1784 vovisse
974 1722 1137 1785 illibatam
1161 1744 1225 1786 ser·

125 1840 204 1883 vare
220 1821 463 1903 virginitatem;
495 1833 530 1886 et
546 1824 665 1885 merito
688 1824 832 1904 quidem,
848 1824 898 1885 his
923 1825 1012 1886 enim
1036 1825 1143 1887 verbis
1166 1845 1225 1907 pu·

94 1967 97 1971 a
124 1923 200 1987 dice
214 1925 407 1988 declarabat
423 1947 458 1988 se
474 1927 580 1989 virum
598 1926 774 1989 carnaliter
789 1946 855 1988 non
873 1928 1078 2007 cognovisse,
1095 1948 1155 1990 nec
1171 1948 1224 1990 co·

124 2045 286 2106 gnoscere
301 2027 393 2091 velle.
432 2027 618 2109 Appellant
634 2029 757 2109 pariter
773 2029 814 2090 ad
832 2049 907 2091 eum
920 2028 1094 2110 Evangelii
1107 2030 1225 2105 locum,

126 2128 182 2191 ubi
195 2129 519 2207 referturChristum,
532 2133 564 2194 in
578 2151 673 2195 cruce
686 2132 1043 2212 pendentem‚matrem
1058 2132 1090 2196 S.
1103 2133 1224 2214 Joanni

124 2234 389 2309 commendasse,
401 2243 435 2296 et
451 2234 790 2324 exindelconcludunt
802 2234 837 2297 Βὁ
849 2233 998 2314 Virginis
1015 2254 1123 2316 neque
1139 2234 1224 2298 filios

125 2355 236 2416 neque
252 2335 336 2400 filias
353 2337 452 2400 fuisse
468 2361 474 2399 :
497 2358 592 2399 secus
608 2339 664 2413 eis,
681 2358 747 2400 non
763 2337 885 2419 Joanni
901 2356 976 2399 eam
992 2339 1224 2401 commendas-

124 2448 182 2502 set
231 2439 356 2503 Pariter
372 2440 468 2504 multi
484 2450 622 2503 censent
638 2441 722 2502 hanc
738 2440 963 2522 virginitatem
988 2439 1031 2501 ab
1048 2440 1225 2504 Ezechiele

124 2540 226 2605 fuisse
241 2541 436 2623 praedic'tam
454 2543 504 2604 his
520 2543 671 2606 verbis4:
694 2544 820 2605 “Porta
835 2542 906 2604 haec
923 2542 1034 2605 clausa
1050 2545 1131 2606 erit:
1155 2566 1221 2609 non

123 2646 298 2727 aperietur,
314 2657 348 2710 et
363 2648 413 2709 vir
428 2667 494 2709 non
512 2647 666 2710 transibit
682 2667 740 2727 per
756 2666 848 2724 eam;
880 2647 1039 2726 quoniam
1058 2647 1224 2711 Dominus

124 2748 219 2810 Deus
233 2748 333 2811 Israel
350 2749 517 2829 ingressus
534 2759 585 2810 est
601 2769 659 2830 per
674 2769 758 2823 eam,
771 2749 899 2827 eritque
915 2748 1027 2809 clausa
1042 2749 1186 2831 Principi
1197 2751 1221 2813 ’'.

123 2850 211 2933 Quae
225 2852 358 2932 quidem
376 2853 490 2914 omnia
513 2852 598 2914 adeo
615 2851 703 2913 clara
719 2859 798 2913 sunt
820 2859 858 2912 ut
880 2849 975 2912 multi
994 2851 1222 2916 Protestantes

121 2952 210 3016 hanc
226 2953 326 3016 fuisse
341 2955 509 3036 primaevae
528 2954 687 3016 Ecclesiae
701 2953 801 3015 fidem
818 2973 999 3034 agnoscere
1011 2965 1201 3035 coganturs.

155 3173 283 3229 1Homil.
300 3187 314 3239 7
329 3174 358 3226 in
374 3176 439 3228 Luc.
457 3206 491 3213 -
503 3172 620 3227 ²Pelav.
635 3174 651 3226 l.
666 3174 746 3239 XIV,
757 3191 779 3226 c.
799 3189 838 3242 13.

156 3259 206 3312 ³5.
221 3261 358 3327 Basilius,
372 3262 447 3314 hom.
463 3277 478 3314 2
483 3274 495 3328 5
511 3262 546 3314 de
559 3262 624 3315 Nat.
639 3260 752 3314 Christi.

154 3346 276 3401 *ΕειιΙιο
291 3349 395 3416 XLIV,
413 3366 443 3412 23
465 3348 499 3401 cf.
515 3349 628 3414 Livius,
642 3364 687 3415 op.
703 3347 749 3400 cit.
764 3363 791 3414 p.
810 3362 867 3411 114,

155 3430 251 3488 ⁶Haec
268 3434 345 3487 enim
364 3435 449 3488 habet
462 3434 636 3502 Anglicanus
651 3433 810 3502 Episcopus
824 3433 896 3485 Bull
908 3433 965 3498 (On
986 3435 1034 3487 the
1055 3435 1110 3487 due
1128 3436 1221 3504 praise

119 3519 179 3573 and
189 3519 256 3573 hon.
267 3521 300 3573 ol
308 3520 357 3574 the
368 3521 562 3588 Virgin,Cath.
575 3520 756 3587 Safeguards,
767 3519 819 3572 vol.
833 3519 872 3586 ΙΙ,
883 3536 909 3587 p.
921 3520 981 3584 288,
992 3520 1120 3586 London,
1132 3523 1162 3574 18
1166 3521 1221 3588 51):

120 3606 136 3632 “
147 3607 193 3661 Ex
202 3607 378 3661 Beatissimae
387 3597 512 3677 Virginis
525 3607 663 3676 dignitate
676 3605 837 3660 necessario
850 3606 1031 3676 consequitur
1045 3607 1135 3676 ipsam
1150 3626 1221 3662 sem-

119 3710 172 3762 per
184 3693 332 3762 Virginem
345 3696 492 3761 mansisse,
507 3695 579 3749 sicut
593 3703 757 3747 constanter
770 3692 860 3746 tenuit
878 3710 913 3746 ac
932 3693 1061 3747 defendit
1074 3695 1227 3749 Catholica'

119 3777 260 3832 Ecclesia.
302 3779 365 3832 Hoc
379 3781 437 3832 Vas
451 3781 523 3833 adeo
537 3796 646 3848 purum,
660 3778 697 3831 ad
708 3774 874 3831 Divinitatis
888 3776 1077 3831 sanctuarium
1093 3780 1237 3848 apposite,

118 3874 326 3930 consecratum,
336 3865 463 3934 potuisse
476 3867 504 3919 in
522 3876 666 3935 posterum
680 3865 716 3917 ab
734 3864 848 3919 homine
861 3865 1012 3933 profanari,
1025 3867 1129 3934 fingere
1144 3867 1220 3920 inde·

118 3968 218 4007 corum
225 3962 268 4006 est
276 3949 299 4006 ’'.
328 3953 411 4021 Quod
421 3969 478 4005 non
489 3952 636 4020 impedivit
646 3953 797 4022 quominus
805 3954 920 4005 Farrar
931 3964 1067 4007 assereret
1083 3973 1088 4007 :
1108 3954 1221 4008 “Fides

119 4039 148 4093 in
161 4049 329 4108 perpetuam
343 4040 550 4107 Virginitatem,
563 4040 643 4108 cujus
662 4040 691 4092 in
705 4039 836 4093 Ecclesia
849 4056 899 4108 per
911 4040 992 4108 plura
1011 4041 1115 4093 saecula
1128 4040 1161 4108 (i)
1175 4057 1220 4095 ve-

118 4126 235 4195 stigium
248 4126 433 4193 desideratur,
446 4144 481 4180 ex
494 4125 599 4195 duplici
613 4127 751 4195 principio
764 4127 924 4196 pernicioso
943 4136 972 4180 ct
991 4143 1090 4195 parum
1105 4128 1133 4179 in
1149 4125 1220 4181 Scri·

118 4212 209 4284 pturis
222 4213 339 4267 fundato
351 4212 488 4281 originem
501 4213 587 4266 duxit.
617 4214 750 4281 Primum,
768 4214 843 4283 quod
852 4214 961 4283 Virgini
971 4215 1221 4282 supra-humanam

114 4299 281 4367 dignitatem
301 4299 446 4363 adscribit,
462 4301 571 4354 nullum
591 4301 680 4357 habet
699 4301 925 4358 fundamentum
941 4312 973 4356 et
987 4301 1109 4370 insuper
1130 4297 1240 4351 ascu-
