2684 4620
400 177 456 227 DE
475 175 729 227 DIVINITATE
750 176 933 226 CHRISTI.
1148 176 1216 226 427

112 355 272 435 oeqrmlcm
283 356 446 435 refaciens
453 356 523 420 Deo
532 358 548 383 ''
563 336 642 438 (⁵18).
688 357 830 421 Constat
846 357 982 418 tandem
999 375 1043 416 ex
1056 363 1216 424 contextu·

117 478 195 520 nam
214 459 365 523 Christus
381 460 413 522 in
426 461 544 522 eodem
561 462 670 542 capite
685 461 746 523 sibi
762 461 909 523 vindicat
925 459 976 540 (a)
985 458 1164 539 potentiam
1181 477 1217 519 ea

116 563 229 624 omnia
246 563 397 642 faciendi
420 584 495 645 quae
511 565 621 625 ‚Pater
645 564 714 645 ipse
738 563 816 626 sacit
839 563 934 644 (19):
970 561 1076 623 “Non
1106 569 1217 642 potest

120 665 224 729 Filius
256 689 276 730 a
310 668 478 730 sefacere
513 667 706 749 quidquam,
730 668 791 729 nisi
826 667 915 748 quod
941 666 1059 729 viderit
1084 667 1216 727 Patrem

120 767 297 832 facientem
316 793 322 832 :
345 791 545 852 quaecumque
559 770 644 832 enim
660 771 714 831 ille
720 771 845 849 fecerit
859 770 925 832 haec
937 779 968 831 et
978 768 1087 831 Filius
1099 767 1217 830 simili-

121 879 169 931 ter
173 871 264 950 facr't
272 873 309 945 '',·
342 873 359 935 i.
370 893 395 935 e.
412 893 547 936 necesse
563 882 613 935 est
630 873 762 958 Patrem
780 883 813 935 et
830 873 951 934 Filium
968 891 1070 933 unum
1087 890 1218 955 semper

122 984 153 1036 et
169 975 260 1036 idem
277 975 393 1052 facere,
409 995 516 1058 neque
537 981 634 1058 posse
651 976 758 1038 facere
774 996 824 1038 res
840 977 996 1051 diversas,
1012 995 1086 1036 cum
1104 979 1217 1036 natura

123 1085 153 1139 et
168 1078 343 1142 voluntate
359 1079 447 1142 idem
463 1080 546 1156 sint;
572 1077 623 1160 (b)
639 1088 840 1160 potestatem
859 1089 1000 1143 mortuos
1015 1077 1217 1141 suscitandi:

123 1182 242 1246 “Sicut
258 1184 348 1247 enim
366 1185 464 1246 Pater
479 1185 617 1246 suscitat
633 1194 781 1246 mortuos
797 1192 831 1245 et
846 1180 1055 1254 vivificat,sic
1070 1190 1104 1243 et
1115 1181 1218 1242 Filius

124 1305 204 1366 quos
219 1287 292 1351 vult
315 1287 458 1351 vivificat
470 1289 486 1313 ''
499 1288 585 1369 (21);
623 1288 742 1368 quibus
766 1285 970 1368 significatur
987 1285 1117 1360 Filium,
1134 1285 1218 1348 sicut

126 1389 266 1465 Patrem,
281 1392 414 1473 propria
431 1389 627 1455 authoritate
650 1400 798 1453 mortuos
814 1391 984 1466 suscitare;
1010 1389 1100 1469 quod
1117 1388 1218 1450 solius

125 1491 184 1554 Dei
201 1503 271 1572 est;
294 1494 342 1577 (c)
358 1494 550 1559 facultatem
570 1515 686 1557 omnes
703 1495 854 1557 homines
867 1493 1049 1575 judicandi
1064 1502 1097 1555 et
1113 1492 1156 1554 ab
1171 1494 1218 1555 eis

122 1597 253 1660 divinos
274 1598 416 1662 honores
439 1600 622 1681 accipiendi
643 1621 649 1660 ε
685 1599 822 1663 “Omne
836 1597 997 1677 judicium
1014 1596 1107 1659 dedit
1124 1596 1218 1672 Filio,

122 1711 156 1763 ut
183 1722 302 1764 omnes
324 1703 542 1766 honorificent
565 1703 685 1765 Filium
708 1703 792 1763 sicut
815 1699 1035 1763 honorificant
1060 1702 1191 1763 Patrem
1204 1701 1218 1725 ”

119 1803 268 1887 (22-23);
294 1827 392 1888 porro
407 1808 495 1870 idem
512 1807 618 1869 honor
634 1806 719 1867 Filio
742 1825 780 1865 ac
798 1804 886 1866 Patri
902 1804 995 1867 reddi
1014 1824 1079 1865 non
1097 1815 1219 1887 posset,

117 1909 145 1970 si
176 1909 282 1971 Filius
305 1931 370 1972 non
393 1923 480 1974 esset
508 1915 624 1973 natura
648 1904 785 1990 aequalis
804 1908 910 1984 Patri;
940 1904 994 1993 (d)
1016 1918 1218 1989 potestatem

115 2010 227 2072 vitam
243 2012 319 2074 alies
333 2012 564 2094 impertiendi:
587 2013 710 2076 “Sicut
727 2010 815 2072 enim
830 2011 928 2072 Pater
948 2011 1049 2080 habet
1066 2012 1168 2074 vitam
1186 2014 1218 2075 in

115 2113 312 2196 semetipso
334 2116 381 2178 sic
407 2125 441 2178 et
465 2117 559 2178 dedit
576 2115 660 2176 Filio
686 2114 808 2177 habere
830 2114 933 2176 vitam
958 2114 991 2175 in
1012 2116 1192 2198 semetipso
1204 2117 1219 2141 ’'

114 2214 211 2302 (26);
227 2219 565 2298 i.e.quemadmodum
576 2221 672 2282 Pater
683 2218 791 2280 omnis
799 2218 875 2280 vitae
889 2217 963 2280 sons
975 2227 1075 2294 est‚et
1085 2220 1137 2281 cui
1148 2219 1219 2281 vult

114 2329 196 2383 eam
213 2322 273 2383 dat
287 2321 339 2383 vel
356 2322 453 2398 tollit,
470 2324 516 2385 ita
533 2323 635 2385 Filius
651 2332 701 2385 est
717 2322 790 2385 fons
806 2323 893 2398 vitae,
909 2343 1049 2405 eamque
1074 2323 1124 2385 cui
1148 2323 1220 2385 vult

114 2422 270 2486 conferre
292 2413 343 2486 vel
364 2425 491 2488 auferre
506 2435 625 2507 potest.
672 2426 845 2506 Numquid
863 2425 1013 2495 Christus
1038 2427 1144 2507 magis
1160 2447 1219 2488 ex·

115 2527 236 2609 plicite
252 2537 285 2590 et
306 2529 494 2611 emphatice
511 2551 546 2592 se
561 2551 633 2592 esse
650 2531 760 2593 Deum
777 2531 911 2612 proprio
934 2551 1031 2594 sensu
1057 2530 1220 2594 affirmare

116 2623 272 2712 poterat?

164 2733 227 2815 (B)
239 2733 363 2798 Iterum
380 2757 454 2798 cum
468 2737 618 2800 Christus
633 2738 873 2819 Jerosolymam
885 2739 1029 2800 venisset
1045 2739 1218 2802 occasione

116 2836 357 2914 Encoeniorum,
368 2839 589 2921 interrogatus
602 2841 755 2922 aJudaeis
768 2842 842 2922 quis
852 2850 948 2917 esset,
960 2850 1073 2923 aperte
1086 2858 1219 2923 respon-

118 2940 192 3002 dit:
210 2940 309 3021 “Ego
325 2950 359 3003 et
376 2942 473 3004 Pater
489 2963 591 3005 unum
608 2965 720 3007 sumus
733 2945 767 2987 ”1
777 2967 784 3021 ;
800 2966 875 3026 quae
887 2945 1022 3025 quidem
1035 2945 1135 3014 verba
1148 2947 1219 3007 uni-

119 3053 227 3105 tatem
252 3053 380 3106 naturae
395 3066 470 3107 cum
488 3048 585 3109 Patre
609 3047 800 3128 important,
816 3056 852 3109 ut
869 3046 1082 3127 probavimus
1098 3048 1136 3110 de
1152 3048 1220 3110 Deo

124 3145 228 3207 Trina
243 3145 287 3228 (n.
305 3146 370 3228 70).
788 3149 791 3156 “

162 3295 212 3363 44.
259 3295 294 3362 30
307 3282 427 3347 Coram
432 3285 611 3368 Judz'cibus.
659 3286 803 3367 Quando
816 3285 967 3348 Christus
984 3305 1096 3346 coram
1115 3285 1219 3366 Syne-

118 3388 192 3449 drio
216 3391 414 3469 comparuit,
441 3390 514 3452 falsi
538 3400 639 3453 testes
663 3387 799 3452 addutti
824 3398 902 3451 sunt
928 3397 965 3450 ut
992 3388 1219 3451 testimonium

119 3500 237 3553 contra
253 3491 361 3572 ipsum
379 3492 509 3568 ferrent,
531 3495 588 3556 sed
606 3514 681 3556 cum
705 3514 748 3554 ex
766 3493 912 3574 ipsorum
930 3493 1122 3554 testimonio
1138 3492 1219 3553 nihil

120 3595 255 3675 probari
273 3607 396 3676 posset,
408 3598 561 3679 princeps
578 3599 787 3660 sacerdotum
806 3599 853 3659 ait
864 3597 925 3658 illi:
948 3596 1101 3676 “Adjuro
1114 3607 1147 3658 te
1163 3616 1221 3677 per

120 3699 234 3761 Deum
252 3699 374 3776 vivum,
391 3709 428 3762 ut
450 3701 542 3763 dicas
559 3701 654 3763 nobis
670 3701 697 3762 si
714 3711 749 3764 tu
766 3722 801 3762 es
818 3700 977 3774 Christus,
992 3699 1092 3762 Filius
1117 3700 1180 3761 Dei
1194 3700 1217 3760 ''.

121 3804 213 3867 Dicit
228 3803 274 3865 illi
290 3805 406 3889 Jesus:
422 3806 501 3868 “Tu
518 3806 634 3868 dixisti
648 3807 672 3882 ''‚
685 3816 718 3868 et
733 3816 868 3887 propter
880 3806 967 3868 hanc
977 3804 1219 3867 confessionem

119 3927 193 3970 reus
210 3909 327 3969 mortis
339 3907 509 3988 judicatus
525 3920 584 3984 est,
594 3922 631 3972 ut
648 3919 781 3971 constat
800 3919 872 3972 tum
891 3930 935 3970 ex
951 3909 1014 3970 hoc
1032 3908 1132 3983 loco2,
1148 3917 1220 3969 tum

120 4032 163 4074 ex
175 4011 243 4073 alio
258 4011 331 4074 loco
347 4012 556 4076 ubidicitur:
581 4019 596 4043 “
612 4014 681 4074 Nos
693 4013 800 4094 legem
814 4012 984 4088 habemus
994 4022 1027 4075 et
1038 4013 1219 4075 secundum

840 4149 982 4159 -m--n-

154 4210 163 4240 ¹
166 4214 233 4282 Joa.
250 4214 285 4280 X,
303 4227 345 4282 30.

151 4302 248 4350 wart.
265 4301 375 4361 inrui,
392 4300 409 4350 6
408 4301 481 4365 3-66.
