2684 4634
163 183 223 231 DE
243 183 410 233 HABITU
428 183 561 233 INTER
580 182 716 232 FIDEM
737 183 788 232 ET
808 182 1045 234 RATIONEM.
1118 185 1160 235 75

88 372 146 428 155.
191 377 221 418 2⁰
240 362 381 420 Attamen
398 369 564 434 potestesse
582 363 740 435 oltoroondo
761 372 905 435 opporons
922 365 1108 422 contradiiiio
1126 383 1161 423 ex

49 447 168 529 duplici
184 449 290 520 capite.

86 593 137 663 (Α)
153 595 202 650 Ex
220 594 304 665 culph
322 595 521 665 theologorum,
537 591 588 664 qui
607 604 739 657 mentem
760 595 901 654 Ecclesiae
921 615 980 654 non
1000 597 1161 668 intelligen-

50 691 106 751 tes,
121 690 271 753 tanquam
285 682 386 754 defide
397 683 509 740 docent
527 692 563 738 e'a
582 697 649 750 quae
662 697 762 738 revera
776 699 835 739 non
850 693 918 740 sunt
931 683 969 741 de
982 683 1060 754 fide3
1079 684 1160 755 quod

52 768 222 839 praesertim
237 768 343 838 evenit,
357 768 479 840 quando
498 767 685 825 contendunt
705 768 885 841 Scripturam
905 770 997 828 modo
1014 771 1114 828 so’cnti
1134 790 1162 828 co

52 856 91 914 de
116 855 211 914 re'bus
237 855 419 914 naturalibus
444 855 608 913 disserere:
637 854 778 913 omnibus
804 856 952 928 siquidem
977 868 1081 915 notum
1106 868 1159 924 est,

54 962 78 999 v.
94 960 123 1012 g.
141 941 302 1013 theologos
316 941 346 999 S.
366 940 463 1013 Officii
473 941 531 997 hoc
543 940 636 998 modo
656 941 687 998 in
706 960 776 999 casu
796 943 910 1001 Galilaei
925 945 1073 1005 erravisse.
1112 945 1161 1002 Se·

53 1030 128 1087 dulo
140 1028 240 1100 'igitur
257 1039 381 1087 caveant
399 1031 556 1102 scriptores
575 1028 724 1096 catholici,
739 1047 777 1089 ne
796 1040 938 1102 tanquam
954 1030 1095 1101 dogmata
1107 1041 1160 1088 tra-

54 1119 128 1175 dant
141 1135 179 1175 ea
192 1136 261 1188 quae
271 1118 439 1189 magisterio
448 1117 590 1176 Ecclesiae
600 1114 745 1173 infallibili
755 1115 1022 1181 definitanondum
1033 1119 1157 1186 luerunt,

56 1204 223 1276 praesertim
236 1204 359 1276 quando
371 1205 467 1276 agitur
484 1205 523 1264 de
541 1205 629 1264 rebus
649 1203 825 1275 scientificis‚
842 1222 909 1276 quae
927 1205 1034 1276 saepius
1052 1223 1069 1261 a
1089 1204 1161 1262 Scri·

56 1294 143 1364 ptura
163 1291 381 1363 describuntur,
404 1300 465 1350 non
486 1292 654 1350 secundum
674 1291 853 1363 objettivam
873 1292 914 1350 rei
933 1292 1093 1362 veritatem,
1108 1291 1162 1349 sed

55 1378 227 1436 secundum
240 1397 273 1434 oa
285 1397 348 1450 quo
361 1386 511 1450 apparent,
524 1389 556 1438 ut
569 1380 639 1438 alibi
653 1380 819 1439 notavimus
829 1380 888 1451 (Dc
897 1380 1035 1437 Fontibus
1047 1380 1160 1450 theolog.

58 1483 104 1521 un-
124 1481 166 1537 57,
184 1467 240 1536 rot·
345 1490 347 1494 ⁴
376 1491 379 1496 ’

87 1612 141 1682 (B)
157 1611 204 1668 Ex
217 1613 300 1683 crispo
310 1611 432 1692 sointiae
442 1613 593 1682 collorum,
609 1611 661 1684 qui
680 1631 759 1685 saepe
779 1614 886 1685 saepius
900 1633 992 1671 otioros
1003 1614 1163 1686 hypotheses

59 1707 204 1770 tanquam
231 1698 397 1757 indubitata
422 1698 498 1756 faeta
522 1695 664 1756 exhibent
689 1700 850 1771 praesertim
876 1701 998 1773 quando
1013 1701 1163 1763 ,videntur

59 1784 86 1841 S.
102 1784 269 1857 Scripturae
281 1802 345 1844 esse
357 1785 523 1857 contraria;
540 1783 612 1841 tales
631 1795 699 1846 sunt
718 1805 743 1842 v.
760 1804 790 1857 g.
804 1785 855 1857 qui
874 1786 1076 1844 indubitanter
1087 1804 1162 1843 asse-

58 1881 125 1928 runt
138 1871 297 1929 hominem
311 1880 442 1929 creatum
460 1869 649 1929 fuissemille
666 1872 794 1930 millibus
813 1873 898 1929 annis
916 1882 985 1931 ante
1000 1873 1160 1940 Adamum,

59 1960 128 2030 quia
143 1960 323 2017 invenerunt
336 1958 481 2031 quosdam
501 1958 597 2016 silices
616 1958 647 2015 in
666 1949 762 2016 stratis
781 1959 862 2017 humi
883 1960 1072 2032 perantiquis,
1088 1977 1163 2030 quos

60 2045 181 2102 nonnisi
204 2045 249 2103 ab
266 2044 436 2104 hominibus
458 2045 611 2103 confedos
625 2046 723 2104 luisse
745 2047 883 2104 clamant.
922 2047 1055 2106 Caveant
1077 2047 1163 2120 igitur

59 2134 194 2192 scientiae
207 2133 335 2192 cultores
353 2151 392 2192 ne
411 2133 591 2213 hypotheses
611 2152 665 2206 pro
684 2133 768 2191 laetis
785 2137 950 2192 assumant!
991 2135 1072 2192 Hinc
1084 2135 1164 2192 recle

59 2221 96 2278 ait
119 2220 180 2277 Leo
199 2219 291 2277 XIII
307 2220 601 2292 (providentissimus,
627 2223 743 2279 18·nov.
767 2222 845 2294 1893)
869 2244 874 2280 ι
900 2222 1024 2279 “Nulla
1041 2223 1162 2295 quidem

60 2308 239 2380 theologum
254 2308 329 2384 inter
342 2318 376 2368 et·
385 2309 541 2382 physicum
560 2327 628 2368 vera
646 2307 793 2367 dissensio
807 2307 1011 2374 intercesserit,
1026 2309 1093 2365 olum
1105 2308 1163 2366 sois

59 2403 178 2466 uterquc
188 2394 303 2466 finibus
320 2414 349 2452 se
365 2396 549 2467 contineant,¹
562 2396 593 2455 id
613 2406 758 2465 caventes
775 2395 941 2454 secundum
961 2396 989 2453 S.
1005 2397 1162 2472 Augustini
1210 2419 1213 2425 ·
1244 2431 1247 2436 .

59 2483 210 2542 monitum
229 2483 272 2552 (in
291 2483 364 2542 Gen.
379 2502 428 2556 op.
444 2485 556 2556 imperf.
572 2484 627 2551 IX,
643 2486 699 2556 30),
719 2501 758 2541 ne
776 2483 889 2556 aliquid
908 2492 1018 2542 temere
1037 2494 1065 2541 et
1085 2483 1163 2540 inco-

58 2571 176 2640 gnitum
203 2587 257 2641 pro
282 2570 404 2641 cognito
427 2580 591 2629 asserant...
636 2570 728 2642 Quod
753 2587 822 2627 vero
840 2568 982 2628 <defensio
1007 2569 1164 2642 Scripturae
1248 2636 1251 2642 Ι

59 2659 171 2715 sanciae
196 2658 314 2728 agenda
339 2670 457 2718 strenue
481 2668 534 2726 est,
562 2677 622 2716 non
648 2677 683 2716 ex
707 2674 744 2714 eo
769 2672 875 2714 omnes
900 2673 987 2726 aeque
1011 2656 1164 2713 sententiae

58 2745 180 2803 tuendae
200 2753 277 2815 sunt,
300 2762 372 2816 quas
391 2746 499 2818 singuli
520 2747 621 2802 Patres
639 2753 690 2801 aut
710 2743 759 2814 qui
780 2741 922 2813 deinceps
942 2741 1115 2814 interpretes
1134 2742 1163 2797 in

57 2831 165 2890 eadem
181 2830 362 2890 declaranda
377 2831 525 2891 ediderint
540 2853 546 2890 :
562 2831 622 2902 qui,
636 2838 724 2902 prout
742 2838 825 2887 erant
843 2827 1000 2900 opiniones
1017 2828 1119 2894 aetatis,
1135 2829 1163 2884 in

57 2917 130 2976 locis
151 2916 352 2976 edisserendis
378 2918 430 2977 ubi
452 2918 575 2991 physica
597 2927 737 2989 aguntur,
761 2917 883 2975 fortasse
905 2934 964 2974 non
988 2918 1028 2973 ita
1049 2934 1165 2988 semper

56 3004 268 3074 judicaverunt
287 3022 322 3062 ex
340 3004 520 3084 veritate,ut
539 3007 677 3076 quaedam
698 3005 861 3077 posuerint,
882 3022 949 3076 quae
969 3022 1048 3061 nunc
1068 3005 1165 3061 minus

58 3090 234 3161 probentur.
273 3090 423 3162 Quocirca
435 3092 568 3151 studiose
582 3092 822 3165 dignoscendum
841 3093 871 3148 in
891 3092 1007 3150 illorum
1027 3091 1164 3163 interpre-

58 3176 234 3243 tationibus,
255 3194 393 3249 quaenam
413 3196 516 3250 reapse
536 3181 653 3239 tradant
672 3191 813 3252 tanquam
834 3180 999 3251 speetantia
1017 3181 1055 3238 ad
1075 3179 1164 3237 iidem

57 3274 107 3321 aut
126 3281 198 3320 cum
218 3281 254 3321 ea
270 3263 397 3322 maxime
414 3257 563 3337 copulata,
578 3285 716 3340 quaenam
731 3268 863 3324 unanimi
878 3266 994 3324 tradant
1007 3283 1165 3336 consensu,

57 3368 191 3423 namque
212 3351 242 3407 in
262 3350 307 3409 his
324 3369 392 3423 quae
413 3354 450 3410 de
471 3355 648 3413 necessitate
669 3352 740 3411 fidei
763 3371 824 3410 non
847 3362 925 3419 sunt,
947 3352 1028 3410 licuit
1051 3349 1165 3410 Sanctis

56 3437 261 3495 diversimode
277 3437 401 3509 opinari,
418 3439 493 3496 sicut
512 3449 542 3498 et
558 3442 655 3515 nobis,
671 3450 703 3498 ut
721 3449 765 3499 est
783 3439 813 3497 S.
825 3441 947 3497 *Thomo
966 3440 1111 3499 sententia
1124 3439 1164 3508 (in

55 3524 138 3582 Sent.
158 3523 201 3580 II.
219 3523 288 3582 diet.
306 3516 350 3595 11,
370 3543 397 3598 q.
421 3544 441 3597 1,
461 3544 488 3584 a.
505 3528 541 3608 3).
554 3529 568 3557 ”
605 3530 723 3588 Revera
742 3527 856 3584 nullum
875 3526 937 3584 dari
957 3535 1054 3598 potest
1070 3544 1166 3584 exem-

54 3612 141 3683 plum
167 3610 293 3682 alicujus
312 3612 440 3670 veritatis
458 3611 496 3670 ab
517 3613 652 3673 Ecclesia
675 3612 821 3671 catholica
840 3612 970 3669 definitae
989 3630 1055 3683 quae
1074 3611 1165 3668 scien—

54 3698 103 3755 tiis
116 3706 171 3755 aut
184 3695 291 3755 rationi
311 3708 392 3757 certo
411 3709 440 3758 et
459 3700 612 3760 evidenter
630 3699 824 3765 contradicat,
840 3709 871 3757 ut
885 3717 920 3757 ex
933 3699 1060 3758 decursu
1078 3698 1166 3770 hujus

55 3785 198 3859 Synopsis
211 3786 375 3858 colligetur.
452 3855 454 3858 ¹

93 4047 104 4080 ²
117 4042 205 4117 Quod
217 4040 416 4102 animadvertit
430 4041 605 4096 rationalista
617 4040 784 4096 Bnoneto'hro
797 4040 875 4109 (Re'v.
886 4041 932 4093 des
941 4041 1023 4093 Deus
1038 4039 1164 4106 Mondes,

58 4154 68 4189 1
88 4128 170 4199 janv.
191 4127 270 4197 1895)
293 4118 373 4197 cujus
386 4128 472 4182 verba
485 4129 630 4183 retulimus
653 4128 688 4182 de
715 4127 785 4182 Verri
803 4128 903 4196 Κρίξῳ,
916 4143 943 4194 p.
961 4125 1002 4191 79,
1022 4141 1047 4178 n.
1065 4141 1086 4177 1.
1124 4125 1165 4177 Cf.

56 4216 127 4284 Mgr
136 4214 267 4283 Franci,
276 4215 413 4268 Discours
425 4215 568 4284 pro'n'once
578 4215 604 4268 le
614 4216 631 4269 6
641 4214 710 4270 avril
722 4215 784 4282 1891
798 4231 832 4282 au
848 4212 973 4280 Congres
985 4210 1166 4290 Scisntifiqne

54 4303 205 4369 internas,
218 4302 461 4370 Compsa-Rendu,
478 4299 632 4356 Introdult.
649 4319 673 4370 p.
687 4311 732 4368 9'2.
1064 4322 1067 4328 ·
