2684 4634
197 166 241 214 22
663 171 803 223 CAPUT
821 174 845 222 1.

192 349 369 417 accepturus
382 356 443 404 erat
456 347 486 404 in
500 347 694 408 hereditatem
704 349 728 420 ’'‚
741 350 831 408 fidem
840 351 919 409 Sarae
929 362 998 410 etc.1
1035 351 1167 424 Atquiin
1180 352 1227 410 his
1236 371 1298 410 orn-

193 431 281 489 nibus
301 432 417 490 casibus
435 452 572 492 assensus
592 437 779 508 praebebatur
796 440 1026 498 revelationibus
1040 441 1176 512 privatim
1196 441 1298 510 factis;

193 537 263 590 ergo
285 521 357 578 tales
379 523 572 581 revelationes
594 536 720 596 possunt
740 545 804 584 esse
826 527 979 598 objectum
1000 527 1068 584 fidei
1093 546 1160 585 vere
1178 527 1297 586 divinae.

193 607 242 676 (Β)
259 607 290 662 T
284 606 477 664 re'a'entirrurn⁸2
489 611 618 668 declarat
637 613 756 670 nonnisi
774 633 809 670 ex
825 613 943 684 speciali
960 613 1130 670 revelatione
1150 614 1217 671 sciri
1236 633 1297 672 non

194 711 281 765 posse
302 713 377 767 quos
392 698 474 755 Deus
494 698 550 755 sibi
569 698 700 770 elegerit,
722 712 751 759 et
766 699 949 759 conferendo
969 700 1047 756 hanc
1063 700 1298 759 declarationem

194 799 261 838 cum
276 801 339 840 can.
360 801 388 853 15
406 805 412 841 z
435 785 495 841 “Si
508 785 574 857 quis
588 785 692 845 dixerit
706 789 858 846 hominem
874 798 1009 846 renatum
1081 789 1173 846 teneri
1188 807 1224 846 ex
1237 789 1298 847 fide

193 869 232 926 ad
244 870 426 928 credendum
441 890 472 930 se
485 883 566 930 certo
578 891 643 931 esse
662 875 690 931 in
712 894 836 934 numero
856 875 1152 946 praedestinatorun13
1181 877 1218 932 A.
1236 876 1295 941 S.'',

194 956 340 1027 colligitur
353 969 484 1016 mentem
499 959 667 1018 Tridentini
676 980 740 1020 esse
753 963 810 1020 hoc
824 979 859 1020 ex
869 961 988 1033 speciali
1000 979 1052 1020 seu
1061 961 1173 1032 privatai
1187 963 1296 1020 revela-

195 1043 275 1100 tione
288 1045 367 1102 credi
381 1063 476 1117 posse.

229 1140 270 1196 50·
309 1133 357 1202 (C)
371 1132 450 1190 Illud
463 1143 507 1190 est
520 1133 672 1204 objectum
687 1135 756 1194 fidei
769 1135 877 1193 divinae
890 1134 972 1206 quod
986 1144 1105 1206 propter
1118 1136 1212 1193 solam
1232 1136 1296 1206 ejus

194 1219 399 1278 auctoritatem
412 1221 551 1293 creditur;
577 1223 659 1294 atqui
673 1224 779 1281 veritas
798 1222 943 1295 privatim,
955 1241 1040 1294 aeque
1059 1241 1094 1280 ac
1113 1222 1233 1294 publice
1251 1242 1295 1281 re·

195 1308 298 1374 velata,
314 1318 435 1380 propter
447 1309 541 1366 solam
554 1311 761 1370 audioritatem
777 1312 834 1370 Dei
847 1310 1003 1369 revelantis
1016 1311 1158 1382 creditur3
1176 1329 1257 1382 ergo.

229 1406 269 1462 51.
309 1400 338 1453 20
351 1397 546 1454 Revelatrhner
552 1398 688 1470 pre'aatce,
704 1418 766 1471 qnae
777 1406 849 1457 certo
861 1405 999 1468 constant,
1012 1398 1089 1456 credi
1098 1398 1197 1456 debent
1207 1399 1245 1455 ab
1256 1399 1297 1456 eis

126 1491 132 1504 ⁸
195 1486 296 1557 quihus
306 1486 397 1557 finnt,
419 1492 474 1540 aret
489 1485 525 1541 nb
546 1486 585 1541 eis
598 1494 721 1557 propter
739 1506 808 1559 quas
827 1488 908 1556 fiunt
925 1496 954 1544 et
972 1486 1011 1544 ad
1028 1505 1104 1557 quos
1121 1485 1296 1557 diriguntur,

195 1574 256 1632 imo
263 1572 442 1644 probabilius
454 1572 489 1628 ab
500 1573 540 1630 eis
548 1573 591 1629 ad
599 1593 668 1644 paros
680 1593 736 1631 non
747 1575 926 1646 deriguntur,
938 1574 1104 1633 dummodo
1115 1583 1214 1631 tamen
1225 1593 1295 1632 curn

195 1661 395 1733 sufficientibus
407 1660 587 1731 argumentis
598 1668 812 1733 proponantur.
851 1662 970 1719 Etenim
985 1661 1058 1719 illud
1072 1660 1192 1718 credere
1205 1661 1298 1719 debe-

196 1766 260 1805 mus
280 1747 362 1819 quod
381 1756 462 1804 certo
480 1747 590 1805 scimus
610 1766 627 1805 a
651 1750 717 1806 Deo
737 1749 868 1814 revelari,
886 1758 1007 1820 propter
1028 1748 1222 1805 reverentiam
1237 1748 1297 1805 Dei

195 1834 361 1893 auctoritati
380 1834 529 1906 debitam;
557 1836 648 1908 atqui,
663 1836 785 1906 quando
805 1835 944 1893 revelatio
966 1835 1056 1892 etiam
1078 1834 1190 1905 privata
1207 1835 1297 1891 nobis

196 1941 264 1979 cum
275 1921 488 1979 sufficientibus
501 1923 691 1993 argumentis,
702 1943 728 1980 v.
741 1941 768 1994 g.
777 1923 932 1992 miraculis,
947 1921 1132 1994 proponitur,
1146 1931 1228 1979 certo
1241 1922 1297 1978 sci·

196 2028 262 2067 mus
275 2009 348 2067 illud
361 2028 378 2066 a
394 2010 460 2067 Deo
473 2010 608 2076 revelari3
637 2028 714 2080 ergo.
753 2011 833 2068 Raro
846 2019 944 2067 autem
959 2009 1057 2068 evenit
1071 2019 1102 2066 ut
1115 2009 1235 2080 privatae
1252 2027 1296 2066 re-

195 2096 355 2154 velationes
376 2114 444 2152 cum
467 2096 645 2154 certitudine
662 2095 780 2168 probari
796 2096 920 2155 valeant.
962 2097 1005 2154 Ut
1024 2095 1062 2153 de
1081 2094 1127 2152 his
1148 2093 1296 2166 judicium

196 2184 261 2241 ferri
275 2176 376 2255 possit,
391 2183 455 2240 haec
468 2184 629 2254 praesertim
643 2184 841 2241 attendantur.

230 2283 270 2338 5²·
310 2273 357 2343 (A)
372 2272 416 2328 Ex
429 2281 511 2343 parte
524 2266 658 2341 araterice,
672 2272 695 2328 si
709 2290 753 2329 res
766 2272 893 2329 revelata
906 2284 975 2328 cunr
987 2271 1074 2328 sacris
1086 2270 1210 2339 LitteriS,
1224 2288 1297 2342 apo-

196 2361 305 2420 stolicis
318 2359 534 2425 traditionibus,
547 2360 689 2418 Ecclesiae
703 2360 927 2417 definitionibus
937 2370 987 2416 aut
999 2359 1083 2416 bonis
1095 2358 1225 2415 moribus
1233 2377 1296 2416 non

196 2447 370 2519 consentiat,
387 2447 543 2505 manifesta
560 2458 605 2505 est
618 2448 766 2520 decepti0,
782 2466 861 2513 nam,
876 2458 908 2504 ut
927 2448 967 2504 ait
981 2447 1008 2504 S.
1022 2447 1137 2503 Paulas
1150 2468 1160 2501 .·
1181 2446 1297 2504 “Licet

196 2547 318 2606 nos,aut
330 2534 452 2606 angelus
466 2534 504 2591 de
517 2534 595 2591 coelo
609 2535 789 2605 evangelizet
807 2534 891 2591 vobis
903 2544 1098 2604 praeterquam
1112 2532 1194 2603 qnod
1208 2550 1296 2589 evan-

195 2624 383 2697 gelizavimus
397 2620 489 2688 vobis,
501 2622 658 2678 anathema
668 2622 705 2678 sit
714 2622 762 2691 ’'³;
782 2622 861 2679 idem
876 2621 933 2686 dic,
950 2622 972 2676 si
987 2620 1120 2676 unanimi
1131 2621 1252 2676 Parrum
1265 2629 1296 2678 et

195 2713 402 2784 theologorum
415 2720 465 2767 aut
478 2710 631 2767 communi
646 2711 787 2767 Ecclesiae
807 2709 905 2767 sensui
926 2718 1110 2780 opponatur3
1138 2709 1161 2764 si
1175 2725 1244 2765 vero
1257 2708 1296 2765 sit

195 2812 297 2859 contra
311 2816 501 2858 communem
517 2798 725 2868 theologorum
740 2798 928 2862 sententiam,
943 2796 1082 2867 suspecta
1096 2804 1139 2852 est
1152 2805 1182 2852 et
1194 2813 1296 2852 severe

196 2878 399 2947 examinanda.
440 2886 551 2943 Iterum
573 2885 597 2942 si
617 2885 756 2942 revelatio
770 2884 815 2941 vel
834 2884 911 2940 mala
930 2883 1062 2951 suadeat,
1074 2881 1120 2939 vel
1133 2882 1229 2952 majus
1242 2881 1295 2939 bo-

195 2974 432 3046 numimpediat,
442 2973 488 3030 vel
502 2973 588 3030 bonis
602 2972 679 3030 mala
692 2973 824 3038 misceat,
837 2991 854 3028 a
867 2973 932 3029 Deo
943 2990 1004 3028 non
1014 2982 1069 3041 est,
1089 2970 1112 3027 si
1126 2970 1203 3026 circa
1212 2988 1295 3038 vana,

196 3063 309 3121 inutilia
323 3072 351 3119 et
365 3060 467 3117 frivola
480 3070 620 3126 versetur,
636 3060 722 3118 valde
736 3060 874 3130 suspecta
888 3069 939 3116 est.
978 3058 1007 3114 Si
1021 3057 1215 3115 revelationes
1236 3058 1296 3114 sint

195 3152 270 3208 inter
283 3168 313 3207 se
327 3147 573 3217 contradictoriae,
590 3156 677 3218 prout
691 3147 729 3203 de
744 3146 823 3203 laeto
837 3145 1070 3202 suntnonnullae
1089 3144 1165 3200 circa
1184 3145 1295 3215 passio-

196 3256 264 3295 nem
278 3235 397 3301 Christi,
413 3253 466 3306 pro
480 3234 587 3292 divinis
600 3234 702 3290 haberi
717 3243 877 3304 nequeunt,
894 3233 998 3288 saltem
1012 3249 1125 3288 omnes

229 3336 269 3392 53.
309 3325 357 3396 (B)
372 3324 416 3379 Ex
429 3333 511 3394 parte
519 3331 656 3392 persana,
673 3321 696 3377 si
714 3339 848 3393 persona,
862 3320 909 3377 cui
924 3321 955 3376 fit
969 3319 1117 3384 revelatio,
1134 3318 1170 3375 sit
1184 3317 1295 3375 virtuti-

197 3414 260 3479 buS,
276 3411 402 3468 maxime
415 3409 579 3466 nrerree'litate
592 3420 620 3466 et
633 3409 788 3466 ebede'entid
808 3418 920 3473 ornata,
936 3408 958 3463 si
973 3426 989 3464 a
1004 3405 1133 3478 peccatis
1147 3406 1236 3462 etiam
1256 3407 1295 3464 le-

195 3500 324 3559 vioribus
337 3498 502 3564 abhorreat,
518 3498 541 3554 si
556 3497 682 3554 visiones
705 3515 766 3553 non
786 3495 1005 3564 desideraverit,
1023 3494 1045 3550 si
1059 3494 1096 3550 sit
1109 3494 1181 3549 sana
1194 3503 1295 3550 mente

195 3598 224 3646 et
237 3587 315 3644 recte
327 3585 481 3658 judicandi
496 3585 635 3641 facultate
649 3584 781 3655 praedita,
797 3584 819 3638 si
840 3581 1042 3652 imaginationi
1064 3598 1125 3636 non
1145 3579 1232 3636 nimis
1251 3579 1294 3635 in-

194 3675 323 3746 dulgeat,
339 3673 361 3730 si
377 3673 458 3730 nullo
478 3671 584 3729 morbo
602 3671 763 3743 praesertim
776 3669 923 3743 hysterico
937 3668 1060 3733 laboret,
1076 3667 1140 3737 ejus
1159 3665 1292 3723 testimo-

194 3761 277 3818 nium
290 3760 385 3831 accipi
400 3767 508 3831 potest.

228 3859 268 3916 54.
309 3847 355 3919 (C)
367 3847 411 3902 Ex
422 3856 504 3918 parte
517 3845 674 3917 effiltrnnn,
687 3845 826 3902 revelatio
836 3843 936 3900 divina
947 3861 1007 3899 non
1017 3842 1078 3912 erit,
1093 3841 1115 3897 si
1127 3841 1165 3898 ad
1179 3840 1295 3912 aliquid

195 3935 336 3994 indecens
350 3934 395 3992 vel
410 3933 596 4006 impudicum
609 3934 725 3998 excitet,
743 3933 789 3990 vel
805 3931 974 4004 superbiam
993 3931 1100 3995 foveat,
1122 3930 1144 3984 si
1164 3929 1295 3986 animam

194 4022 356 4095 inquietam
370 4020 516 4093 relinquat
529 4030 558 4078 et
571 4021 609 4078 ad
623 4020 880 4077 mortificationem
891 4037 951 4075 non
963 4019 1093 4083 inclinet,
1106 4016 1128 4073 si
1144 4016 1296 4073 revelatio-

194 4111 239 4168 nis
252 4109 419 4182 subJ'edlum
434 4109 471 4167 de
486 4109 520 4166 ea
533 4108 617 4164 facile
631 4108 769 4179 loquatur
782 4119 811 4181 et
823 4107 965 4179 glorietur
982 4128 987 4163 :
1016 4106 1080 4163 haec
1094 4104 1172 4162 enirn
1194 4104 1297 4162 omnia

231 4290 331 4343 ¹Hebr.
347 4291 696 4357 X1,7-12.--2Sess.vl,
714 4306 775 4356 cap.
794 4306 833 4342 12.
850 4320 879 4327 —
892 4295 902 4325 ³
914 4289 1005 4341 Gerlat.
1024 4289 1044 4343 l.
1061 4290 1084 4340 8.
