2684 4634
162 179 223 228 DE
243 178 409 228 HABITU
428 176 569 227 INTER
582 176 722 225 FIDEM
742 175 793 224 ET
812 173 1050 224 RATIONEM.
1118 174 1160 225 79

53 359 206 432 Geelogia,
223 358 409 431 Cosmologia,
421 359 477 417 etc'.
497 366 601 430 utpote
614 356 816 429 explanationi
830 355 989 429 Scripturae
1002 354 1159 414 inservien-

50 458 103 517 tes,
117 466 136 505 a
149 447 319 507 Catholicis
331 446 480 505 indefesse
499 443 734 516 investigantur.¹
771 444 881 503 Nonne
901 445 1008 517 pariter
1027 442 1160 502 Ecclesia

52 552 176 607 semper
189 535 360 601 imitarier,
373 533 603 604 architeliurarn,
612 532 770 604 pr'c‘luram,
786 532 969 603 statuariam,
985 532 1094 604 quibus
1107 533 1160 589 uti-

53 632 100 681 tur
111 621 155 680 ad
168 621 284 693 templa
296 621 485 681 exornanda?
521 621 592 678 Hoc
604 620 682 678 adeo
695 637 798 677 verum
818 628 862 676 est
881 629 913 677 ut
933 619 1081 691 praecipua
1099 636 1160 674 mo·

54 719 212 780 numenta,
229 706 303 780 quae'
309 708 478 781 usquedum
492 716 652 779 servantur,
665 705 801 778 religiosa
811 706 878 776 sint,
888 715 917 764 et
928 706 1089 778 inspirante
1102 706 1161 763 fide

55 796 198 854 confecta
211 796 344 854 fuerint.²

92 917 148 972 161.
190 914 347 987 Objiciunt
368 916 491 987 quidem
513 914 719 972 Rationalistee
743 915 834 973 fidem
860 914 985 972 libertati
1011 912 1161 970 inimicam

56 1021 130 1074 esse,
146 1012 179 1061 et
192 1002 322 1075 cujusvis
334 1002 466 1063 scientiae
479 1020 667 1075 progressum
681 1003 837 1074 retardare,
849 1012 881 1060 ut
890 1010 1006 1059 constat
1015 1019 1050 1058 ex
1063 1001 1162 1057 multis

57 1089 317 1162 propositionibus
330 1088 369 1148 ab
383 1089 518 1148 Ecclesia
531 1089 687 1160 damnatis,
704 1089 785 1148 libris
797 1089 836 1148 ab
847 1088 945 1147 Indice
956 1087 1121 1161 prohibitis,
1133 1096 1162 1145 et

58 1176 225 1248 praesertim
240 1194 275 1234 ex
287 1176 541 1235 condemnatione
554 1176 677 1235 Galilaei.

94 1298 152 1353 162.
193 1296 280 1368 Resp.
294 1296 334 1366 (ι)
345 1296 435 1354 Fides
446 1313 506 1353 non
517 1295 610 1367 magis
623 1295 749 1353 libertati
764 1304 852 1353 nocet
865 1313 953 1367 quam
968 1295 1032 1367 ipsa
1044 1294 1161 1352 eviden-

59 1383 99 1440 tia
112 1383 277 1443 naturalis:
297 1392 434 1441 tenemur
447 1381 569 1454 quidem
584 1382 614 1439 in
627 1381 715 1440 rebus
733 1383 775 1439 ad
793 1382 955 1453 religionem
973 1380 1163 1453 speiiantibns

61 1471 128 1529 fidei
150 1470 285 1542 obedire,
301 1469 372 1543 quia
390 1471 496 1528 veritas
515 1478 568 1542 est,
585 1479 672 1542 prout
691 1469 847 1527 evidentiae
865 1469 988 1526 naturali
1008 1487 1162 1527 assensum

61 1557 195 1629 praebere
210 1557 365 1629 debemus,
381 1558 437 1615 nisi
451 1557 666 1616 irrationabiles
678 1557 802 1627 judicari
822 1555 946 1614 velimus
952 1576 961 1628 3
979 1556 1032 1614 sed
1051 1574 1086 1613 ex
1104 1556 1162 1613 hoc

60 1645 182 1702 libertas
195 1644 319 1702 minime
333 1644 456 1715 laeditur,
473 1644 586 1717 quippe
599 1662 667 1716 quae
679 1662 739 1702 non
760 1644 788 1700 in
809 1642 1017 1715 prosequendo
1036 1660 1162 1700 errorem

60 1731 208 1803 consistit,
220 1730 273 1789 sed
286 1731 315 1788 in
327 1731 519 1790 assentiendo
531 1731 644 1791 veritati
658 1732 810 1790 evidenter
818 1740 966 1803 perceptae
970 1751 978 1802 ;
996 1730 1059 1788 aliis
1067 1729 1163 1788 verbis

61 1819 183 1877 libertas
196 1819 363 1877 intellectus
376 1837 436 1877 non
449 1818 543 1891 magis
557 1837 608 1892 per
619 1819 786 1877 infallibiles
797 1819 984 1877 definitiones
993 1818 1160 1888 destruitur,

61 1924 152 1977 quarn
166 1905 287 1963 libertas
299 1906 457 1964 voluntatis
471 1924 523 1978 per
534 1906 615 1978 leges
624 1906 750 1964 morales
759 1905 867 1977 quibus
877 1905 1033 1976 dirigitur.³
1068 1905 1162 1963 Caete-

61 1994 171 2066 roquin
185 1994 218 2051 in
230 1993 318 2051 rebus
331 2013 404 2051 mere
415 1993 573 2066 scientificis
592 1994 665 2052 fides
684 1994 782 2053 liberis
801 1993 989 2066 physicorum
1010 1993 1163 2064 investiga-

63 2080 196 2138 tionibus
210 2098 271 2137 non
285 2080 390 2152 obstat,
407 2079 575 2138 dummodo
588 2081 663 2139 intra
676 2080 794 2139 debitos
807 2080 938 2139 scientiae
947 2080 1021 2138 fines
1031 2098 1062 2138 se
1070 2081 1162 2137 conti-

62 2168 182 2225 nuerint
192 2156 206 2234 ;Ι
218 2168 259 2225 ait
271 2168 350 2226 enim
372 2167 562 2226 Vaticanum:
584 2169 603 2196 “
612 2169 678 2227 Nec
691 2187 762 2226 sane
774 2168 839 2241 ipsa
850 2177 929 2227 vetat
942 2187 980 2226 ne
992 2170 1162 2240 hujusmodi

62 2254 231 2328 disciplinae
244 2255 273 2311 in
288 2272 342 2313 suo
354 2273 482 2328 quaeque
495 2255 609 2324 ambitu
623 2256 748 2328 propriis
761 2265 880 2314 utantur
892 2257 1043 2329 principiis
1055 2268 1084 2316 et
1098 2276 1162 2330 pro-

63 2342 125 2412 pria
147 2342 311 2414 methodo;
329 2343 382 2401 sed
403 2345 513 2414 justam
534 2343 611 2401 hanc
632 2343 797 2402 libertatem
817 2361 990 2416 agnoscens,
1008 2345 1037 2403 id
1057 2345 1162 2403 sedulo

63 2440 157 2500 cavet,
171 2447 211 2487 ne
223 2430 332 2488 divinae
344 2430 488 2489 doctrinae
500 2433 703 2504 repugnando
719 2449 830 2490 errores
843 2431 873 2488 in
886 2450 917 2489 se
930 2432 1100 2503 suscipiant,
1112 2444 1162 2489 aut

63 2517 136 2575 fines
150 2517 285 2590 proprios
304 2527 498 2590 transgressae,
512 2535 547 2576 ea
565 2535 633 2590 quae
651 2527 720 2575 sunt
740 2518 816 2588 fidei,
834 2529 982 2592 occupent
1001 2530 1030 2578 et
1050 2531 1160 2592 pertur-

64 2604 135 2664 bent
145 2605 162 2630 '’
175 2608 286 2687 (snpra,
300 2623 327 2663 n.
347 2607 399 2677 ιο).
438 2605 468 2663 Si
481 2618 552 2664 vero
564 2605 752 2664 scientiarum
766 2607 893 2664 cultores
906 2607 961 2665 hos
974 2607 1048 2665 fines
1061 2609 1161 2666 transi-

63 2692 166 2765 lierint,
191 2692 322 2765 fideique
340 2693 477 2752 veritates
496 2693 741 2766 impugnaverint,
765 2694 898 2752 Ecclesia
915 2697 979 2766 jure
998 2696 1162 2768 meritoque

64 2799 113 2839 eos
126 2781 321 2852 condemnat,
337 2781 413 2839 sicut
426 2780 519 2838 civilis
539 2781 664 2840 societas
684 2781 713 2838 in
733 2800 784 2840 eos
802 2782 1009 2842 animadvertit
1028 2786 1077 2854 qui
1098 2784 1161 2855 ejus

64 2868 261 2927 fundamenta
272 2878 431 2928 concutere
443 2879 610 2928 conantum

96 3069 104 3092 ¹
119 3059 195 3111 Haec
208 3056 304 3110 omnia
316 3056 427 3111 nonnisi
441 3056 524 3114 factis
537 3056 648 3133 probari
659 3067 787 3126 possunt,
795 3074 845 3128 pro
854 3058 954 3128 quibus
964 3059 1028 3113 vide
1039 3058 1162 3130 Scripto-

8 3210 13 3219 ,
63 3162 104 3199 res
118 3146 232 3200 Eccles.
248 3144 380 3212 historiae,
393 3153 441 3199 aut
454 3146 587 3214 specialia
600 3162 694 3216 opera,
707 3164 731 3198 v.
748 3164 774 3215 g.
798 3148 825 3199 T
822 3144 967 3210 iraboschi,
981 3144 1074 3198 Storia
1087 3147 1162 3200 della

63 3233 245 3287 Letteratura
259 3231 390 3298 ltaliana3
411 3233 533 3300 Crevier,
547 3232 672 3287 Histoire
685 3233 721 3288 de
733 3231 913 3287 l'Universite
926 3231 962 3285 de
977 3231 1066 3296 Paris;
1085 3235 1161 3286 Lau-

60 3337 121 3388 noy,
137 3319 176 3373 de
191 3318 302 3372 Scholis
324 3317 543 3384 Celebnoribus3
564 3319 689 3373 Histoire
710 3318 855 3373 Litte'raire
874 3320 909 3373 de
929 3321 1049 3384 France3
1067 3323 1160 3388 Perta,

8 3434 18 3455 ι
62 3409 254 3461 Monumenta
272 3404 432 3460 Germaniae
451 3404 596 3471 historicam
614 3407 716 3475 Healy‚
739 3407 874 3460 lreland's
894 3405 1015 3462 Ancien't
1037 3411 1160 3476 schools;

58 3495 170 3558 Drane,
180 3490 323 3546 Christian
333 3492 445 3547 schools
454 3493 510 3548 and
520 3493 656 3563 scholars;
675 3495 816 3563 Ronayne,
827 3495 955 3564 Religion
964 3497 1020 3550 and
1032 3497 1160 3566 Science;

59 3579 186 3641 Balmes,
201 3583 244 3648 op.
257 3581 303 3634 cit.

92 3677 102 3699 ²
117 3667 161 3722 Cf.
177 3667 312 3735 Lindsay,
327 3666 443 3736 History
455 3668 488 3721 oi
496 3666 629 3722 christian
642 3679 693 3723 art.

92 3773 103 3804 s
120 3757 137 3784 “
148 3757 275 3811 Curnam
288 3754 502 3824 intelligentiam
516 3765 642 3810 nostram
655 3755 762 3811 catenis
776 3757 880 3813 vincire
899 3760 963 3815 fidei
982 3778 1037 3816 non
1057 3763 1160 3834 licebit,

58 3864 92 3900 eo
105 3843 196 3898 modo
209 3858 266 3912 quo
278 3858 372 3896 mores
390 3840 517 3896 vinciunt
538 3843 679 3897 humanos
698 3843 793 3899 attus?
811 3845 945 3901 Virtusne
963 3848 1092 3905 libertate
1109 3868 1161 3906 nos

59 3932 182 4004 spoliati
201 3932 259 3986 Cur
269 3948 337 3987 vero
349 3930 413 3996 fidei
427 3931 685 3995 hocadscribetur?
706 3935 809 3988 Nonne
820 3951 884 3991 vera
893 3935 1007 3989 libertas
1018 3944 1121 3993 statuto
1131 3941 1160 3992 in

58 4024 123 4077 loco
135 4037 169 4097 se
180 4019 312 4084 exercet?
332 4020 436 4074 Nonne
448 4018 511 4088 ipsa
522 4020 698 4077 attractionis
711 4033 808 4078 centro
821 4021 928 4092 indiget
940 4030 969 4080 et
978 4024 1173 4094 fundamento

59 4110 103 4164 cui
123 4106 304 4169 adhererem
322 4105 469 4174 (Madame
487 4107 652 4177 swernine,
674 4107 763 4167 Choix
783 4110 819 4165 <le
843 4110 1037 4180 meditations,
1059 4114 1159 4181 Tours‚

62 4196 140 4263 ¹867r
153 4211 181 4264 Ρ·
197 4192 275 4264 2η)
537 4202 541 4212 Ι
1128 4227 1134 4232 “

93 4284 104 4314 ⁴
118 4281 164 4337 ef.
180 4282 315 4348 Perrene,
327 4279 345 4335 l.
359 4297 383 4335 c.
398 4297 426 4336 n.
440 4279 500 4335 262.
