2684 4634
281 206 337 255 DE
356 205 946 258 MYSTERlo-INCARNATIONIS.
1096 205 1165 256 499

55 381 143 446 ἂο”
155 395 177 446 ¹.
224 384 263 446 In
279 386 430 448 textibus
446 384 557 447 allatis
573 385 725 448 Christus
741 387 932 449 declaratur
948 387 1067 467 plenus
1091 406 1166 466 gra-

56 488 118 550 tiae
133 498 170 550 et
185 488 344 564 veritatis,
354 498 388 551 et
400 489 518 571 plenus
533 489 659 569 Spiritu
672 486 798 551 Sancto
808 488 879 570 (qui
896 489 966 550 sine
981 489 1089 569 gratia
1100 508 1167 549 non

58 590 178 671 datur)
191 615 199 653 :
225 592 318 672 atqui
333 593 450 673 gratia,
463 592 506 653 de
521 596 588 672 qua
603 592 658 653 hic
674 593 785 672 agitur
801 612 867 653 non
885 602 936 653 est
949 593 1057 671 gratia
1073 592 1167 653 unio-

61 695 123 769 nis,
138 695 200 756 sed
216 695 325 775 gratia
340 693 552 758 sanctificans
567 695 719 774 ejusdem
735 694 856 774 speciei
881 714 920 756 ac
941 695 1049 773 gratia
1064 714 1166 774 quam

61 797 227 859 habemus
245 820 252 859 :
279 817 357 860 nam
371 799 543 878 Scriptura
559 806 700 859 testatur
716 816 777 857 nos
794 796 972 877 participes
985 816 1059 857 csse
1069 795 1169 875 hujus

62 899 201 980 gratiae:
225 903 242 930 “
254 900 297 961 de
309 899 519 981 plenitudine
529 899 600 979 ejus
614 920 675 961 nos
685 918 802 960 omnes
818 898 1009 978 accepimus
1019 899 1047 974 '';
1074 898 1166 977 atqui

63 1021 130 1064 non
160 1021 339 1082 possumus
358 1004 537 1086 participes
558 1024 630 1066 esse
646 1004 762 1084 gratiae
786 1003 926 1077 unionis,
943 1021 1018 1082 quae
1034 1001 1107 1064 fluit
1123 1021 1167 1062 ex

64 1105 189 1166 unione
204 1102 433 1185 hypostatica3
456 1126 543 1186 ergo.

106 1205 210 1288 Quod
234 1206 362 1287 optime
390 1208 538 1271 declarat
556 1208 591 1271 S.
608 1207 847 1270 Bernardns2:
870 1206 1044 1287 explicans
1067 1207 1168 1286 siqui·

62 1311 142 1399 dem
165 1309 267 1371 verba
302 1310 474 1392 “ideoque
495 1320 530 1373 et
552 1312 641 1391 quod
667 1321 822 1373 nascetur
844 1332 887 1372 ex
912 1320 946 1372 te
970 1310 1167 1381 Sancinnr'’‚

63 1413 137 1474 ait:
172 1412 314 1492 “posuit
337 1433 417 1493 ergo
440 1414 613 1477 indefinite
632 1415 791 1488 santium,
807 1414 886 1494 quia
901 1414 1061 1495 quidquid
1086 1413 1166 1475 illud

64 1517 106 1578 sit
121 1517 212 1596 quod
223 1516 330 1598 Virgo
345 1518 470 1597 genuit,
483 1516 636 1581 santium
653 1518 766 1599 procul
784 1518 887 1580 dubio
903 1538 942 1578 ac
958 1517 1169 1597 singulariter

63 1615 219 1680 sanctum
237 1617 307 1694 luit,
323 1629 356 1681 et
377 1639 436 1700 per
452 1620 602 1700 Spin'trls
624 1620 907 1701 santificationem
931 1629 964 1681 et
989 1597 1169 1700 per⁸Verbi

63 1720 314 1800 assumptionem
327 1721 362 1794 ’';
385 1722 442 1784 ubi
454 1722 621 1804 duplicem
632 1721 844 1785 sanctitatem
859 1722 889 1783 in
902 1722 1037 1786 Christo
1049 1723 1167 1783 distin-

62 1823 147 1904 guit,
161 1832 306 1885 creatam
324 1844 426 1904 quam
442 1834 540 1887 vocat
557 1825 699 1907 Spiritus
721 1822 1028 1907 sanftificationem,
1045 1834 1078 1886 et
1094 1844 1166 1904 gra-

62 1926 147 1988 tiam
164 1927 297 1988 unionis
313 1946 415 2007 quam
432 1927 534 1989 Verbi
552 1929 816 2008 assumptionem
834 1927 992 2008 appellat.

105 2027 169 2109 (Β)
184 2027 262 2090 Rat.
278 2030 471 2091 convenient.
518 2029 634 2093 Gratia
650 2030 830 2092 habitualis
848 2031 879 2090 in
898 2030 1030 2093 Christo
1046 2029 1166 2091 admit-

61 2131 167 2193 tenda
185 2140 237 2192 est
255 2140 390 2213 propter
413 2132 501 2194 tria:
539 2133 589 2213 (a)
606 2143 742 2213 propter
761 2133 911 2193 unionem
935 2133 1057 2192 animae
1079 2131 1167 2193 illius

61 2254 139 2296 cum
156 2232 272 2296 Verbo
292 2257 298 2296 :
324 2243 452 2314 quanto
467 2236 556 2297 enim
574 2236 708 2317 aliquod
727 2236 930 2317 receptivum
948 2236 1166 2316 propinquius
1212 2306 1214 2310 ,

61 2343 113 2396 est
140 2352 252 2395 causae
276 2333 437 2406 influenti,
463 2344 560 2397 tanto
593 2337 700 2417 magis
727 2336 906 2417 participat
929 2336 971 2397 de
994 2334 1166 2397 influentia

62 2437 189 2518 ipsius;
233 2436 322 2516 atqui
350 2436 461 2498 anima
489 2437 611 2501 Christi
645 2439 926 2519 propinquissima
953 2447 1023 2500 erat
1049 2439 1166 2518 gratiae

61 2538 157 2613 fonti,
185 2557 229 2600 sc.
257 2538 348 2612 Deo;
389 2558 477 2619 ergo.
524 2540 575 2621 (b)
603 2542 743 2622 Propter
763 2541 988 2621 perfhtlr‘onern
1014 2540 1165 2603 Christi:

62 2641 153 2704 Nam
170 2641 302 2703 etiamsi
319 2641 432 2702 anima
450 2639 571 2703 Christi
589 2660 646 2721 per
663 2641 768 2720 ipsam
796 2640 952 2700 unionem
978 2638 1165 2719 hypostati-

60 2763 135 2807 cam
153 2743 198 2804 sit
214 2739 339 2816 sancia,
350 2752 463 2804 tamen
480 2743 588 2822 gratia
604 2740 816 2804 sanctificans
833 2742 862 2802 ei
874 2761 997 2802 novum
1010 2742 1164 2802 decorem

60 2845 158 2908 addit
175 2844 238 2925 ipsi
255 2843 473 2906 inhaerentem
491 2853 523 2906 et
540 2844 634 2924 quasi
652 2845 821 2924 proprium
841 2867 847 2904 :
887 2844 979 2922 atqui
996 2863 1163 2923 quaecum-

60 2968 126 3029 que
143 2943 304 3028 persediio
321 2946 498 3028 possibilis,
508 2955 542 3007 et
559 2966 625 3007 non
639 2967 830 3027 repugnans
847 2947 961 3008 unioni
978 2946 1164 3026 hypostati-

60 3066 119 3119 cae,
135 3053 187 3105 est
199 3043 333 3108 Christo
349 3044 544 3121 tribuenda;
568 3064 656 3123 ergo,
702 3043 750 3124 (c)
764 3045 903 3123 Propter
918 3042 990 3122 ejus
1007 3044 1143 3105 nruner'a
1156 3073 1166 3105 .·

61 3147 225 3221 Christus,
238 3154 274 3208 ut
289 3146 400 3220 homa,
422 3156 472 3207 est
490 3146 654 3208 mediator
670 3147 758 3226 apud
781 3146 901 3220 Deum,
918 3157 952 3207 et
968 3147 1038 3227 ipse
1054 3147 1086 3207 in
1105 3167 1165 3207 nos

59 3249 233 3312 effundere
255 3248 356 3310 debet
379 3249 521 3328 gratiam
543 3246 834 3310 sanctificantem:
862 3249 955 3328 atqui
972 3269 1037 3309 non
1055 3258 1165 3328 potest

59 3351 299 3413 convenienter
313 3348 500 3412 diffundere
527 3350 608 3411 illud
630 3350 720 3431 quod
745 3370 812 3410 non
837 3350 954 3426 habet;
993 3370 1072 3429 ergo
1088 3371 1164 3411 con·
1243 3376 1251 3387 ¹

58 3453 234 3515 venienter
257 3451 358 3513 debet
383 3450 553 3532 possidere
584 3450 726 3529 gratiam
754 3447 1030 3511 sanctificantem.
1055 3449 1163 3528 (Sunt.

64 3554 167 3617 Theol.
186 3571 203 3633 3
218 3573 251 3634 p.
267 3575 297 3634 q.
315 3568 344 3632 7,
360 3573 387 3614 a.
409 3553 448 3634 1).

104 3703 175 3770 142.
219 3686 406 3752 Corollaria.
447 3687 504 3766 (A)
518 3684 1034 3765 Clzrr'stnslradnitplanitndinem
1042 3686 1164 3765 gratia

59 3813 124 3854 nan
139 3792 243 3853 salum
260 3789 442 3864 relativam,
458 3798 496 3850 nt
509 3789 572 3849 alii
585 3788 698 3863 santii,
714 3787 773 3847 red
785 3787 882 3847 etiam
898 3787 1086 3850 absolutam.

104 3892 246 3974 Duplex
273 3891 440 3974 siquidem
464 3891 682 3969 distinguitur
705 3890 880 3970 plenitudo
895 3891 1037 3970 gratiae:
1077 3892 1165 3971 prior

59 3996 209 4069 relativa,
224 3999 290 4076 qua
305 3996 380 4076 quis
401 4014 536 4056 omnem
561 3995 704 4074 gratiam
728 3993 877 4074 possidet
899 4013 999 4073 quam
1028 3993 1163 4072 requirit

58 4099 132 4180 ejus
144 4099 295 4161 conditio
307 4107 341 4160 et
354 4107 470 4171 statuS,
482 4105 516 4157 ct
528 4097 559 4156 in
571 4096 634 4157 hoc
647 4116 745 4157 sensu
758 4095 853 4156 multi
868 4093 974 4158 sancii
988 4094 1067 4158 dicti
1085 4107 1163 4158 sunt

94 4281 103 4304 ¹
104 4273 174 4342 Jaa.
193 4273 214 4338 l,
230 4286 273 4336 145
290 4271 357 4322 Luc.
372 4272 421 4331 lV,
438 4288 458 4323 r.
474 4302 508 4308 -
521 4269 648 4323 2Homil.
666 4272 705 4324 lV
718 4289 802 4341 super
817 4272 921 4325 ›nissus
936 4277 987 4325 est.
