2684 4634
129 186 196 236 200
586 183 727 235 CAPUT
743 184 768 232 1.

124 361 405 432 pronuntiarentur:
426 377 461 417 ex
483 361 541 418 hoc
562 371 661 419 autern
686 360 825 418 concludi
848 357 952 430 nequit
971 357 1036 414 illos
1055 353 1225 426 mysterium

123 446 275 503 Trinitatis
290 447 439 516 ignorasse
453 447 498 503 vel
512 464 645 518 negasse,
660 448 713 506 sed
726 447 822 504 solum
836 447 916 518 ipsos
929 442 1077 501 inhabiles
1089 441 1181 498 fuisse
1189 439 1225 496 ad

122 533 253 605 persedte
267 532 490 591 conciliandum
504 533 578 592 illud
592 535 703 606 dogma
715 552 784 591 cunr
799 531 1010 606 philosophia¹.

158 622 204 678 Ita
218 622 315 678 forsan
329 619 478 677 conciliari
495 631 619 692 possunt
633 640 668 680 ea
681 639 749 693 quae
761 620 901 678 Petamus
913 618 1029 690 scripsit
1042 617 1081 676 de
1094 615 1156 674 fide
1176 615 1224 670 Pa-

122 718 199 766 trum
214 708 508 766 Ante-Nicaenorum.
548 710 585 766 In
596 726 721 780 corpore
731 708 829 780 operis
840 708 870 778 (l.
885 708 909 773 l,
924 725 949 764 c.
963 706 1022 778 3-5)
1032 704 1140 762 asserit
1152 703 1223 760 mul·

122 807 219 855 torum
232 796 408 864 doetrinam,
423 796 527 853 saltem
539 797 674 867 loquendi
685 815 747 862 usu,
763 797 930 866 discrepare
942 812 960 851 a
973 791 1133 852 Catholici
1145 809 1225 862 regu-

122 884 159 951 la,
174 900 210 939 eo
224 882 294 952 quia
309 881 569 953 Philosophorum,
585 883 747 954 praesertim
762 882 992 951 Platonicorum,
1006 879 1116 952 placita
1126 877 1224 936 catha·

122 968 185 1024 licis
199 968 389 1039 dogmatibus
403 968 544 1040 adaptare
559 969 614 1025 nisi
628 979 708 1040 sunt3
728 969 768 1026 ita
781 968 862 1033 dicit,
878 967 1043 1025 secundum
1056 965 1222 1040 sustiuma,

122 1055 229 1111 Filium
244 1072 308 1112 esse
322 1055 468 1112 minorem
483 1055 577 1124 Patre,
593 1056 691 1112 Deum
705 1054 922 1124 secundarium,
941 1053 1018 1110 Patri
1037 1071 1074 1110 ac
1093 1052 1225 1109 Domino

121 1141 291 1212 subjectum
305 1142 430 1212 ejusque
442 1142 586 1199 voluntati
600 1143 790 1213 servientem,
810 1142 974 1200 secundum
994 1141 1222 1211 Athenagoram,

123 1228 254 1287 Verbum
269 1246 330 1285 non
344 1246 409 1286 esse
424 1229 502 1286 Patri
516 1239 710 1301 coaeternum,
727 1231 810 1300 juxta
827 1230 858 1286 Τ
852 1229 995 1294 alianum,
1012 1227 1147 1285 Verbum
1165 1244 1224 1283 non

122 1334 186 1373 esse
200 1326 389 1385 coaeternum,
405 1316 488 1373 seda
505 1316 659 1380 voluntate
680 1317 745 1386 Dei,
763 1326 905 1387 tanquam
925 1314 964 1373 ab
982 1315 1101 1387 opifice,
1118 1314 1224 1386 produ·

121 1403 219 1474 diuum
244 1405 325 1473 juxta
352 1398 495 1474 leeapla'l.
519 1403 661 1473 Auttacla,
685 1404 908 1474 generationem
933 1402 1023 1460 Verbi
1051 1419 1112 1459 non
1138 1401 1225 1458 fuisse

121 1499 273 1560 aeternam,
290 1491 372 1560 juxta
385 1490 541 1560 Irenaeum,
558 1491 656 1547 Deum
669 1492 784 1547 Patrem
797 1490 979 1561 Angelorum
991 1488 1155 1545 ministerio
1165 1506 1223 1544 non

120 1595 217 1648 egere,
233 1577 304 1647 quia
319 1576 410 1633 Filius
424 1586 453 1633 et
467 1577 593 1648 Spiritus
607 1577 634 1634 S.
673 1577 735 1649 Ipsi
755 1577 924 1635 ministrant
942 1586 997 1635 etc.
1038 1575 1180 1640 Aliunde,
1196 1575 1224 1630 in

122 1664 298 1723 Praesatione
320 1663 456 1734 ejusdem
483 1664 582 1735 operis
607 1665 740 1723 eruditus
765 1665 877 1734 audior,
905 1664 1021 1733 disertis
1047 1662 1224 1721 testimoniis

121 1751 295 1809 eorumdem
310 1752 440 1820 Patrum,
454 1751 586 1809 ostendit
600 1769 651 1808 eos
665 1769 769 1810 omnes
783 1751 932 1822 dogmatis
945 1759 1035 1823 caput
1048 1760 1078 1808 et
1090 1750 1224 1807 substan·

121 1839 191 1896 tiam
206 1839 300 1910 ipsam
315 1839 379 1895 sine
393 1838 451 1894 ulla
464 1837 531 1895 labe
544 1838 682 1896 tenuisse.
722 1838 860 1911 Jamvero
874 1838 939 1895 haec
952 1838 1022 1909 du0,
1039 1855 1108 1909 quae
1128 1836 1225 1908 primo

123 1926 230 1983 intuitu
244 1925 474 1983 contradietoria
488 1925 633 1991 videntur,
649 1936 692 1983 sat
707 1925 783 1983 bene
797 1925 1000 1995 conciliantur,
1017 1926 1041 1982 si
1054 1925 1226 1982 admittatur

121 2011 274 2071 distinetio
288 2012 423 2083 superius
437 2012 551 2069 tradita.

121 2100 159 2168 (c)
173 2097 298 2169 Aliquot
311 2098 447 2169 exempla
460 2115 620 2154 sumamus
660 2099 760 2155 Patres
774 2097 920 2167 nonnulli,
933 2108 965 2155 ut
979 2099 1008 2156 S.
1026 2099 1111 2170 Greg.
1122 2099 1224 2169 Nasse-

121 2202 183 2250 nus,
201 2183 344 2240 unitatem
364 2184 531 2240 divinarum
552 2202 743 2256 personarum
757 2185 920 2252 ¹conserunt
938 2203 1006 2242 cum
1026 2185 1140 2242 unitate
1159 2202 1225 2256 quae

121 2273 196 2328 inter
210 2280 267 2327 tres
281 2270 417 2327 homines
431 2270 552 2337 exsistit,
562 2280 592 2327 et
605 2270 647 2327 sic
658 2271 822 2329 tritheismo
832 2271 928 2330 lavere
937 2272 1086 2342 videntur;
1105 2272 1159 2330 sed
1170 2271 1225 2328 hac

120 2357 344 2429 comparatione
358 2366 481 2414 utuntur
494 2367 526 2414 ut
539 2359 733 2428 equalitatem
753 2376 946 2429 personarum
966 2359 1127 2428 inculcent,
1141 2377 1224 2432 sepo·

121 2445 176 2501 sita
190 2444 306 2501 interim
321 2444 492 2501 accuratiori
508 2445 700 2515 inquisitione
713 2446 751 2503 de
764 2447 868 2503 natural
881 2442 1080 2504 distinotionis
1091 2446 1167 2504 inter
1176 2465 1224 2504 eas

120 2530 245 2601 vigentis
251 2551 257 2596 ;
277 2529 322 2585 vel
336 2529 443 2597 forsan,
459 2528 657 2600 philosophiae
672 2529 829 2600 platonicae
842 2530 930 2586 nimis
944 2528 1129 2600 inhaerentes,
1144 2540 1225 2601 puta-

121 2628 188 2675 runt
201 2617 330 2688 plurium
345 2616 502 2673 hominum
517 2626 650 2673 naturam
666 2635 697 2675 re
710 2627 739 2674 et
753 2635 878 2675 numero
891 2635 955 2675 esse
968 2635 1069 2674 unam.

121 2705 162 2774 (d)
176 2703 307 2775 Quidam
324 2704 399 2760 inter
413 2704 514 2760 Patres
528 2704 763 2761 Ante-Nicaenos
776 2705 915 2762 videntur
927 2704 1124 2763 aeternitatem
1138 2723 1225 2776 gene-

120 2792 241 2848 rationis
255 2791 347 2848 Verbi
361 2809 481 2862 negare;
500 2791 610 2848 adhoc
624 2792 845 2862 explicandum,
857 2793 1014 2852 sciendum
1025 2803 1069 2851 est
1079 2794 1225 2865 triplicem

120 2878 341 2949 generationem
356 2877 447 2935 Verbi
462 2895 479 2934 a
494 2877 631 2935 Patribus
647 2879 789 2949 distingui
804 2901 810 2936 :
831 2880 965 2951 primam,
982 2880 1043 2951 qua
1056 2881 1191 2952 procedit
1209 2900 1226 2938 a

121 2971 216 3033 Patre,
227 2979 255 3025 et
269 2968 333 3025 haec
347 2968 470 3039 quidem
483 2979 592 3025 aeterna
606 2978 662 3036 est;
681 2970 853 3041 secundam,
865 2971 925 3042 qua
938 2970 1071 3028 Verbum
1084 2971 1225 3029 constitu-

120 3057 182 3112 tum
197 3055 250 3111 suit
263 3063 378 3111 creator
392 3055 505 3123 mundi,
522 3073 575 3112 seu
589 3055 705 3112 initium
725 3056 837 3113 viarum
859 3057 1009 3128 Domini23
1028 3057 1145 3115 tertiam
1165 3059 1226 3129 qua

119 3143 251 3200 Verbum
267 3161 336 3198 caro
351 3143 462 3198 sactum
476 3152 537 3199 est:
557 3143 688 3212 jamvero
703 3144 825 3214 quando
837 3145 937 3202 Patres
948 3145 1226 3216 dicuntgeneratio·

120 3248 189 3287 nem
206 3229 293 3286 Verbi
308 3238 531 3300 temporaneam
552 3247 625 3299 esse,
641 3230 816 3301 plerumque
835 3230 1020 3303 interpretari
1040 3241 1167 3302 possunt
1187 3232 1225 3290 de

121 3318 254 3376 secunda
267 3319 312 3375 vel
327 3317 411 3375 tertia
424 3318 623 3389 generatione,
640 3319 753 3376 nonde
769 3319 869 3390 prima.

121 3407 159 3475 (e)
173 3405 305 3476 Quidam
318 3405 425 3476 pariter
437 3396 577 3461 dicunt'F
580 3404 661 3461 ilium
676 3405 768 3462 Patris
782 3406 929 3463 mandatis
942 3405 1119 3464 obedivisse.
1160 3407 1223 3464 Ad-

154 3595 163 3626 ¹
179 3595 234 3648 Hic
248 3595 274 3647 in
289 3595 457 3648 memoriam
471 3611 572 3647 revoca
585 3611 620 3648 ea
633 3612 696 3664 quae
710 3596 873 3663 scripsimus
886 3597 922 3650 de
937 3597 1089 3663 Progressu
1104 3597 1223 3666 dogma·

119 3693 186 3747 tum,
200 3691 227 3734 et
241 3682 277 3736 de
290 3681 390 3749 triplici
404 3682 505 3745 stadia,
523 3682 599 3750 quod
613 3683 641 3734 in
656 3699 751 3736 eorum
765 3683 952 3751 explicatione
966 3683 1101 3753 distingui
1121 3693 1224 3754 potest.

120 3769 175 3837 (De
190 3770 264 3835 Fr'rle,
279 3786 306 3823 n.
323 3768 378 3835 88.)
1207 3751 1214 3764 ’

153 3866 162 3888 ²
177 3855 223 3908 Sic
237 3875 261 3908 v.
276 3874 301 3924 g.
323 3855 519 3908 Tertullianus
532 3854 568 3920 (c.
587 3857 663 3909 Prax.
678 3873 702 3910 c.
721 3870 734 3924 5
749 3856 803 3926 sq.)
816 3857 941 3911 Verbum
955 3857 1116 3912 considerat
1137 3868 1165 3912 ut
1186 3860 1223 3913 ab

119 3954 223 3997 aeterno
236 3945 370 4010 genitum,
384 3944 460 4013 quod
474 3944 622 3995 Rationem
636 3954 727 4008 vocat,
743 3953 770 3997 et
785 3943 889 3998 deinde
909 3953 938 3998 ut
957 3945 1168 4008 manifestatum
1188 3947 1224 4000 ad

118 4040 204 4092 extra,
212 4030 334 4100 illudque
344 4041 426 4084 vocat
436 4033 605 4083 Sermonem.
630 4028 740 4081 Exinde
749 4037 810 4079 orta
818 4038 861 4080 est
870 4025 1015 4081 distinctio
1024 4027 1097 4083 inter
1106 4029 1225 4082 Verbum

117 4119 244 4184 t'nsr'tum,
261 4116 340 4188 λόγον
355 4113 509 4179 ἐνδιάθετον,
526 4126 553 4169 et
574 4117 689 4168 Verbum
700 4115 891 4182 prolatitium,
909 4113 990 4182 λογον
1004 4111 1179 4185 προφορικόν,
1190 4117 1225 4170 de

117 4203 173 4274 qua
198 4219 273 4271 saepe
300 4202 329 4255 fit
356 4202 462 4254 mentio
488 4203 564 4270 apud
589 4204 686 4255 Patres
708 4218 824 4269 graecos
865 4201 907 4254 cf.
933 4201 1084 4265 Nemnmn,
1110 4201 1224 4280 Amans,

116 4306 143 4358 p.
163 4290 285 4356 roo-200.
