2684 4634
164 189 225 238 DE
244 189 412 240 HABITU
429 189 564 238 INTER
583 187 722 237 FIDEM
742 188 794 236 ET
812 187 1052 268 amomum.
1121 187 1159 238 77

47 366 107 438 piis
121 366 208 438 fidei,
223 385 294 425 curn
307 365 460 439 principiis
474 366 657 423 naturalibus
670 365 858 438 comparatis,
872 364 995 423 deducit
1007 363 1078 421 alias
1092 363 1163 421 veri·

48 464 136 524 tateS,
158 471 231 525 quae
252 454 460 512 conclusiones
483 452 660 524 theologicae
680 462 832 522 vocantur,
858 463 886 509 et
909 450 1068 522 theologiae
1088 450 1162 508 fines

50 542 235 600 extendunt.

87 629 138 697 (Β)
150 627 284 683 Easdem
297 627 330 684 ai
338 626 534 698 cataparativd
547 626 696 693 illustrat,·
713 625 782 684 licet
795 627 874 683 enim
885 627 1026 698 dogmata
1036 625 1163 683 revelata

51 714 204 772 rationem
217 714 372 784 excedant,
388 713 523 770 illustrari
537 723 663 785 possunt
676 713 820 784 analogiis
834 731 869 771 ex
882 713 970 771 rebus
982 711 1162 770 naturalibus

52 802 243 874 desumptis,
262 801 344 872 quod
358 800 480 872 quidem
494 800 630 858 Christus
644 801 708 871 ipse
726 801 806 867 iecit,
822 800 894 858 dum
914 800 1015 858 turbas
1034 801 1162 860 docebat

53 888 207 959 parabolis
221 897 251 944 et
264 886 507 944 similitudinibus
521 904 556 943 ex
569 885 657 943 rebus
670 887 793 944 terrenis
806 886 971 958 desumptis
979 907 987 959 3
1007 889 1046 946 ita
1060 889 1161 946 Eccle-

53 977 126 1032 siam
142 974 341 1047 comparabat
351 992 448 1045 grana
459 973 573 1045 sinapis
584 973 667 1044 quod
681 973 711 1030 iu
725 973 860 1033 arborem
875 975 990 1045 crescit,
1006 976 1052 1033 vel
1065 994 1158 1046 regna,

53 1073 102 1120 aut
115 1062 242 1131 civitati,
255 1062 301 1120 vel
314 1060 417 1131 daneaa‘,
436 1070 468 1118 ut
484 1060 592 1118 exinde
610 1060 717 1117 melius
736 1060 947 1131 intelligeretur
965 1062 1028 1133 ejus
1047 1073 1158 1120 natura.

56 1149 101 1205 Ita
111 1149 206 1206 etiam
218 1149 320 1205 Patres
329 1147 500 1219 mysterium
510 1146 726 1204 Incarnationis
739 1146 924 1205 illustrabant
937 1150 1161 1221 comparatione

55 1235 177 1292 unionis
190 1251 260 1306 quae
273 1233 349 1291 inter
361 1250 469 1304 corpus
481 1242 510 1290 et
524 1232 653 1289 animam
667 1232 771 1290 existit.

90 1321 152 1379 Sed
174 1320 297 1392 insuper
316 1320 390 1378 ratio
411 1319 616 1391 comparando
637 1318 775 1390 mysteria
791 1320 836 1377 ad
858 1319 995 1388 invicem,
1017 1332 1068 1379 aut
1091 1339 1161 1378 cum

56 1407 163 1465 ultimo
178 1407 239 1465 fine
251 1406 418 1477 hominum,
434 1406 578 1477 majorem
592 1405 817 1476 intelligentiam
837 1404 1071 1479 uniuscujusque
1089 1426 1161 1480 prae-

57 1492 121 1559 bet;
143 1493 188 1549 sic
201 1511 228 1549 v.
245 1510 272 1563 g.
289 1489 493 1562 comparando
506 1489 678 1563 mysterium
691 1489 845 1548 Trinitatis
858 1508 927 1547 cunr
942 1491 1159 1562 Incarnatione,

57 1578 164 1636 melius
177 1588 339 1650 utrumque
349 1576 541 1648 intelligimus
552 1599 559 1644 ;
578 1577 649 1634 item
660 1576 791 1647 cognitio
802 1577 931 1650 mysterii
941 1578 1042 1650 gratiae
1049 1578 1160 1649 aliquo-

56 1665 149 1723 modo
164 1665 291 1723 illustrat
304 1665 476 1736 mysterium
489 1661 643 1720 Trinitatis
657 1674 685 1721 et
699 1663 763 1722 vice
776 1666 880 1721 versa.¹

90 1753 140 1821 (C)
153 1750 223 1807 Eas
235 1751 267 1808 vi
276 1749 431 1821 syntaea'ea
443 1749 552 1820 colligit
561 1756 589 1806 et
605 1750 743 1807 ordinat:
762 1749 910 1823 siquidem
931 1750 1071 1822 dogmata
1090 1751 1160 1809 fidei

59 1855 117 1893 non
143 1837 275 1896 revelata
299 1851 368 1894 sunt
392 1838 448 1895 sub
474 1837 569 1895 sormi
593 1837 764 1909 scientifica,
789 1838 828 1895 ad
849 1838 940 1896 instar
962 1839 1160 1911 philosophici

58 1925 235 1997 systematis
251 1927 304 1984 sed
317 1926 409 1984 modo
422 1926 561 1996 historica,
578 1937 607 1983 et
619 1927 658 1984 ad
671 1926 762 1984 instar
777 1926 931 1984 sactorum.
971 1927 1108 1999 Jamvero
1121 1927 1160 1984 ad

59 2012 205 2070 rationem
221 2011 348 2084 pertinet
361 2031 396 2070 ea
409 2013 510 2070 omnia
523 2013 665 2083 dogmata
678 2013 860 2084 coordinare,
878 2030 913 2071 ex
928 2012 983 2070 illis
996 2013 1160 2071 conclusio·

58 2115 108 2156 nes
122 2099 285 2170 deducere,
301 2100 403 2158 omnia
415 2100 513 2172 logico
527 2099 631 2158 ordine
644 2119 793 2173 exponere
806 2119 841 2158 ac
860 2100 985 2172 probare
1003 2112 1032 2159 et
1051 2119 1086 2159 ex
1103 2101 1159 2158 illis

59 2202 160 2242 veram
172 2184 328 2244 scientiam
341 2187 488 2245 conficere
501 2204 569 2260 quae
581 2187 688 2245 merito
701 2188 824 2247 scientia
843 2187 1012 2258 theologica
1030 2197 1158 2246 vocatur.

59 2272 216 2341 (DeFent.
232 2273 314 2331 theol.
330 2290 357 2330 n.
373 2276 429 2346 75.)
466 2344 468 2349 Ι

90 2360 143 2430 (D)
157 2360 296 2417 Tandem
308 2378 356 2416 eas
366 2361 498 2418 veritates
510 2360 636 2432 defendit
646 2367 745 2418 centra
758 2361 973 2434 impugnatores
979 2383 992 2428 ,·
1010 2361 1159 2433 siquidem

59 2456 162 2502 contra
174 2445 333 2503 incredulas
345 2447 419 2505 ratio
431 2447 563 2506 ostendit
576 2447 714 2519 mysteria
726 2458 825 2505 nostra
838 2465 902 2506 esse
915 2447 1038 2519 quidem
1058 2467 1155 2520 supra,

60 2531 109 2589 sed
130 2549 194 2589 non
216 2542 320 2590 eontra
341 2532 495 2605 rationem,
519 2533 580 2592 imo
600 2551 665 2592 esse
686 2534 930 2594 demonstrabilia
952 2553 1012 2592 non
1036 2536 1158 2606 quidem

60 2617 227 2689 intrinsece,
241 2619 295 2677 sed
307 2619 470 2690 extrinsece,
486 2638 522 2678 ex
534 2619 704 2678 testimonio
719 2620 793 2692 Dei,
812 2630 953 2692 praeterea
972 2620 1159 2678 difficultates

60 2706 143 2765 solvit
156 2726 174 2766 e
187 2706 319 2765 scientiis
331 2708 525 2766 rationalibus
539 2709 740 2781 depromptas
757 2706 946 2765 ostendendo
959 2724 1008 2764 eas
1021 2706 1066 2764 vel
1086 2707 1159 2764 salso

61 2793 108 2849 niti
135 2792 347 2866 fundament0‚
372 2793 419 2850 vel
443 2794 548 2852 saltem
573 2802 779 2864 argumentum
803 2808 912 2862 cogens
934 2809 994 2847 non
1017 2790 1156 2862 praebere.

10 2872 26 2921 Ι
61 2877 171 2936 Contra
196 2878 394 2936 Protestantes
417 2880 600 2938 ethareticas
624 2880 654 2936 in
679 2896 795 2950 genere,
820 2878 903 2948 rati0,
931 2877 1159 2935 hermeneuticae

59 2966 165 3037 regulis
186 2975 282 3037 utem,
300 2967 458 3024 ostendere
478 2976 575 3039 potest
595 2966 653 3024 tale
674 2966 721 3022 vel
741 2964 798 3022 tale
818 2965 929 3033 dogma
949 2959 1038 3020 fuisse
1055 2982 1073 3020 a
1093 2964 1160 3021 Deo

59 3053 236 3121 revelatum;
257 3053 317 3110 imo
336 3064 440 3111 contra
458 3053 603 3125 quosdam
622 3052 758 3110 auctores
776 3049 950 3120 catholicos,
967 3050 1016 3121 qui
1036 3067 1158 3125 sensum

58 3139 234 3212 dogmatum
254 3151 432 3212 pervertunt,
446 3142 520 3199 ratio
540 3150 638 3213 potest
657 3140 859 3198 demonstrare
879 3153 981 3194 eorum
1001 3136 1158 3208 opiniones

10 3272 12 3277 .
58 3244 120 3284 esse
133 3245 151 3284 a
165 3244 256 3285 sensu
270 3229 299 3285 S.
314 3227 419 3299 Sempt.
434 3228 552 3300 alienas,
570 3239 598 3287 et
611 3227 754 3287 doctrinis
766 3227 826 3297 Jam
840 3223 969 3283 definitis
982 3224 1143 3295 oppositas.

91 3353 148 3417 158.
192 3344 277 3403 Fides
289 3344 375 3402 etiam
388 3345 548 3403 maximam
567 3355 645 3419 opem
666 3343 778 3402 ratt'aai
788 3350 961 3415 praestata
977 3341 1087 3413 queitem
1106 3340 1157 3398 tri-

10 3432 22 3509 '2
50 3432 124 3502 plt'ce'
128 3432 295 3503 prasertim
309 3432 389 3488 mado
398 3452 409 3488 .·

88 3519 140 3589 (A)
153 3517 310 3574 Rationem
324 3516 424 3574 multet
435 3519 580 3576 erroribus
592 3520 712 3586 liberat·
731 3517 880 3589 siquidem
899 3515 983 3588 fides,
999 3515 1157 3574 infallibili-

52 3614 97 3662 ter
109 3603 347 3661 condemn'and'o
359 3605 506 3675 quosdam
517 3625 628 3666 errores
639 3625 700 3665 non
710 3606 806 3664 'solum
815 3604 998 3677 theologicos
1007 3603 1060 3661 sed
1068 3604 1157 3661 etiam

89 3769 97 3792 ¹
119 3762 187 3828 Quo
205 3769 300 3814 autem
318 3756 416 3827 spiritu
434 3759 497 3810 haec
516 3756 680 3824 dogmatum
701 3754 886 3824 intelligentia
904 3755 940 3808 sit
958 3754 1157 3823 comparanda,

53 3849 163 3916 optime
176 3846 302 3900 declarat
322 3846 351 3898 S.
366 3845 527 3909 Anteiam,
541 3842 679 3911 (Proslog.
696 3859 719 3896 c.
737 3842 761 3909 1)
776 3860 781 3895 :
806 3841 822 3868 ‘⁴
833 3843 900 3896 Non
918 3853 1005 3906 tento,
1025 3841 1157 3908 Domine,

54 3943 205 4003 penetrare
217 3931 395 3986 altitudinem
413 3942 500 3997 tuam,
514 3929 580 3998 quia
598 3931 758 3985 nullatenus
777 3946 910 3998 comparo
928 3930 967 3982 illi
985 3928 1157 3983 intellettum

54 4037 168 4089 meum;
195 4020 245 4074 sed
267 4018 399 4074 desidero
421 4019 599 4088 aliquatenus
619 4017 775 4086 intelligere
795 4018 943 4071 veritatem
964 4027 1049 4083 tuam,
1071 4032 1156 4085 quam

54 4109 146 4164 credit
159 4118 188 4162 et
200 4117 278 4162 amat
291 4123 339 4160 cor
350 4123 454 4162 meum.
497 4106 597 4175 Neque
609 4105 685 4159 enirn
698 4121 793 4174 quaero
807 4103 971 4173 intelligere,
985 4113 1014 4156 ut
1028 4104 1155 4169 credam3

54 4197 107 4252 sed
120 4195 215 4260 credo,
229 4207 258 4250 ut
271 4193 442 4264 intelligam:
462 4209 529 4248 nam
548 4204 576 4248 et
594 4193 648 4248 hoc
667 4192 761 4260 credo,
773 4192 840 4264 quia
858 4192 912 4247 nisi
931 4191 1086 4259 credidero,
1099 4208 1156 4246 non

53 4282 238 4351 intelligam.”
