2684 4634
120 186 187 236 564
563 185 701 237 CAPUT
719 185 779 234 111.

118 368 204 430 inter
215 367 358 431 leomioes
374 368 459 450 eligi,
470 379 507 432 ut
524 372 629 451 possit
645 391 716 433 esse
732 369 829 432 simul
845 370 918 432 Deo
935 379 1050 450 gratus
1067 379 1104 431 et
1120 367 1220 430 homi·

117 471 213 533 nibus
230 473 459 552 compatiens:
483 474 632 537 “Omnis
650 494 793 556 namque
817 473 968 554 pontifex
985 495 1027 535 ex
1039 472 1221 534 hominibus

117 585 315 656 assumptus,
333 596 392 657 pro
409 576 599 639 hominibus
616 577 879 640 constituitur...
898 597 957 638 nec
973 577 1157 656 quisquam
1173 595 1217 635 su-

118 679 179 740 mit
195 679 256 740 sibi
272 680 443 754 honorem,
459 681 518 744 sed
542 681 598 761 qui
617 691 790 757 ¹vocatura
806 681 874 743 Deo
883 681 898 707 ’¹
913 693 934 744 1.
982 674 1041 764 (b)
1059 679 1217 740 Mediato-

59 833 62 838 .
117 781 165 842 ris
179 781 314 863 officium
331 803 494 859 exercere,
505 785 628 846 scilicet
640 784 742 846 veluti
760 785 888 846 medius
904 793 991 846 stare
1009 783 1099 844 inter
1113 782 1214 843 Deum

118 894 151 947 et
167 885 317 949 homines
334 889 375 950 ad
395 889 504 951 Deum
522 889 732 969 placandum,
744 899 778 951 et
794 891 835 952 ad
854 888 1082 970 impetrandas
1101 887 1214 967 gratias

118 988 161 1050 ab
185 991 257 1069 ipso
280 1011 340 1070 pro
362 991 572 1054 hominibus:
596 992 835 1055 “constituitur
858 993 891 1053 in
916 992 954 1053 iis
977 1011 1055 1071 quae
1079 987 1213 1052 suntad

119 1092 229 1155 Deum
243 1095 289 1156 ''2.
335 1095 383 1176 (c)
402 1094 607 1177 Sacrificium
624 1097 806 1177 praesertim
823 1095 892 1158 Deo
907 1094 1047 1156 offerre:
1064 1098 1081 1125 “
1093 1102 1131 1154 ut
1146 1090 1214 1154 olle·

119 1204 168 1257 rat
180 1197 273 1257 'dona
289 1206 323 1259 et
337 1198 534 1280 saerz'Jtez'ez'’;
551 1209 585 1262 et
602 1201 680 1263 illud
698 1199 893 1263 sacrificium
906 1199 1008 1261 debet
1021 1217 1094 1259 esse
1105 1195 1214 1259 efficax

118 1297 282 1360 adDeum
296 1300 527 1365 honorandum
539 1303 756 1384 hominesque
773 1301 1029 1366 sanctificandos
1045 1324 1051 1364 :
1069 1300 1214 1362 sacerdos

118 1398 206 1458 enim
223 1398 311 1460 bona
327 1400 439 1462 divina
455 1401 644 1464 hominibus
660 1388 853 1484 dispensare
869 1405 975 1467 debet.

161 1546 230 1610 244.
284 1549 316 1597 1⁰
337 1537 367 1598 T
363 1537 453 1599 lteris.
503 1537 660 1615 Christm,
677 1550 715 1601 ut
727 1540 819 1602 homo
835 1541 956 1618 Densa,
972 1551 1020 1604 est
1042 1540 1216 1621 Supremos

119 1637 274 1723 Pontifex
296 1659 352 1702 seo
379 1639 541 1704 Sacerdos.
596 1643 648 1705 De
664 1642 736 1723 fide
761 1653 872 1706 estex
896 1644 929 1708 C.
954 1644 1118 1725 Ephesino
1145 1641 1215 1704 defi-

120 1741 232 1803 niente
248 1747 263 1773 “
277 1741 445 1806 Christum
455 1745 639 1827 pontificem
663 1759 697 1809 et
720 1747 908 1828 apostolum
929 1747 1150 1810 confessionis
1165 1765 1215 1808 no·

120 1855 196 1906 strae
214 1843 336 1908 sactum
354 1867 426 1908 esse
438 1849 453 1872 '³
471 1848 643 1929 (Deneiog.
661 1870 689 1911 n.
708 1849 770 1930 82).

166 1943 231 2034 (A)
259 1949 374 2031 script.
421 1951 471 2032 (a)
486 1952 562 2032 Jam
588 1952 619 2012 in
647 1951 710 2014 Vet.
733 1953 763 2014 Τ
761 1962 813 2016 est.
831 1953 982 2017 Christus
1004 1955 1218 2017 annuntiatus

122 2051 227 2114 fuerat
250 2062 287 2115 ut
313 2056 487 2116 sacerdos:
512 2056 668 2135 “Juravit
697 2056 863 2119 Dominus
891 2067 925 2120 et
951 2077 1017 2119 non
1048 2055 1219 2138 poenitebit

121 2176 218 2236 eum;
249 2169 285 2219 tu
314 2178 348 2218 es
375 2158 518 2219 sacerdos
546 2159 578 2219 in
606 2160 847 2237 aeternum''4;
878 2160 929 2241 (b)
957 2161 997 2223 In
1024 2161 1111 2223 Noo.
1145 2160 1220 2222 Test.

122 2260 155 2322 S.
173 2260 293 2321 Paulus
316 2262 524 2323 demonstrat
541 2262 710 2324 Christum
727 2283 799 2325 esse
815 2283 1006 2345 supremum
1025 2261 1220 2326 Pontificem

123 2363 228 2423 Novae
257 2363 382 2443 Legis:
405 2364 608 2426 “Habentes
636 2385 715 2446 ergo
744 2367 939 2429 Pontificem
968 2388 1145 2449 magnum,
1169 2367 1220 2447 qui

123 2468 307 2548 penetravit
331 2467 652 2548 coe10s‚Jesum”s:
684 2469 840 2532 describit
864 2471 951 2532 enim
976 2472 1083 2533 varias
1113 2470 1222 2532 condi-

122 2572 229 2634 tiones
241 2572 359 2651 quaein
371 2573 540 2634 sacerdote
553 2571 790 2648 desiderantur,
801 2575 1012 2655 ostenditque
1025 2595 1080 2636 eas
1092 2592 1223 2636 summo

123 2674 225 2753 gradu
245 2673 276 2733 in
294 2672 425 2734 Christo
442 2673 588 2748 inveniri,
605 2686 641 2735 ut
658 2695 701 2735 ex
719 2676 846 2736 ratione
863 2676 1050 2758 theologica
1066 2678 1203 2757 patebit.

170 2772 235 2861 (B)
250 2777 327 2838 Καί.
340 2776 427 2837 tleeol.
476 2776 538 2838 Ille
554 2787 604 2839 est
616 2798 692 2839 vere
709 2781 871 2856 sacerdos,
884 2782 940 2861 qui
956 2782 1168 2843 conditiones
1184 2780 1223 2842 ad

124 2881 344 2942 sacerdotium
363 2880 535 2959 requisitas
552 2879 696 2960 persedte
713 2871 889 2963 adimplet,
906 2886 996 2965 atqui
1014 2885 1060 2946 ita
1076 2886 1121 2946 de
1135 2884 1224 2948 Chri·

124 2993 194 3060 sto;
218 3004 293 3044 nam
312 2983 361 3063 (a)
378 2982 501 3046 electus
517 2994 550 3045 et
566 2986 806 3064 vocatussue'to
818 2987 894 3062 Deo,
905 2987 1005 3068 juxta
1022 2987 1125 3050 illud:
1144 2987 1224 3059 “Sic

124 3099 157 3150 et
175 3088 324 3150 Christus
347 3107 412 3148 non
435 3089 650 3168 semetipsum
676 3088 866 3151 clarificavit
889 3101 926 3154 ut
950 3091 1108 3154 Pontifex
1126 3091 1224 3164 fieret,

124 3193 181 3253 sed
200 3192 253 3271 qui
272 3190 399 3252 locutus
417 3201 466 3252 est
484 3192 525 3252 ad
542 3211 617 3252 eum
632 3191 672 3234 ”⁶
687 3214 694 3268 ;
719 3202 751 3253 et
770 3214 808 3253 ex
822 3192 1005 3257 hominibus
1021 3195 1083 3258 fuit
1100 3215 1224 3258 assum-

125 3308 210 3378 ptuS,
228 3305 263 3357 ut
280 3306 391 3376 posset
408 3297 528 3357 nostris
549 3294 794 3358 infirmitatibus
812 3297 1002 3378 compati7;
1026 3295 1076 3376 (b)
1102 3296 1224 3357 media-

125 3403 203 3465 toris
228 3400 369 3463 officium
394 3400 550 3474 exercuit,
567 3401 644 3480 quia
668 3422 728 3462 nos
752 3422 824 3463 cum
850 3404 946 3463 Patre
969 3400 1224 3473 reconcilianti,

160 3611 168 3633 ¹
182 3605 267 3656 Hebe.
284 3605 318 3666 V,
338 3618 357 3669 1,
375 3621 400 3671 4.
419 3632 450 3638 —
463 3601 472 3630 ²¹
485 3602 571 3653 Hebe.
588 3601 623 3667 V,
639 3619 660 3655 1.

159 3690 303 3745 ³Christus
318 3708 373 3743 non
387 3689 437 3742 fuit
452 3690 584 3742 sacerdos
598 3690 752 3743 secundum
767 3688 893 3743 divinam
906 3699 1045 3753 naturam,
1057 3689 1125 3758 quia
1139 3705 1225 3743 sacer-

126 3783 176 3833 dos
191 3781 275 3833 debet
288 3796 375 3845 orare,
390 3790 416 3831 et
431 3779 569 3831 mediator
588 3795 650 3830 esse
670 3779 742 3830 inter
763 3780 855 3830 Deum
869 3789 896 3831 et
910 3778 1056 3830 homines:
1077 3794 1162 3845 porro
1176 3777 1226 3827 hoc

125 3869 216 3920 facere
231 3866 361 3934 nequibat
376 3865 429 3918 nisi
444 3865 595 3919 secundum
614 3875 741 3917 naturam
761 3866 933 3929 humanam3
952 3864 1066 3918 aliunde
1079 3864 1159 3916 valor
1172 3862 1225 3915 infi-

126 3957 200 4008 nitus
214 3954 273 4020 ejus
286 3955 435 4007 sacerdotii
450 3953 578 4006 sacrificii
593 3970 609 4004 a
623 3953 769 4006 divinitate
783 3953 920 4021 procedit,
940 3953 1014 4006 unde
1033 3962 1076 4005 est
1096 3952 1226 4006 sacerdos

125 4053 206 4112 prout
220 4044 303 4094 homo
319 4043 404 4094 Deus.
444 4043 486 4093 Ex
500 4058 555 4108 quo
570 4040 694 4108 sequitur
708 4057 772 4094 eum
786 4040 961 4093 sacerdotem
975 4039 1062 4093 fuisse
1072 4039 1134 4108 jam
1147 4056 1164 4092 a
1177 4038 1225 4106 pri-

125 4148 172 4183 mo
186 4130 300 4182 instanti
317 4128 531 4181 incarnationis.

159 4217 228 4269 ⁴Ps.
247 4216 320 4281 CIX,
334 4230 357 4280 4,
372 4246 406 4252 --
418 4214 428 4244 ⁵
442 4216 525 4268 Hebe.
547 4216 595 4277 IV,
615 4230 652 4279 14.
668 4246 701 4252 —
717 4209 825 4266 ⁶Hebr.
841 4215 875 4281 V,
895 4226 917 4281 5.
934 4245 968 4252 -
981 4210 991 4242 ⁷
1006 4213 1091 4267 Hebr.
1109 4215 1144 4281 V,
1159 4231 1181 4267 2.
1196 4244 1225 4251 -·

124 4303 249 4372 ⁸Eplzes.
269 4304 408 4371 II,14-15.
