2684 4634
341 191 397 240 DE
415 191 635 241 MYSTERIO
654 192 998 244 REDEMPTIONIS.
1154 191 1235 249 559'

114 369 264 447 inferno;
288 391 365 433 narn
383 371 437 434 isti
449 372 576 435 nullum
595 374 758 437 influxum
772 377 887 456 gratiae
901 377 1064 440 aChristo
1078 377 1220 458 amplius

115 474 271 554 accipere
287 485 435 554 possunt.

161 619 232 699 236.
281 633 316 700 30
329 621 479 685 Christus
496 633 546 685 est
561 634 658 702 caput
671 622 881 704 Angelorum,
893 627 1002 689 minus
1020 636 1132 690 tamen
1147 648 1220 708 per·

117 719 206 784 seete
223 740 324 803 quarn
341 725 522 787 hominum.
571 727 739 789 Probatur.

166 822 233 910 (A)
255 826 370 907 Script.
417 828 549 891 Dicitur
564 830 652 891 enirn
669 832 711 892 de
729 831 862 895 Christo
877 844 907 893 ¹:
940 832 1037 913 “Qui
1054 842 1104 896 est
1121 814 1221 915 caput

118 929 232 989 omnis
248 929 453 1010 principatus
469 940 502 994 et
518 934 693 1012 potestatis
707 933 730 1005 ”,
752 934 877 995 scilicet
900 935 1049 996 omnium
1074 935 1221 1015 Angelo-

120 1052 204 1106 rum,
221 1041 259 1094 ut
274 1038 368 1113 patet
383 1054 427 1095 ex
445 1045 605 1097 contextu
623 1046 656 1097 et
671 1037 750 1097 locis
768 1036 941 1116 parallelis,

165 1133 228 1214 (B)
248 1134 430 1198 Rau-theol.
478 1136 629 1199 Christus
645 1139 743 1212 enim,
760 1140 860 1200 etiam
878 1139 980 1200 relate
1004 1139 1045 1200 ad
1065 1140 1222 1219 Angelos

113 1237 225 1299 habet
237 1238 348 1319 aliquo
360 1259 459 1302 sensu
472 1259 588 1301 omnes
601 1242 808 1302 conditiones
820 1242 994 1322 requisitas
1006 1251 1042 1303 ut
1053 1243 1095 1303 sit
1108 1255 1220 1303 eorum

122 1349 225 1420 caput
243 1364 250 1402 ι
284 1362 360 1403 nam
378 1341 428 1422 (a)
446 1342 573 1405 ratione
590 1345 719 1404 unionis
737 1345 958 1426 hypostaticae
976 1345 1116 1425 Angelis
1141 1365 1221 1424 prae·

123 1446 266 1520 eminet3
290 1444 340 1525 (b)
354 1445 513 1524 majorem
530 1447 771 1527 plenitudinem
789 1449 905 1529 gratiae
922 1469 1022 1528 quarn
1040 1449 1102 1528 ipsi
1119 1448 1222 1529 possi-

123 1549 199 1623 det;
232 1549 280 1630 (c)
296 1559 328 1610 et
345 1550 481 1611 tandem
498 1551 530 1611 in
548 1568 604 1612 eos
622 1551 765 1612 infundit
782 1571 847 1612 non
866 1552 1000 1630 quidem
1024 1551 1165 1630 gratiam
1191 1559 1223 1610 et

124 1651 265 1730 gloriam
294 1652 514 1728 essentialem,
540 1655 597 1715 scd
623 1653 763 1733 gloriam
793 1653 1042 1728 accidentalem,
1074 1662 1110 1714 ut
1140 1653 1223 1713 infra

124 1755 169 1834 (n.
187 1768 206 1815 2
213 1755 265 1836 54)
281 1755 448 1833 dicemus3
472 1776 558 1836 ergo.

159 1852 282 1912 Christo
295 1853 382 1924 igitur
395 1856 532 1911 uniamur
545 1856 620 1912 sicut
640 1856 773 1913 membra
795 1854 884 1926 capiti
897 1877 903 1922 ;
927 1870 994 1911 curn
1009 1855 1113 1910 horrore
1127 1871 1223 1925 prose·

125 1957 262 2011 quamur‚
278 1958 371 2012 quum
385 1942 421 1998 sit
436 1943 651 2014 primogenitus
665 1945 695 2000 in
709 1943 808 1999 multis
823 1942 984 2009 fratribus,
1003 1943 1066 2013 ejus
1085 1959 1223 2013 superna-

125 2029 249 2086 turalem
274 2028 478 2087 excellentiam
502 2048 709 2100 agnoscamus,
723 2031 867 2088 adeuntes
887 2047 955 2087 cum
968 2029 1081 2099 fiducia
1095 2029 1133 2085 ad
1148 2029 1224 2085 thro-

124 2133 198 2172 num
216 2116 326 2186 gratiae,
339 2127 372 2173 ut
385 2117 618 2174 misericordiam
632 2135 859 2188 consequamur,
875 2135 943 2172 nam
957 2126 986 2173 et
1000 2117 1064 2187 ipse
1084 2117 1112 2172 in
1133 2116 1224 2171 corda

124 2213 226 2260 nostra
238 2204 338 2274 gratiae
351 2214 380 2262 et
398 2204 550 2276 sapientiae
564 2205 716 2262 thesauros
732 2205 887 2262 infundere
901 2205 1049 2262 desiderat
1061 2228 1067 2272 ;
1087 2204 1140 2261 sed
1154 2221 1223 2275 prae-

124 2292 225 2349 sertim
239 2291 278 2349 ah
292 2293 357 2365 ipso
370 2301 476 2350 rnatum
489 2294 680 2365 accipiamus,
694 2294 751 2350 hoc
765 2305 817 2363 est,
832 2295 860 2350 in
876 2293 1015 2350 omnihus
1029 2293 1144 2351 actibus
1164 2311 1224 2349 nou
1265 2341 1267 2345 .
1297 2364 1302 2374 .

123 2375 229 2445 spiritu
253 2376 366 2445 mundi,
380 2395 435 2434 nec
455 2377 558 2448 spiritu
581 2377 707 2448 propri0,
730 2379 782 2435 sed
806 2376 915 2447 Spiritu
935 2375 1045 2434 Christi
1066 2378 1224 2441 ducaunu·;

123 2479 196 2517 nam
212 2462 341 2534 “siquis
356 2464 497 2536 Spiritum
512 2464 621 2523 Christi
636 2464 806 2531 nonhabet,
823 2465 946 2523 hicnon
961 2475 1004 2522 est
1018 2466 1081 2536 ejus
1092 2464 1132 2520 '''·'.

453 2613 499 2670 11.
519 2614 573 2672 De
598 2613 753 2674 Christo
774 2614 902 2681 Reges

167 2765 239 2834 237.
291 2769 322 2818 1⁰
341 2757 448 2838 Regia
465 2767 613 2838 potestas
630 2768 679 2819 est
697 2756 836 2819 facultas
853 2776 1008 2836 suprema
1025 2756 1176 2817 homines
1193 2758 1224 2817 in

125 2860 287 2921 societate
298 2860 469 2923 ordinatos
485 2862 525 2921 ad
540 2859 638 2921 finem
657 2880 867 2921 communem
881 2859 1053 2939 dirigendi.
1088 2860 1225 2939 Duplex
1288 2854 1289 2858 ’

125 2972 203 3026 est:
228 2963 419 3042 temporalis,
435 2983 510 3043 quae
527 2963 677 3025 subditos
696 2965 809 3043 dirigit
833 2965 874 3024 ad
896 2963 1020 3024 bonurn
1043 2963 1226 3043 temporale

125 3068 357 3141 obtinendum,
378 3076 411 3128 ct
426 3067 618 3147 spiritualis,
634 3088 709 3148 quae
726 3069 878 3129 homines
894 3067 1008 3147 dirigit
1024 3069 1065 3129 ad
1085 3068 1226 3128 beatitu-

125 3172 241 3233 dinem
258 3172 548 3251 supernaturalem.
593 3171 749 3250 Jamvero
761 3171 913 3233 Christus
930 3180 979 3232 est
996 3192 1055 3231 rex
1072 3171 1226 3248 spiritan-

125 3276 177 3350 lis,
194 3284 358 3354 quatenus
374 3273 526 3336 fundauit
541 3295 639 3354 super
656 3284 777 3336 terram
795 3275 990 3337 societatem
1013 3273 1227 3353 spiritualem,

126 3377 254 3440 scilicet
265 3377 458 3450 Ecclesiam,
475 3377 567 3456 cujus
583 3399 659 3439 vere
676 3376 783 3440 reoor
799 3387 832 3440 et
848 3378 1004 3439 dominus
1022 3386 1071 3437 est
1082 3389 1103 3436 4.

163 3587 270 3644 ¹Colos.
286 3589 324 3656 II,
337 3603 376 3640 10.
395 3617 426 3624 -
439 3584 536 3640 ²Rom.
551 3587 590 3642 Vl
598 3587 635 3652 ll,
650 3600 673 3652 9.

162 3675 225 3731 ⁸cf.
240 3678 356 3744 Sunrez,
370 3677 440 3746 disp.
457 3679 502 3741 483
523 3677 688 3728 Salmantic.
706 3674 777 3742 disp.
795 3688 839 3739 32;
859 3675 1004 3735 Petamus,
1022 3673 1037 3725 1.
1057 3673 1125 3737 XII,
1143 3688 1166 3724 c.
1186 3684 1214 3738 15
1221 3689 1227 3737 3

128 3767 276 3833 Stentrup,
290 3765 329 3818 th.
349 3778 396 3829 137
410 3781 451 3832 sq.
460 3785 466 3828 ;
495 3764 613 3829 Liddon,
627 3780 672 3830 op.
689 3762 733 3814 cit.
750 3761 812 3814 leo.
830 3763 872 3813 lll
881 3778 887 3827 ;
917 3761 1018 3827 Seeley,
1034 3761 1109 3811 Ecce
1124 3760 1228 3821 Honm,

127 3866 381 3924 Fb0&4½9
1023 3877 1026 3883 ·

162 3934 405 3996 ⁴'Controvertitur
422 3940 494 3992 inter
513 3939 660 4006 theologos
680 3947 772 3990 utrum
797 3935 923 3988 Christus
944 3932 1026 3986 fuerit
1049 3932 1161 3999 insuper
1182 3948 1229 3984 rex

127 4027 293 4098 ferrzporalr's
305 4026 390 4082 totius
403 4026 509 4079 mundi.
551 4023 734 4078 Comrnnnior
754 4023 894 4076 sententia
906 4020 1025 4073 affirmat
1040 4019 1131 4087 ipsum
1144 4017 1229 4071 fuisse

128 4133 227 4186 regern
241 4115 337 4185 quoad
339 4115 399 4183 jus,
418 4131 476 4177 seu,
487 4123 515 4166 ut
529 4111 615 4178 aiunt,
629 4111 658 4163 in
673 4107 737 4163 adiu
751 4109 841 4177 primo
859 4127 864 4161 ι
889 4106 1011 4160 “omnia
1025 4103 1152 4174 subjedla
1166 4113 1230 4158 sunt

128 4206 163 4272 ei,
173 4205 235 4258 sine
248 4201 334 4257 dubio
344 4212 445 4270 praeter
457 4216 530 4266 eum,
542 4199 588 4268 qui
602 4196 720 4264 subjecit
733 4196 757 4249 ei
772 4195 866 4248 omnia
876 4197 889 4223 ²³
901 4194 925 4261 (l
942 4194 1003 4246 Cor.
1021 4192 1151 4257 XV,‘17);
1171 4208 1227 4243 non

127 4302 226 4348 autem
238 4290 331 4358 quoad
340 4306 423 4342 ustam
435 4299 464 4342 et
474 4288 648 4355 areret'lz'rrm,
663 4302 750 4356 quum
765 4283 827 4356 lpse
840 4280 944 4338 dixerit
955 4301 964 4335 ·.
984 4280 999 4307 ⁸²
1010 4283 1137 4348 reguum
1144 4293 1249 4330 nucum
