2684 4634
117 169 178 220 312
561 169 700 222 CAPUT
718 170 762 219 11.

120 350 278 432 populum
295 360 329 413 et
344 351 524 433 discipulos
540 352 734 434 decepisset,
749 352 787 428 si,
801 353 881 416 dum
902 355 1018 414 ndsset
1034 350 1206 415 diabolicas

119 456 345 536 possessiones
357 476 429 519 esse
439 456 686 538 imaginationis
702 455 909 538 figmentum,
925 456 972 518 ita
987 455 1208 519 locutusesset

119 568 156 621 ut
183 579 297 622 eorum
319 579 462 624 errorem
484 558 720 622 confirmasset
767 559 867 641 Quod
895 557 1025 639 aliquot
1050 560 1206 642 exemplis

120 661 314 742 illustratur3
337 674 515 746 postquam
528 664 671 745 ejecerat
686 665 918 740 daemonium1,
933 663 1208 728 calumniantibus

121 765 294 828 Pharisaeis
320 788 395 830 eum
420 768 452 829 in
471 767 659 831 Beelzebub
674 767 737 830 hoc
761 767 955 831 miraculum
974 772 1135 850 patrasse,
1150 789 1208 831 non

120 878 221 950 negat
243 891 279 933 se
301 871 418 951 ejicere
445 872 624 947 daemones,
651 871 708 934 sed
732 870 839 933 solum
864 879 966 952 negat
987 889 1025 932 se
1051 870 1083 934 id
1113 871 1210 934 facere

120 982 286 1055 potestate
314 975 480 1038 Satanae:
511 975 632 1038 deinde
659 996 798 1057 regnum
824 993 920 1037 suum
945 975 1091 1055 opponit
1116 994 1210 1056 regno

122 1073 265 1149 Satanae,
281 1095 441 1158 suamque
457 1079 603 1141 divinam
621 1079 810 1142 missionem
824 1099 868 1140 ex
884 1097 924 1141 eo
940 1076 1063 1158 probat
1078 1080 1168 1159 quod
1184 1078 1209 1140 in

120 1177 227 1258 digito
243 1179 307 1240 Dei
323 1179 434 1260 ejiciat
450 1183 625 1246 daemonia.
673 1183 778 1264 Atqui
795 1192 867 1246 tota
891 1180 947 1243 illa
971 1181 1212 1262 argumentatio

121 1281 311 1363 deceptoria
327 1292 360 1346 et
377 1284 524 1348 illusoria
539 1296 635 1362 esset,
651 1287 678 1347 si
699 1285 799 1348 nullae
820 1293 931 1347 essent
946 1280 1127 1346 diabolicae
1142 1305 1213 1367 pos·

121 1385 293 1448 sessiones.
337 1387 480 1451 Accedit
490 1389 579 1469 quod
592 1389 743 1452 Christus
759 1409 825 1450 non
841 1387 948 1449 solum
964 1405 1077 1449 coram
1095 1387 1212 1470 populo

121 1489 179 1550 sed
196 1490 296 1552 etiarn
310 1493 463 1573 privatim
477 1513 551 1555 curn
564 1493 642 1556 solis
654 1493 822 1574 discipulis
838 1492 956 1554 eodem
973 1491 1077 1553 modo
1090 1491 1213 1554 locutus

122 1588 235 1669 suerit;
267 1595 312 1656 sic
337 1596 472 1676 quando
495 1597 659 1679 discipuli,
675 1593 810 1679 peraeta
833 1593 1083 1678 praedicatione,
1100 1595 1213 1658 reversi

122 1703 199 1756 sunt
215 1697 257 1758 ad
275 1696 366 1760 illum
384 1720 458 1760 curn
476 1699 607 1780 gaudi0‚
622 1700 771 1763 dicentes
789 1722 796 1762 ε
827 1703 843 1731 “
857 1697 1012 1775 Domine,
1027 1698 1131 1760 etiam
1154 1698 1214 1761 dae-

123 1799 235 1862 monia
259 1798 479 1881 subjiciuntur
501 1802 597 1864 nobis
625 1802 657 1864 in
681 1801 816 1863 nomine
834 1797 943 1876 tuo''’²,
959 1800 1084 1863 nedum
1106 1821 1213 1877 eorum

123 1903 313 1981 opinionem
326 1906 511 1986 corrigeret,
522 1926 596 1968 eam
610 1907 720 1987 potius
730 1903 938 1967 confirmavit
949 1904 1065 1968 dicens
1079 1928 1088 1969 ε
1107 1906 1213 1969 “Vide

123 2006 201 2067 barn
219 2006 380 2070 Satanam
406 2009 491 2071 sicut
508 2008 617 2090 fulgur
639 2010 681 2071 de
704 2008 790 2071 coelo
805 1999 981 2071 cadentem
994 2008 1020 2071 ”.
1066 2008 1118 2091 (e)
1134 2009 1214 2072 Tan·

124 2110 200 2172 dem
216 2130 267 2170 res
283 2110 497 2174 confirmatur
511 2112 669 2194 exemplo
681 2110 921 2194 Apostolorum
938 2111 995 2191 qui
1010 2111 1148 2192 spiritus
1162 2113 1214 2174 im·

125 2215 267 2276 mundos
291 2214 460 2277 multoties
475 2215 677 2296 ejecerunt-3,
689 2226 722 2278 ct
739 2236 780 2277 ne
796 2214 900 2278 ullum
915 2215 1056 2277 dubium
1073 2224 1214 2278 maneret
1249 2218 1253 2263 l

124 2319 167 2380 de
192 2318 355 2379 daemonis
382 2319 567 2398 praesentia,
590 2322 747 2381 narratur'
764 2318 844 2399 quid
868 2317 994 2399 Judaeis
1020 2318 1211 2400 quibusdam

125 2420 298 2483 exorcistis
324 2420 508 2502 contigerit,
524 2422 580 2502 qui
605 2423 744 2485 Paulum
771 2422 892 2484 imitari
918 2420 1097 2485 volebant:
1130 2426 1146 2453 ‘⁴
1157 2423 1212 2484 Re·

125 2525 293 2605 spondens
308 2523 441 2602 spiritus
459 2544 601 2605 nequam
614 2525 702 2588 dixit
717 2525 783 2587 eis:
805 2525 918 2605 Jesum
937 2525 1013 2586 novi
1031 2533 1066 2587 et
1080 2525 1208 2588 Paulum

125 2630 218 2691 scio:
244 2636 435 2689 vosautem
461 2627 517 2708 qui
541 2628 640 2689 estis?
686 2628 731 2690 Et
756 2626 903 2689 insiliens
928 2627 960 2688 in
982 2646 1039 2689 eos
1060 2626 1169 2704 homo,
1182 2627 1208 2688 in

125 2751 186 2811 quo
198 2738 270 2791 erat
283 2727 475 2789 demonium
484 2726 818 2807 pessimum‚invaluit
827 2735 943 2788 contra
959 2745 1044 2790 eos...
1055 2728 1071 2753 ''
1084 2727 1115 2808 (1
1123 2725 1204 2807 5-16).

127 2834 219 2913 Ergo
234 2840 360 2893 certum
378 2839 428 2892 est
444 2840 595 2911 tempore
607 2830 732 2894 Christi
748 2839 782 2892 et
794 2829 1035 2912 Apostolorum
1047 2830 1205 2894 nonnullos

127 2937 226 2998 luisse
241 2934 392 2997 homines
408 2955 428 2996 a
443 2935 651 2997 daemonibus
668 2933 849 2997 infestatus.

168 3080 216 3159 98.
264 3070 327 3157 (B)
349 3073 379 3133 Τ
376 3072 535 3135 reditione
550 3081 682 3134 constat
697 3092 791 3134 veras
807 3069 908 3133 luisse
930 3070 1124 3134 daemonum
1144 3085 1203 3152 pos·

127 3179 290 3242 sessiones
307 3177 338 3237 in
356 3177 471 3258 primis
487 3177 626 3251 saeculis,
642 3175 916 3256 Christianosque
937 3183 1139 3256 potestatem
1161 3173 1207 3234 ha·

127 3286 236 3347 buisse
247 3281 379 3362 spiritus
397 3281 587 3343 immundos
603 3279 811 3362 expellendi;
834 3279 880 3341 ait
896 3279 983 3340 enirn
1003 3278 1207 3341 Tertullianus

127 3385 331 3468 (Apologet.,
351 3404 376 3444 c.
391 3400 407 3443 2
413 3384 445 3463 3)
464 3405 470 3444 z
508 3384 669 3445 “Edatur
694 3382 747 3444 hic
768 3382 887 3463 aliquis
913 3381 976 3444 sub
1002 3381 1207 3444 tribunalibus

127 3490 360 3569 vestris,quem
378 3509 397 3548 a
407 3488 561 3549 daemone
577 3487 630 3567 agi
643 3495 789 3548 constet:
803 3485 915 3566 jussus
930 3505 950 3546 a
966 3484 1118 3565 quolibet
1131 3477 1208 3549 Chri·

128 3595 237 3657 stiano
253 3592 342 3672 loqui
364 3591 498 3671 spiritus
523 3589 586 3665 ille,
602 3599 671 3652 tarn
689 3610 724 3651 se
740 3590 928 3653 daemonem
953 3585 1167 3652 confitebitur
1179 3582 1209 3646 de

128 3716 325 3777 veroquam
338 3695 414 3756 alibi
430 3695 539 3756 Deum
550 3695 592 3755 de
608 3693 691 3756 salso
764 3692 838 3754 Nisi
853 3692 1071 3754 sedaemones
1083 3685 1210 3755 confessi

128 3802 257 3874 suerint,
274 3800 462 3862 Christiano
478 3798 609 3860 mentiri
626 3818 691 3859 non
709 3796 880 3870 audentes,
891 3794 1014 3858 ibidem
1032 3794 1120 3857 illius
1135 3792 1213 3860 Chri·

128 3904 224 3967 stiani
250 3902 472 3983 procacissimi
498 3901 694 3982 sanguinem
721 3898 858 3961 fundite.
913 3895 1004 3978 Quid
1030 3897 1097 3959 isto
1127 3915 1215 3979 opere

130 4006 354 4071 manifestius?
400 4005 489 4086 Quid
507 4005 568 4065 hac
585 4003 781 4084 probatione
798 4001 928 4064 fidelius
941 3998 982 4061 '’?
1027 4000 1140 4064 Multa
1163 4000 1218 4064 alia

129 4110 320 4173 testimonia
336 4109 524 4188 hujusmodi
547 4108 697 4170 exhiberi
720 4115 868 4189 possent,
883 4124 929 4166 ex
950 4103 1073 4184 quibus
1088 4105 1220 4169 demon-

165 4279 247 4330 ¹l.u‹·.
264 4279 315 4346 XI,
335 4278 419 4343 14-26.
434 4308 468 4316 ·-
481 4278 567 4329 Ἧι.
584 4277 619 4342 Χ,
636 4290 676 4340 17.
691 4306 726 4314 —
737 4276 820 4329 ³248.
837 4276 871 4342 V,
888 4277 932 4340 16;
949 4276 1034 4341 X1X;
1050 4293 1092 4330 12.
