2684 4634
485 205 1010 387 Brittannias.

261 653 296 730 Ι.
320 650 562 731 Definitio
583 649 820 750 mysterii
842 649 923 732 SS.
945 650 1235 746 Trinitatis.

249 842 295 889 11.
346 828 425 890 Vox
455 826 602 888 Trinitas
624 825 745 907 (graece
767 823 870 910 Τριὰς)
893 846 967 907 quae
988 825 1058 907 jam
1081 827 1251 890 invenitur
1265 828 1296 888 in

197 930 327 1009 scrIptis
353 929 388 992 S.
416 929 583 1010 Theophili
603 929 815 992 Antiochiae
840 929 881 1010 (a.
902 930 985 1012 180),
1007 929 1185 1011 signifieat,
1199 931 1298 1012 juxta

197 1032 369 1113 quosdam,
384 1034 483 1095 trium
501 1033 672 1106 unitatem,
687 1031 749 1108 vel,
762 1032 862 1113 juxta
877 1032 959 1095 alios
981 1043 1015 1096 et
1038 1033 1175 1114 quidem
1193 1033 1297 1097 multo

88 1199 89 1202 ,
197 1135 408 1217 probabilius
423 1136 589 1210 triadem,2
603 1155 661 1198 seu
678 1137 872 1212 ternionem,
889 1145 947 1200 aut
962 1138 1151 1200 ternarium.

242 1255 287 1305 12.
333 1237 454 1320 Quoad
470 1259 549 1312 rem,
562 1237 621 1302 SS.
633 1238 778 1301 Trinitas
790 1237 965 1302 definitur:
989 1241 1185 1323 mysterium
1202 1240 1298 1303 nnius

197 1342 263 1404 Dei
276 1342 311 1404 in
326 1342 431 1404 tribas
439 1341 595 1423 personis,
610 1361 665 1404 seu
680 1341 802 1405 susIus:
826 1343 1020 1424 mysterium
1032 1343 1135 1406 triane
1143 1354 1295 1424 persona·

197 1470 271 1510 rnrn
288 1448 420 1510 realiter
432 1446 661 1508 distiniiarnni
677 1445 712 1508 in
728 1443 794 1507 anti
808 1455 840 1507 et
852 1444 960 1510 eidem
976 1447 1137 1510 nnnierice
1148 1448 1295 1511 snbstan-

197 1550 252 1626 tta,
269 1548 390 1613 natarat
405 1559 465 1611 ant
478 1546 622 1611 essentia.

242 1655 317 1715 Hoc
334 1653 527 1734 mysterium
544 1651 644 1731 Igitur
665 1652 733 1713 duo
757 1651 933 1734 importat:
956 1648 1010 1736 (a)
1035 1651 1158 1715 realem
1183 1654 1294 1716 distin-

197 1757 340 1822 ettonem
358 1758 442 1820 Inter
458 1766 524 1818 tres
536 1756 666 1817 divinas
683 1775 850 1836 personas,
868 1751 924 1840 (b)
942 1766 977 1819 et
992 1754 1174 1837 persediam
1192 1759 1292 1820 unita-

197 1872 264 1924 tem
282 1854 408 1922 naturae
424 1878 489 1921 non
507 1857 614 1920 solum
630 1858 828 1939 genericam,
843 1868 900 1921 aut
916 1859 1110 1940 specificam,
1125 1863 1290 1926 sedetiam

197 1965 408 2027 numericam.
456 1963 505 2026 Ut
532 1961 650 2023 melius
676 1961 880 2043 intelligatur
905 1963 1066 2041 definitio,
1093 1967 1292 2048 explicanda

197 2077 275 2129 sunt
289 2066 389 2129 verba
405 2086 480 2146 quae
497 2064 682 2127 referuntur
696 2065 765 2126 sive
782 2065 823 2126 ad
841 2065 1003 2127 unitatem
1020 2076 1158 2143 naturae,
1174 2068 1243 2130 sive
1254 2067 1290 2129 ad

197 2171 378 2232 trinitatem
396 2188 618 2249 personarum.
664 2167 723 2249 (A)
733 2168 888 2248 Jamvero
898 2177 964 2230 tres
974 2189 1072 2231 voces
1087 2169 1290 2244 adhibentur,

197 2276 238 2336 ad
256 2273 509 2353 exprimendam
527 2271 683 2333 nentatern
700 2280 826 2333 naturae
841 2272 874 2332 in
892 2271 985 2335 Deo:
1011 2274 1162 2350 essentia,
1175 2283 1291 2347 natura,

197 2377 391 2440 substantia.

242 2498 287 2561 13.
333 2478 383 2558 (a)
399 2476 551 2539 Essentia
568 2484 617 2538 est
632 2475 737 2557 idper
749 2477 837 2557 qnod
856 2499 906 2539 res
921 2488 974 2550 ¹est
995 2477 1033 2540 id
1050 2478 1139 2559 qnod
1156 2488 1211 2555 est,
1225 2488 1255 2541 et
1273 2500 1292 2539 a

196 2583 339 2666 qnalibet
352 2580 421 2644 alta
437 2602 471 2642 re
486 2580 703 2642 discernitur:
726 2602 753 2642 v.
770 2600 799 2661 g.
822 2580 966 2642 essentia
987 2580 1132 2663 hominis
1152 2591 1205 2645 est
1227 2581 1291 2644 ani-

199 2687 329 2756 malitas
345 2683 439 2746 simul
456 2693 490 2746 et
506 2683 721 2759 rationalitas,
732 2684 877 2764 quiahae
893 2685 1113 2767 proprietates
1126 2685 1291 2748 hommem

197 2791 405 2861 constituunt
421 2789 453 2850 id
471 2787 560 2869 quod
577 2797 636 2862 est,
653 2797 686 2850 et
711 2788 803 2850 illum
828 2787 1038 2868 distinguunt
1062 2797 1134 2850 tum
1158 2789 1203 2852 ab
1225 2788 1292 2850 An-

198 2896 289 2976 gelis,
304 2894 360 2975 qui
373 2891 582 2954 animalitate
598 2899 721 2966 carent,
737 2900 808 2952 tum
826 2910 845 2951 a
865 2890 980 2966 brutis
995 2890 1051 2971 qui
1073 2890 1293 2954 rationalitate

198 2999 375 3079 privantur.

243 3114 288 3180 14.
337 3095 541 3183 (b)'Natnra
563 3095 597 3176 (a
619 3116 700 3156 voce
722 3095 856 3176 nascer),
871 3117 945 3178 quae
968 3096 1191 3178 etymologice
1212 3096 1293 3160 desi-

198 3214 280 3286 gnat
304 3201 508 3264 nativitatem
533 3210 566 3262 et
590 3220 630 3260 ea
652 3200 765 3261 omnia
789 3220 862 3281 quae
887 3220 961 3262 cum
987 3200 1162 3262 nativitate
1176 3219 1294 3263 conne-

199 3309 342 3381 &untun
357 3313 407 3366 est
415 3303 615 3384 principiani
639 3302 846 3366 intrinsecam
869 3314 900 3365 et
922 3303 1085 3367 essentiale
1107 3303 1296 3384 operationis

198 3424 228 3476 et
245 3410 419 3493 passionis,
444 3430 501 3471 seu
527 3408 600 3470 sons
624 3409 771 3471 internus
797 3408 946 3470 omnium
971 3426 1046 3488 quae
1070 3426 1130 3469 ens
1154 3407 1243 3471 elicit
1265 3415 1296 3467 et

199 3520 338 3602 patitur;
364 3539 392 3579 v.
409 3536 437 3596 g.
455 3516 488 3576 in
504 3515 640 3576 homme
656 3521 774 3575 natura
789 3521 839 3574 est
856 3509 953 3572 simul
975 3530 1095 3592 corpus
1118 3520 1152 3573 et
1175 3512 1296 3584 anIma,

199 3623 277 3704 quia
292 3630 363 3684 tum
380 3639 499 3700 corpus
514 3627 586 3680 tum
603 3616 715 3678 anima
738 3623 815 3678 sunt
838 3614 1000 3696 principia
1027 3614 1205 3678 intrinseca
1228 3635 1296 3677 om-

199 3727 290 3789 nium
307 3743 381 3805 quae
397 3721 498 3783 horno
514 3721 592 3782 sacit
609 3728 665 3781 aut
682 3719 813 3800 patitur.
861 3719 916 3780 Ex
940 3716 1003 3780 hoc
1026 3726 1167 3799 apparet
1189 3738 1296 3781 essen·

199 3832 280 3892 tiam
297 3849 359 3890 nan
375 3826 508 3889 realiter
519 3823 679 3905 distingui
695 3842 714 3883 a
730 3822 858 3897 naturis,
873 3822 930 3883 sed
948 3829 1078 3884 tantum
1094 3821 1297 3895 virtualiter,·

235 4042 242 4063 ¹
257 4031 302 4083 Ad
317 4030 453 4098 Autyloc,
467 4027 514 4080 lib.
532 4029 568 4093 II,
583 4045 610 4079 n.
632 4039 670 4093 15.

235 4130 244 4160 2
264 4118 305 4171 Cf.
328 4118 425 4169 Petav.
447 4116 482 4168 de
500 4114 601 4167 Triuit.
624 4114 640 4166 l.
659 4111 742 4180 VIII,
759 4128 782 4164 c.
802 4127 831 4178 9;
852 4110 1030 4178 Ginanlln‘ac,
1050 4127 1094 4181 op.
1114 4109 1161 4166 cit.
1184 4112 1239 4166 vol.
1263 4112 1300 4178 II,

202 4225 228 4277 p.
243 4207 297 4259 6-8.
