2684 4634
344 179 401 229 DE
419 180 637 231 MYSTERIO
657 180 991 231 REDEMPTIONIS.
1147 180 1214 230 545

107 365 235 437 utpote
257 368 358 439 caput
381 361 506 424 morale
529 371 689 438 nostrum,
706 362 806 443 juxta
829 362 910 426 illud
935 363 1052 425 Isaiae:
1079 362 1134 423 “si
1158 382 1216 441 po-

110 461 218 522 suerit
245 482 305 542 pro
330 473 468 544 peccato
494 465 639 527 animam
671 486 774 542 suam,
800 466 927 528 videbit
953 485 1065 527 semen
1093 465 1216 544 longae-

204 562 245 605 ’,Ι

109 581 191 623 vum
247 613 254 627 .

154 741 232 806 209.
279 725 339 809 (Β)
358 726 543 791 Corollaria.
590 727 639 808 (a)
656 727 806 790 Christus
824 730 940 791 mereri
960 729 1105 810 incoepit,
1118 727 1218 808 juxta

109 845 329 890 communem
356 831 567 905 sententiam,
593 851 613 891 a
642 831 749 910 primo
776 831 913 892 instanti
944 831 1185 892 Incarnationis
1210 854 1217 892 :

110 933 126 959 “
143 929 342 1010 Ingrediens
353 935 515 996 mundum
526 933 607 996 dicit
619 956 625 995 :
638 932 781 995 hostiam
796 943 829 997 et
840 934 1043 995 oblationem
1058 933 1216 995 noluisti...

111 1039 195 1092 tunc
213 1033 305 1096 dixi:
326 1054 401 1097 ecce
417 1037 515 1097 venio
530 1044 567 1096 ut
583 1033 711 1109 faciam,
729 1036 830 1110 DeuS,
842 1035 1047 1097 voluntatem
1065 1044 1154 1097 tuam
1163 1036 1178 1061 ’³
1189 1049 1217 1115 2;

112 1133 193 1195 talis
224 1138 312 1198 enim
343 1137 469 1201 oblatio
496 1139 570 1200 Deo
597 1147 692 1217 grata
721 1138 783 1200 fuit
813 1159 851 1200 ac
878 1138 1016 1218 proinde
1044 1140 1216 1216 meritoria.

113 1233 169 1315 (b)
186 1236 334 1319 Insuper,
351 1260 409 1321 per
424 1249 530 1303 totam
552 1261 646 1304 suam
663 1241 776 1314 vitam,
792 1242 862 1302 sine
883 1241 1126 1303 intermissione
1150 1261 1217 1302 me-

115 1338 183 1400 ruit
206 1359 264 1420 per
286 1362 402 1404 omnes
422 1341 516 1406 adtus
539 1344 703 1406 humanos
727 1363 810 1423 quos
834 1344 990 1419 exercuit,
1013 1363 1116 1423 quum
1138 1343 1219 1405 liber

115 1451 207 1504 esset
222 1443 254 1504 in
271 1441 400 1507 actibus
416 1447 483 1508 suis
500 1447 615 1509 saltem
638 1448 724 1508 circa
747 1447 1020 1518 circumstantias
1037 1455 1070 1507 et
1086 1446 1219 1508 aliunde

116 1541 267 1609 actiones
289 1548 392 1629 ipsius
415 1568 459 1610 ex
486 1547 584 1612 diuis
610 1549 771 1612 haberent
798 1570 913 1611 omnes
942 1550 1149 1612 conditiones
1176 1551 1217 1611 ad

117 1649 274 1711 meritum
292 1651 473 1730 requisitas.
528 1653 627 1730 Hinc,
643 1656 722 1716 dum
744 1656 833 1715 varia
855 1653 1020 1734 mysteria,
1036 1673 1111 1733 quae
1134 1673 1218 1714 mor-

118 1761 187 1831 tem
212 1753 282 1833 ejus
306 1766 554 1834 praecesserunt,
571 1767 682 1819 mente
705 1757 853 1830 colimus
869 1755 1015 1836 cogitare
1034 1756 1129 1834 juvat
1152 1776 1218 1817 non

117 1853 227 1916 solum
243 1857 394 1938 exemplis
408 1860 466 1921 sed
484 1861 584 1922 etiam
597 1860 729 1942 gratiis,
740 1878 822 1940 quas
839 1878 897 1938 per
912 1857 1102 1937 hujusmodi
1119 1856 1219 1920 ac'tio·

118 1951 187 2018 nes¹
200 1959 296 2022 nobis
319 1962 449 2036 meruit,
465 1982 524 2024 nos
541 1966 582 2025 ad
600 1963 671 2043 ejus
688 1962 908 2024 imitationem
931 1970 1083 2040 potenter
1103 1981 1218 2041 provo·

117 2063 191 2124 cari.
239 2060 286 2144 (c)
313 2064 380 2128 Sed
407 2068 589 2147 praesertim
618 2087 675 2146 per
693 2064 876 2146 passionem
903 2073 936 2125 et
963 2073 1095 2126 mortem
1125 2084 1219 2126 suam

118 2167 249 2242 meruit,
279 2188 362 2247 quae,
394 2170 536 2249 positiva
568 2169 631 2230 Dei
662 2170 880 2242 ordinatione,
912 2168 953 2229 ad
984 2167 1219 2248 complendum

118 2269 357 2349 redemptionis
373 2292 457 2352 opus
473 2273 635 2335 ordinatae
652 2272 801 2347 fuerant;
821 2271 897 2332 hinc
914 2271 1001 2332 salus
1019 2281 1131 2334 nostra
1145 2293 1219 2333 san-

110 2370 216 2452 guini
235 2381 269 2434 et
290 2374 389 2435 mmti
407 2375 477 2455 ejus
502 2376 650 2436 maxime
673 2376 890 2437 adscribitur:
914 2373 1086 2454 “Sanguis
1108 2374 1135 2454 J.
1162 2374 1220 2438 Ch.

118 2474 194 2536 Filii
211 2476 281 2555 ejus
297 2481 455 2542 emundat
467 2499 527 2541 nos
540 2480 582 2540 ab
594 2481 684 2541 omni
699 2489 835 2561 peccato
848 2479 882 2557 '';
898 2483 914 2508 “
925 2498 990 2538 non
1004 2479 1221 2559 corruptibili-

117 2578 180 2640 bus
198 2599 278 2641 auro
301 2590 334 2642 et
357 2593 496 2662 argento
513 2584 677 2663 redempti
694 2585 808 2656 estis...‚
824 2583 882 2642 sed
900 2582 1044 2661 pretioso
1061 2584 1221 2661 sanguine

117 2682 214 2762 quasi
231 2684 308 2763 agni
325 2684 530 2747 immaculati
548 2686 670 2748 Christi
684 2687 698 2710 ''
710 2698 731 2747 3.
780 2684 830 2764 (d)
847 2684 997 2746 Christus
1021 2693 1132 2744 autem
1155 2704 1220 2745 non

118 2782 240 2843 meruit
264 2792 339 2862 post
366 2792 534 2846 mortem:
564 2804 640 2845 nam
669 2786 710 2845 ad
736 2785 890 2846 meritum
917 2787 1091 2865 requiritur
1115 2796 1221 2848 status

117 2884 188 2959 vire,
205 2885 270 2963 qui,
282 2884 383 2965 juxta
406 2887 650 2948 ordinationem
675 2888 832 2961 divinam,
849 2889 921 2981 ipso
942 2889 1079 2949 instanti
1107 2890 1221 2950 mortis

116 2989 248 3050 desinit.
297 2990 386 3051 Hinc
416 2989 565 3053 Christus
593 2992 663 3072 ipse
686 2993 798 3054 dixit:
826 2993 912 3054 “Me
939 3002 1077 3073 oportet¹
1094 2995 1220 3073 operari

117 3111 221 3172 opera
241 3092 312 3173 ejus
331 3092 437 3155 donec
462 3095 533 3155 dies
554 3104 613 3169 est,
629 3096 720 3157 venit
744 3116 813 3157 nox
837 3098 972 3176 quando
996 3116 1095 3158 nemo
1112 3105 1222 3177 potest

118 3195 248 3274 operari
261 3194 318 3256 '’4:
342 3191 434 3275 atqui
458 3196 522 3256 illae
545 3199 777 3276 expressiones
794 3203 809 3229 “
822 3199 898 3274 dms,
913 3199 1002 3260 Μ’
1019 3209 1096 3260 sunt
1120 3209 1221 3260 meta-

117 3297 233 3377 phorae
245 3298 364 3378 quibus
377 3299 594 3378 designantur
605 3301 673 3361 vita
689 3310 721 3361 et
739 3321 827 3362 mors
841 3302 977 3382 Christi3
995 3322 1083 3381 ergo.
1124 3302 1222 3363 Unde

117 3409 151 3461 et
169 3399 355 3479 Apostolus
373 3401 419 3463 ait
431 3399 463 3462 ⁵:
490 3402 608 3462 “Hinc
637 3411 747 3464 autem
773 3424 872 3464 unam
897 3425 957 3484 pro
982 3404 1126 3484 peccatis
1143 3403 1221 3464 offc-

118 3523 194 3564 rens
210 3502 353 3566 hostiam
368 3505 400 3564 in
414 3506 654 3585 sempiternum
668 3507 761 3568 sedet
775 3508 805 3566 in
820 3508 960 3568 dexteris
974 3507 1047 3580 Dei,
1060 3508 1102 3568 de
1114 3516 1223 3567 cetero

117 3602 320 3684 exsped'tans
343 3607 448 3667 donec
473 3617 640 3686 ponantur
659 3609 782 3669 inimici
804 3609 875 3689 ejus
897 3609 1078 3670 scabellum
1100 3610 1221 3689 pedum

117 3709 198 3788 ejus,
243 3708 317 3772 Unci
331 3711 417 3772 mim
434 3711 590 3774 oblatione
605 3712 841 3773 consummavit
856 3712 889 3773 m
905 3713 1133 3790 sempiternum
1149 3733 1222 3772 scm-

116 3811 273 3892 liificalos
284 3812 308 3877 ''.

152 4013 231 4069 lIsa.
249 4016 329 4083 Llll,
349 4031 389 4069 10.
406 4046 439 4055 -
452 4022 462 4045 ²
475 4017 561 4069 Hebr.
580 4018 614 4080 Χ,
629 4031 652 4085 5.

151 4103 263 4170 ³IJoa.
280 4103 302 4168 Ι,
316 4115 350 4171 73
369 4100 392 4157 l
400 4105 477 4157 Pelr.
496 4104 517 4170 l,
538 4118 569 4170 19
582 4121 590 4171 3
609 4104 673 4155 vide
687 4103 772 4156 etiam
785 4113 877 4155 textus
891 4103 991 4156 citatos
1006 4120 1032 4154 n.
1053 4104 1109 4172 184.

151 4187 162 4217 ⁴
169 4189 236 4256 Joa.
256 4190 307 4252 1x,
323 4204 348 4254 4.

152 4276 260 4330 ‘Hebn
277 4277 313 4338 X,
332 4291 364 4328 12
376 4293 417 4344 sq.

218 4387 346 4433 Sruoi’srs
356 4391 388 4436 ll.
403 4417 428 4423 -
445 4405 474 4450 35
