2684 4634
129 176 197 226 464
587 175 725 227 CAPUT
743 176 784 224 11.

163 354 212 423 (B)
222 352 371 425 Objicitur
382 352 503 424 insuper
515 353 633 410 unicam
647 371 711 413 esse
724 371 882 425 personam
896 353 925 410 in
935 352 1071 424 Christo;
1082 351 1166 423 atqui
1180 349 1222 406 ubi

128 441 216 499 unica
231 451 275 498 est
293 458 427 512 persona,
446 439 486 498 ibi
504 440 592 498 unica
608 441 761 513 operatio;
778 459 856 512 ergo.
895 440 978 512 Nego
996 439 1149 505 minorem,
1163 455 1223 494 nam

128 528 250 602 quando
263 539 307 586 est
320 531 407 586 unica
420 546 555 600 persona,
570 539 614 587 est
627 529 749 602 quidem
768 529 873 586 unicus
886 545 1023 600 operans,
1039 527 1094 586 sed
1108 526 1158 584 ille
1170 524 1224 583 uni-

128 635 180 674 cus
193 634 318 688 operans
330 616 481 688 duplicem
495 616 648 690 possidere
661 625 760 689 potest
772 626 918 681 naturam,
930 614 1086 686 duplicem
1101 613 1224 670 volunta·

128 714 197 774 tem,
213 722 247 761 ac
261 703 386 775 proinde
398 703 472 762 duas
485 704 600 775 species
612 703 820 776 operationum
832 702 945 761 elicere

170 840 218 908 97.
267 831 322 891 Ex
335 851 375 892 eo
391 832 479 913 quod
494 830 644 895 Christus
656 832 699 894 sit
712 828 876 913 perfettus
888 829 998 904 hom0‚
1012 828 1166 908 sequitur
1178 847 1225 908 pa·

128 936 205 997 riter
221 954 296 997 eum
313 934 467 996 habuisse
484 937 630 998 animam
646 955 721 998 vere
738 933 933 996 rationalem
957 940 991 994 et
1014 951 1139 1012 corpus
1159 949 1226 992 vere

128 1042 319 1116 humanum,
336 1042 377 1103 de
393 1040 512 1122 quibus
529 1039 613 1102 infra
629 1040 778 1102 dicemus
791 1037 847 1100 ubi
860 1037 902 1099 de
919 1036 1039 1098 natura
1052 1037 1226 1115 assumpta.

170 1174 218 1253 98.
267 1177 330 1239 Ill.
371 1175 635 1251 chrismarium
652 1185 689 1236 ut
703 1175 756 1237 hic
768 1175 868 1250 horno,
880 1184 926 1237 est
935 1172 1046 1235 Filius
1057 1171 1127 1234 Dei
1141 1181 1226 1232 nalu-

130 1282 219 1355 ralis,
235 1300 290 1342 nec
303 1278 371 1341 ullcl
387 1279 511 1342 ratione
525 1278 593 1342 dici
598 1288 704 1360 potest
717 1279 888 1359 adoptivus
899 1289 919 1339 1.
941 1304 944 1309 ·

178 1397 209 1445 10
234 1383 295 1444 Est
318 1381 403 1444 filius
425 1382 596 1444 nattcralts.
643 1381 697 1443 De
706 1381 777 1463 fide
796 1390 844 1443 est
867 1377 983 1442 contra
1009 1378 1227 1460 Adoptianos

130 1489 185 1569 qui
209 1487 292 1549 duos
318 1486 350 1547 in
377 1485 509 1548 Christo
533 1485 618 1547 filios
643 1484 905 1565 distinguebant,
926 1483 1027 1546 alium
1049 1483 1227 1545 naturalem

132 1611 251 1672 nempe
268 1589 427 1664 Verbum,
444 1587 584 1650 alterum
602 1588 799 1670 adoptivum,
811 1586 965 1649 videlieet
982 1586 1154 1650 Christum
1170 1589 1228 1667 quel

130 1694 304 1757 hominem.
352 1690 451 1772 Quod
469 1700 505 1753 ut
522 1690 735 1771 intelligatur,
751 1689 922 1752 sciendum
940 1698 990 1752 est
1006 1688 1113 1751 filium
1139 1698 1227 1751 natu-

131 1797 231 1860 ralem
247 1815 322 1857 eum
339 1794 413 1869 dici,
429 1795 484 1874 qui
509 1813 585 1855 vere
606 1793 738 1874 genitus
755 1802 806 1856 est
822 1792 864 1854 ab
880 1812 920 1854 eo
936 1791 1030 1872 cujus
1047 1790 1229 1873 appellatur

131 1900 240 1984 filius)
274 1897 377 1960 filium
397 1905 509 1958 autem
532 1896 720 1977 adoptivum
740 1916 815 1957 eum
838 1895 904 1976 qui,
928 1914 1002 1961 cum
1027 1895 1071 1957 sit
1092 1912 1230 1975 persona

131 2012 298 2077 extranea,
321 2021 341 2061 a
361 2008 455 2080 patre
476 1999 658 2080 adoptante
680 2019 746 2060 non
768 2000 890 2080 genita,
913 2020 957 2062 ex
982 2003 1073 2062 mera
1091 1999 1229 2062 benevo-

132 2106 233 2169 lentia
249 2104 281 2165 in
299 2103 492 2184 adoptantis
508 2101 667 2164 familiam
684 2102 869 2182 suscipitur.
914 2103 951 2164 ln
969 2101 1055 2165 thesi
1069 2102 1231 2164 dicimus:

132 2207 313 2272 “Christus
329 2213 365 2267 ut
381 2204 573 2281 hichomo'’,
591 2205 608 2267 i.
625 2225 652 2268 e.
669 2203 821 2267 Christus
841 2202 1011 2286 spectatus
1033 2213 1070 2267 ut
1092 2223 1232 2286 persona

133 2308 235 2372 Verbi
252 2307 435 2369 subsistens
452 2307 484 2368 in
502 2311 620 2369 natura
637 2306 791 2384 humana,
802 2327 879 2369 nam
897 2327 1079 2390 pronomen
1097 2308 1233 2370 demon-

132 2412 305 2475 strativum
326 2408 481 2490 designat
500 2430 698 2490 personam;
721 2430 787 2472 non
809 2420 922 2473 autem
946 2411 1088 2473 dicimus
1113 2416 1130 2443 ‘⁴
1144 2409 1233 2475 Chri-

133 2525 203 2578 stus
221 2523 256 2577 ut
271 2512 372 2575 homo
383 2512 408 2587 ”,
421 2513 498 2593 quia
514 2512 590 2575 talis
606 2514 779 2594 expressio
796 2523 884 2577 esset
900 2514 1068 2594 aequivoca
1084 2523 1120 2576 et
1136 2514 1234 2596 signi-

133 2618 230 2681 ficare
246 2624 358 2698 posset
375 2624 527 2677 naturam
542 2616 722 2677 humanam
740 2636 812 2678 esse
828 2637 903 2679 vere
920 2616 1068 2698 genitam
1085 2637 1106 2678 a
1126 2618 1235 2692 Patre;

133 2722 221 2804 quod
239 2729 289 2782 est
304 2719 505 2782 haereticum.

175 2873 225 2936 99.
257 2857 354 2920 Prob.
388 2856 447 2938 (A)
460 2856 515 2917 Ex
526 2854 624 2919 dietis
640 2855 800 2933 Christus,
810 2866 848 2919 ut
860 2856 913 2919 hic
926 2855 1037 2930 homo,
1048 2855 1131 2919 nihil
1147 2857 1235 2919 aliud

133 2974 183 3024 est
200 2962 261 3022 nisi
279 2960 427 3024 Verbum
444 2959 654 3040 hypostatice
671 2961 801 3023 unitum
818 2959 974 3022 humanae
996 2968 1143 3038 naturae;
1170 2982 1235 3023 non

133 3065 221 3127 enirn
244 3064 276 3125 in
300 3083 339 3124 eo
361 3072 412 3125 est
434 3062 560 3145 duplex
583 3084 732 3143 persona,
748 3064 807 3126 sed
822 3085 899 3131 una
920 3073 1062 3141 tantum,
1078 3085 1155 3145 quae
1177 3066 1235 3128 du-

134 3167 252 3249 plicem
271 3167 420 3248 possidet
438 3176 601 3244 naturam,
612 3168 817 3248 proindeque
834 3166 991 3243 Christus,
1002 3177 1038 3230 ut
1054 3167 1108 3229 hic
1125 3167 1236 3244 hom0‚

133 3291 199 3333 non
217 3279 267 3332 est
283 3290 423 3351 persona
440 3291 459 3332 a
475 3271 589 3333 Verbo
605 3267 770 3345 distincta,
788 3271 846 3333 sed
864 3270 1027 3350 Verbum;
1043 3271 1139 3351 atqui
1156 3273 1235 3334 Ver-

133 3374 221 3449 bum,
238 3393 310 3435 sese
330 3373 477 3435 uniendo
495 3372 651 3436 humanae
673 3384 810 3449 naturae,
826 3393 894 3435 non
918 3381 1026 3436 cessat
1042 3392 1116 3435 esse
1135 3374 1236 3436 Filius

134 3478 197 3541 Dei
221 3477 379 3539 naturalis
392 3498 399 3553 ;
422 3496 501 3557 ergo
523 3476 682 3554 Christus
703 3486 740 3539 ut
763 3476 817 3538 hic
838 3475 950 3553 hom0‚
971 3485 1022 3538 est
1046 3476 1152 3539 Filius
1175 3476 1236 3540 Dei

134 3580 295 3643 naturalis
307 3592 328 3642 ².

168 3769 226 3826 ¹Cf.
240 3773 269 3823 S.
288 3773 314 3822 T
311 3768 383 3827 horn.
400 3788 427 3839 q.
442 3787 483 3838 23,
497 3789 522 3824 a.
540 3786 566 3834 43
587 3772 732 3836 PetavittS,
749 3773 882 3839 l.vl1,c.
902 3786 956 3841 1·5;
970 3773 1110 3844 Legrand,
1120 3776 1189 3831 diss.
1204 3779 1237 3850 X,

133 3877 156 3911 c.
175 3872 203 3926 5;
224 3856 370 3926 Stentrup,
387 3860 425 3913 th.
439 3874 536 3929 39-41;
556 3859 717 3926 Franaelin,
733 3860 769 3913 th.
785 3861 830 3927 383
847 3861 968 3923 Hurter,
984 3878 1009 3913 n.
1026 3875 1077 3930 575
1091 3879 1132 3932 sq.

167 3952 177 3982 '²
191 3946 273 4014 Quod
287 3957 483 4013 argumentum
497 3946 537 4000 sic
551 3947 636 4000 etiam
651 3963 714 3999 cum
729 3947 755 3999 S.
771 3946 883 3998 Thome
897 3945 996 4000 confici
1011 3958 1127 4015 potest;
1142 3950 1238 4003 filiatio

133 4034 243 4102 proprie
257 4034 386 4086 convenit
400 4034 545 4102 hypostasi
560 4035 603 4087 vel
617 4050 753 4104 personae,
770 4051 826 4086 non
840 4044 935 4087 autem
954 4044 1071 4089 naturae.
1109 4029 1198 4107 Atqui
1212 4038 1238 4090 in

133 4121 245 4173 Christo
260 4137 316 4172 non
330 4131 372 4174 est
387 4122 442 4175 alia
455 4138 576 4190 persona
587 4121 630 4175 vel
641 4121 801 4189 hypostasis
812 4137 897 4189 quam
908 4121 1041 4185 increata,
1052 4123 1097 4176 cui
1108 4124 1240 4179 convenit

45 4233 47 4236 ·
127 4225 192 4264 esse
205 4207 294 4263 filium
312 4225 364 4280 per
380 4218 533 4274 naturam,
550 4221 618 4278 ergo
631 4207 772 4272 Christus,
782 4207 831 4276 qui
848 4217 892 4260 est
908 4207 996 4262 Filius
1017 4208 1072 4263 Dei
1092 4211 1236 4280 naturalis,

115 4298 198 4354 mrllo
212 4299 303 4356 modo
315 4311 416 4373 potest
432 4299 489 4356 dici
505 4297 582 4354 filius
595 4294 750 4367 adoptivus
762 4292 804 4362 lu.
817 4307 866 4358 η,
877 4308 905 4344 u·
921 4293 960 4358 th·
