2684 4634
193 163 258 214 ato
626 163 779 214 cnpur
797 138 859 212 111.

190 344 425 425 conciperetur,
443 364 508 404 non
526 353 613 406 esset
630 344 799 406 obnoxius
815 341 967 424 originali
990 340 1120 422 culpae;
1142 337 1276 419 exceptio

192 457 303 509 autem
322 468 382 528 pro
400 449 433 509 B.
447 447 586 527 Virgine
603 448 762 530 probatur
780 448 811 521 in
836 447 888 508 Tr.
904 445 943 507 de
967 444 1066 508 Verbo
1081 443 1240 505 lncarnat,

237 593 302 658 182.
355 608 386 656 10
404 593 584 675 Semproni.
631 596 690 678 (A)
714 596 744 660 S.
764 594 885 656 Paulus
901 592 1189 673 comparationem
1206 589 1280 652 insti-

191 706 288 760 tuens
307 698 475 762 Adamum
494 701 578 762 inter
601 711 634 763 et
658 700 836 770 Christum,
854 698 924 760 haec
948 697 1049 758 habet
1068 720 1075 758 ε
1101 695 1224 760 “Sicut
1239 713 1283 775 per

192 821 294 863 unum
312 802 481 864 hominem
494 814 655 883 peccatum
680 805 712 865 in
736 803 823 865 hunc
846 801 1008 864 mundum
1027 799 1175 874 intravit,
1192 808 1224 860 et
1240 817 1285 878 per

192 915 364 984 peccatum
383 926 479 981 mors,
497 916 530 968 et
547 908 593 968 ita
610 908 641 968 in
659 927 766 969 omnes
780 905 924 968 termines
939 922 1027 964 mors
1044 902 1248 982 pertransiit,
1262 901 1286 962 in·

191 1021 280 1089 quo1
304 1030 412 1071 omnes
421 1021 674 1089 peccaverunt...
721 1010 816 1074 Sicut
839 1008 923 1070 enim
949 1020 1008 1087 per
1030 1006 1287 1068 inobedientiam

191 1112 287 1174 unius
300 1112 443 1174 hominis
449 1123 626 1192 peccatores
636 1112 804 1175 constituti
816 1119 894 1173 sunt
908 1109 1012 1184 multi,
1023 1109 1070 1171 ita
1082 1119 1119 1172 et
1133 1131 1193 1190 per
1204 1109 1288 1172 unius

141 1286 147 1298 .
189 1214 414 1276 obedientiam
426 1214 506 1294 justi
520 1217 764 1278 constituentur
781 1215 877 1278 multi
889 1215 904 1240 ''
916 1228 936 1276 2.
983 1214 1085 1278 Unde
1102 1215 1171 1277 sic:
1189 1236 1232 1277 ex
1248 1214 1288 1276 his

189 1317 297 1379 verbis
314 1327 444 1380 constat
461 1338 519 1398 per
536 1319 707 1381 Adamum
726 1329 900 1400 peccatum
918 1318 1050 1398 aliquod
1070 1317 1248 1380 intravisse
1264 1317 1287 1378 in

189 1420 276 1482 hunc
295 1419 465 1496 mundum,
479 1421 495 1482 i.
510 1442 535 1483 e.
550 1423 581 1483 in
600 1442 716 1484 omnes
734 1421 893 1496 hominos,
908 1430 943 1484 ut
956 1442 999 1484 ex
1013 1431 1180 1484 contextu
1198 1442 1288 1504 appa-

190 1534 246 1598 ret,
263 1534 295 1586 et
313 1545 371 1604 per
388 1524 558 1587 Adamum
576 1545 693 1586 omnes
709 1525 862 1588 homines
886 1534 1076 1606 peccatores
1094 1527 1288 1589 constitutos

189 1628 303 1702 fuisse;
320 1628 412 1708 atqui
426 1637 600 1707 peccatum
615 1628 657 1689 de
669 1648 736 1710 quo
747 1629 916 1709 agiturest
930 1636 1106 1708 peccatum
1119 1627 1288 1710 originale

189 1751 276 1804 nam,
287 1730 336 1811 (a)
349 1740 398 1792 est
409 1751 521 1792 verum
532 1741 705 1811 peccatum,
719 1740 752 1793 et
768 1751 832 1792 non
851 1730 958 1792 solum
972 1749 1072 1810 poena
1085 1732 1228 1812 peccati,
1240 1749 1287 1792 seu

189 1854 286 1909 mors,
298 1843 332 1895 ut
349 1833 464 1896 volunt
479 1833 647 1914 Pelagiani
662 1843 695 1896 et
710 1835 853 1898 Unitarii
866 1856 872 1911 ;
885 1854 962 1896 nam
978 1834 1164 1916 Apostolus
1177 1833 1286 1898 sedulo
1330 1860 1333 1937 Ι

188 1937 363 2017 distinguit
388 1937 472 1997 inter
496 1945 669 2016 peccatum
693 1937 802 2018 ipsum
826 1939 916 2019 quod
940 1946 1038 1999 vocat
1061 1938 1110 2010 “tl
1132 1936 1265 2022 ἁμαρτία
1275 1934 1287 1960 ”

188 2039 255 2121 (tlte
268 2040 387 2119 sin),et
404 2048 545 2101 mortem
563 2060 637 2120 quae
654 2049 704 2100 est
721 2060 822 2120 poena
838 2040 1022 2121 peccatilet
1036 2041 1154 2102 asserit
1166 2049 1288 2102 utrum·
1331 2118 1333 2123 Ι

188 2164 252 2225 que
269 2143 387 2205 incurri
401 2164 408 2220 ;
434 2144 566 2222 insuper
583 2142 677 2204 addit
694 2163 753 2223 per
767 2142 938 2205 Adamum
954 2142 1108 2205 homines
1116 2152 1289 2223 peccatores
1331 2144 1333 2211 Ι

187 2246 373 2308 constitutos
388 2246 508 2322 suisse;
530 2247 619 2327 quod
637 2266 702 2307 non
722 2255 833 2327 potest
851 2245 1057 2325 interpretari
1079 2246 1142 2307 nisi
1160 2246 1203 2308 de
1220 2265 1287 2327 pec·
1331 2246 1333 2253 '

188 2357 263 2410 cato
280 2369 355 2410 vere
372 2350 493 2410 animae
511 2348 712 2410 inhaerente:
735 2369 794 2410 nec
819 2357 930 2430 potest
950 2368 1022 2411 esse
1037 2346 1288 2428 concupekcentia,

188 2451 265 2532 quia
282 2461 455 2531 peccatum
481 2451 560 2513 illud
581 2451 763 2531 opponitur
768 2451 914 2531 sortitio
932 2471 989 2514 seu
1011 2452 1128 2532 gratiae
1147 2446 1289 2536 (18-19),

188 2556 329 2636 ideoque
347 2555 377 2615 in
393 2553 491 2634 justis
509 2574 678 2615 remanere
699 2554 822 2634 nequit,
835 2554 914 2616 dum
933 2564 1084 2616 econtra
1102 2555 1134 2615 in
1152 2556 1200 2616 eis
1217 2574 1289 2616 con-

187 2658 391 2738 cupiscentia
408 2666 541 2734 manet;
564 2665 725 2738 praeterea
743 2667 917 2737 peccatum
936 2656 1016 2719 illud
1034 2666 1084 2719 est
1102 2663 1118 2689 “
1131 2658 1166 2719 in
1188 2677 1290 2720 ornnes

186 2763 330 2825 ltonu'nes
345 2763 379 2823 in
395 2761 685 2823 condemnationem
696 2759 711 2785 ”
726 2784 737 2823 .·
752 2762 841 2840 quod
860 2769 949 2823 certe
965 2762 1007 2823 dc
1024 2761 1290 2841 concupiscentia

221 2971 230 3001 1
245 2963 347 3020 Utrum
362 2966 392 3016 in
405 2981 459 3031 qno
472 2963 574 3032 (graece
589 2957 666 3030 ἐφ’ῶ)
685 2961 822 3029 significet
836 2962 866 3012 in
881 2959 1000 3025 Ademo,
1015 2959 1057 3012 vel
1070 2961 1197 3027 eoquod,
1210 2964 1286 3029 quia,

185 3053 343 3119 disputatur
353 3051 425 3104 inter
436 3052 688 3103 commentatores.
730 3048 809 3102 Prior
819 3047 958 3102 sententia
968 3063 1098 3120 asserens
1111 3049 1142 3100 in
1152 3065 1209 3116 quo
1219 3060 1289 3103 stare

184 3141 277 3209 proin
293 3136 403 3192 Assumo
417 3155 466 3205 pro
481 3138 608 3191 sehabet
626 3140 721 3190 Patres
735 3136 846 3198 latinos,
855 3151 973 3205 quorum
984 3146 1079 3189 tamen
1093 3133 1250 3191 auctoritas
1263 3138 1288 3189 in

185 3226 340 3297 quaestione
354 3225 514 3293 philologiae
527 3243 626 3293 graecae
640 3234 749 3277 nonest
763 3224 832 3277 tanti
843 3222 945 3275 valoris
956 3239 989 3275 ac
1001 3225 1176 3290 Graecorum,
1187 3225 1288 3293 pleros·

185 3333 239 3384 que
253 3313 382 3368 doctores
396 3314 547 3366 catholicos
561 3315 691 3383 antiquos
704 3323 732 3365 et
746 3312 896 3365 nonnullos
910 3321 1044 3365 recentes
1083 3312 1228 3366 Posterior
1243 3314 1288 3365 ha-

185 3404 232 3456 bet
246 3419 296 3470 pro
310 3418 340 3455 se
354 3401 493 3468 syntaxim
506 3410 534 3453 et
548 3417 629 3453 usum
643 3401 775 3469 loquendi
792 3401 964 3466 Graecomm,
980 3400 1077 3453 Patres
1089 3415 1201 3466 graecos
1214 3400 1287 3470 quin·

184 3506 238 3559 que
252 3488 354 3555 linguae
368 3504 426 3540 suae
446 3485 640 3555 peritissimos,
655 3489 804 3555 plerasque
818 3487 972 3552 versiones,
985 3483 1116 3540 doctores
1136 3488 1287 3542 catholicos

184 3586 311 3628 recentes
324 3592 380 3627 non
394 3591 498 3643 paucos
512 3573 668 3625 eruditione
682 3582 858 3642 praestantes.
892 3573 1084 3642 Quaecumque
1097 3582 1194 3627 autem
1209 3575 1286 3628 inter·

184 3663 303 3732 pretatio
313 3662 486 3724 admittatur,
500 3660 537 3712 nil
548 3661 629 3713 refert
638 3661 674 3713 acl
686 3660 880 3729 probationem
892 3660 979 3714 thesis
987 3668 1101 3727 nostrae;
1116 3677 1184 3714 nam
1195 3661 1286 3716 etiam·
1307 3657 1312 3664 '

184 3751 205 3805 si
220 3753 318 3818 inquo
333 3750 405 3802 idem
421 3759 501 3802 sonet
515 3766 547 3800 ac
561 3750 638 3816 queo,
652 3754 797 3816 postrenus,
807 3748 929 3816 postulat
939 3757 1088 3802 contextus
1098 3757 1130 3802 ut
1140 3749 1286 3803 subaudia-

183 3849 226 3892 tur
246 3839 273 3890 in
294 3836 414 3897 Aterno,
428 3849 486 3890 tum
506 3837 572 3906 quia
592 3835 713 3889 dicitur:
733 3838 809 3904 “per
826 3853 912 3889 unum
930 3835 1072 3889 hominem
1092 3847 1241 3904 peccatum
1261 3839 1285 3890 in

183 3927 257 3978 hunc
270 3925 406 3977 mundum
420 3923 533 3976 intravit
544 3924 566 3985 ''‚
582 3934 641 3976 tum
655 3924 720 3991 quia
734 3923 806 3976 infra
819 3922 932 3975 additur
945 3942 951 3976 :
969 3925 984 3949 “
994 3924 1077 3976 unius
1090 3923 1198 3978 delicto
1211 3923 1285 3977 multi

183 4011 282 4063 mortui
298 4021 362 4063 sunt
365 4052 436 4065 .....
452 4011 522 4064 sicut
543 4029 592 4078 per
610 4012 692 4063 unius
706 4009 840 4063 delictum
859 4009 886 4062 in
907 4026 1005 4064 omnes
1024 4010 1156 4066 homines
1176 4012 1206 4065 in
1226 4029 1285 4066 con·

183 4097 464 4151 delrrnationem”...
513 4098 553 4151 Cf.
571 4098 681 4166 Corlren,
699 4115 743 4166 op.
763 4099 809 4152 cit.
829 4098 883 4150 vol.
906 4098 928 4162 1,
945 4115 970 4166 p.
992 4099 1043 4151 228
1062 4116 1118 4168 sq.;
1142 4100 1283 4163 Polmim',

183 4186 220 4238 th.
235 4185 276 4237 66.

216 4273 316 4323 ··‘ln›»n.
332 4272 365 4337 V,
384 4287 467 4340 12-19.
