2684 4634
288 187 346 238 DE
363 188 583 238 MYSTERIO
601 188 951 240 INCARNATIONIS.
1114 189 1167 239 511

63 305 192 312 -——
578 306 1106 312 ———-—.——-—..---..-
1130 307 1144 311 -.
1163 307 1168 311 .

62 366 223 444 hominis,
238 368 341 432 filium
362 371 481 445 David,
497 369 601 432 filium
624 369 795 432 Abraham
810 381 830 443 ¹,
847 368 970 431 iactum
989 390 1033 430 ex
1054 370 1169 431 mulie·

64 483 149 548 re23
172 474 264 553 atqui
291 474 348 535 illa
364 475 476 535 omnia
499 474 726 536 demonstrant
749 493 867 553 corpus
892 470 1014 534 Christi
1032 490 1108 531 vere
1123 489 1166 530 ex

66 575 102 637 B.
114 575 264 656 Virgine,
279 597 354 658 quae
370 587 440 639 erat
455 578 498 639 de
514 577 616 639 domo
631 585 664 638 et
681 576 805 638 familia
822 575 941 646 David,
957 573 1165 635 efformatum

67 676 176 753 fuisse,
193 699 259 740 non
277 688 389 742 autem
406 700 450 741 ex
468 680 605 742 materia
620 679 746 741 coelesti
760 701 767 755 ;
788 698 874 758 ergo.

108 779 171 860 (B)
186 780 288 842 Ratio
309 783 380 863 ipsa
402 782 577 844 ostendere
598 792 708 863 potest
732 781 827 844 valde
848 780 1046 842 conveniens
1067 778 1166 840 fuisse

68 881 236 946 Christum
261 885 350 946 nasci
373 905 417 946 ex
438 885 594 947 muliere:
623 882 679 970 (a)
704 887 746 947 ad
770 885 994 946 exaltationem
1017 882 1167 943 lzumauce

68 994 195 1048 natura
205 1011 216 1048 .·
231 1007 309 1049 nam
325 1009 384 1070 per
398 988 460 1049 hoc
476 1009 617 1070 persona
632 990 778 1052 humana
794 987 831 1051 fit
847 996 953 1049 mater
967 987 1039 1059 Dei,
1050 986 1165 1046 intime

68 1109 140 1151 cum
165 1091 239 1152 Deo
257 1092 477 1172 conjungitur,
493 1093 561 1155 imo
583 1092 663 1154 fines
682 1093 865 1156 divinitatis
887 1088 1165 1171 propinquissime

68 1192 211 1273 attingit,
226 1204 260 1256 et
280 1195 326 1260 ita
347 1206 466 1258 natura
486 1206 598 1257 nostra
614 1197 710 1259 valde
730 1196 930 1258 nobilitatur.
976 1190 1027 1271 (b)
1044 1192 1099 1253 Ad
1117 1211 1164 1251 rc-

62 1295 265 1374 parationem
281 1297 421 1359 humani
428 1299 556 1378 generis
567 1322 578 1360 :
595 1301 784 1362 Incarnatio
797 1300 968 1361 ordinatur
979 1298 1021 1358 ad
1035 1315 1164 1376 repara-

68 1397 190 1460 tionem
208 1401 336 1479 generis
350 1399 486 1462 humani
504 1402 585 1482 lapsi
601 1424 607 1477 ;
626 1403 718 1483 atqui
735 1401 952 1463 conveniebat
968 1411 1004 1461 ut
1021 1397 1164 1460 Redem-

69 1511 141 1581 ptor
157 1513 245 1565 esset
259 1523 303 1564 ex
320 1505 437 1566 eodem
454 1525 574 1585 genere
590 1526 628 1567 ac
646 1506 807 1580 Adamus,
819 1507 875 1587 qui
892 1524 951 1564 nos
968 1503 1164 1583 perdiderat,

68 1612 101 1664 ut
116 1605 164 1665 sic
180 1603 250 1666 fieri
266 1615 377 1687 posset
393 1617 492 1688 caput
509 1608 632 1668 morale
648 1618 681 1669 et
698 1617 888 1687 procurator
903 1605 1031 1686 generis
1049 1604 1163 1664 huma-

68 1706 118 1782 1¹13
145 1727 226 1788 ergo
235 1719 257 1768 3.
303 1707 351 1790 (c)
367 1709 424 1770 Ad
448 1710 682 1772 nobilitandum
706 1722 878 1790 utrumque
891 1729 1023 1770 sexum:
1046 1727 1164 1768 conve-

67 1809 178 1870 niebat
194 1819 230 1871 ut
241 1819 375 1892 uterque
387 1831 488 1874 sexus
501 1824 732 1893 cooperaretur
744 1815 785 1874 ad
799 1812 1071 1891 redemptionem,
1080 1811 1163 1870 sicut

66 1922 259 1993 cooperatus
274 1923 345 1976 erat
360 1914 402 1975 ad
420 1914 547 1995 lapsum
562 1940 569 1994 ;
596 1919 686 1997 atqui
702 1918 765 1979 hoc
781 1917 907 1997 optime
923 1913 968 1988 fit,
978 1915 1004 1974 si
1016 1913 1163 1976 Christus

65 2035 106 2076 ex
123 2016 262 2078 muliere
277 2017 442 2094 nascitur;
465 2039 541 2080 narn
562 2020 767 2100 Redemptor
783 2019 878 2080 nobis
898 2019 995 2080 datur
1016 2036 1074 2096 per
1093 2036 1163 2077 mu-

65 2119 176 2182 lierem
194 2139 269 2200 quae
286 2141 360 2182 cum
379 2121 461 2202 ipsc,
477 2122 553 2184 licet
575 2125 776 2198 secundarie,
792 2125 833 2184 ad
854 2131 1000 2183 nostram
1022 2119 1162 2181 salutem

65 2231 286 2301 cooperatur;
309 2243 395 2303 ergo
441 2224 493 2305 (d)
511 2225 565 2288 Ad
581 2227 835 2308 confirmandam
859 2225 1026 2287 veritatem
1049 2223 1160 2284 lunta-

63 2323 179 2386 nitatis
196 2323 338 2386 Christi:
358 2345 435 2386 nam
459 2329 485 2387 si
509 2349 574 2389 non
596 2350 671 2390 vere
692 2339 788 2390 natus
812 2327 927 2390 fuisset
953 2348 997 2388 ex
1021 2325 1164 2399 muliere,

62 2429 107 2491 ita
122 2426 339 2490 confirmatus
362 2428 477 2491 suisset
502 2451 591 2492 error
613 2432 794 2493 dicentium
813 2432 921 2512 ipsum
939 2450 1005 2492 non
1022 2450 1094 2492 esse
1109 2449 1162 2489 ve-

62 2551 133 2594 rum
151 2529 322 2591 hominem
332 2544 354 2592 4.

10 2700 17 2751 ῑ
101 2678 172 2742 162.
216 2677 440 2757 2⁰Christus,
457 2683 496 2742 ut
518 2679 635 2758 homo,
658 2685 856 2757 conceptus
878 2684 935 2743 est
956 2697 1003 2742 ex
1028 2680 1066 2742 B.
1086 2681 1162 2743 Ma·

10 2756 22 2801 l
60 2777 122 2854 ria,
133 2775 213 2838 solo
228 2780 398 2852 operante
413 2775 547 2853 Spiritu
564 2776 709 2855 Sancto,
720 2794 784 2840 seu
801 2776 880 2840 aliis
894 2776 1021 2855 verbis,
1035 2779 1072 2841 Β.
1087 2781 1162 2842 Ma-

60 2875 113 2938 ria
127 2871 303 2936 remansit
312 2872 424 2952 Virgo
440 2873 475 2936 in
490 2873 722 2952 concipiendo
738 2880 774 2938 et
789 2874 958 2952 pariendo
969 2875 1161 2942 Christum.

47 2970 193 3056 Defide
207 2980 322 3032 contra
339 2971 515 3033 Ebionitas
531 2982 565 3034 et
582 2973 830 3048 Rationalistas,
846 2994 889 3034 ex
906 2974 1003 3035 variis
1020 2974 1163 3055 Symbo-

59 3075 108 3150 lis,
127 3074 186 3136 ubi
205 3072 343 3135 dicitur:
367 3074 423 3153 qui
446 3085 627 3156 conceptus
652 3084 702 3135 est
725 3076 767 3137 de
787 3076 912 3156 Spiritu
935 3076 967 3140 S.
988 3097 1032 3138 ex
1057 3078 1162 3140 Maria

61 3173 204 3258 Virgine
214 3186 235 3238 ⁵.

103 3278 166 3362 (A)
183 3279 356 3359 Scriptura
373 3290 485 3360 aperte
502 3280 648 3342 declarat
667 3281 701 3341 B.
719 3281 892 3360 Virginem
915 3284 1105 3363 concepisse
1121 3285 1162 3345 de

95 3497 203 3549 ¹Matr.
227 3497 248 3562 l,
271 3511 292 3549 1.
308 3493 477 3549 -²Galu!.
501 3497 550 3558 IV,
572 3511 596 3560 4.
614 3526 647 3532 -
666 3494 719 3548 35.
740 3497 789 3549 Tl.
807 3515 832 3564 q.
854 3513 878 3561 4,
898 3515 923 3550 a.
946 3498 970 3550 ό.
987 3529 1020 3536 -
1039 3498 1091 3553 ⁴5.
1110 3503 1159 3555 Ta.

60 3601 85 3654 q·
101 3599 184 3653 312³·
199 3599 223 3648 4·
773 3627 775 3632 ·

93 3668 104 3699 ⁶
119 3669 244 3738 Quidam
257 3671 431 3723 contendunt
445 3671 568 3739 quidem,
582 3687 645 3723 cum
659 3671 686 3723 Α
691 3711 697 3722 .
714 3671 859 3734 liittranch,
874 3672 946 3724 hanc
960 3673 1113 3728 clausulam
1127 3677 1162 3729 de

58 3756 220 3825 virginitate
234 3757 266 3810 B.
281 3756 382 3810 Mariae
396 3757 424 3809 in
438 3757 562 3826 antiquis
576 3758 718 3824 Symbolis
732 3759 843 3822 deesse;
862 3759 913 3811 sed
927 3759 1076 3824 immerito;
1096 3781 1161 3815 nam

58 3854 137 3898 certo
156 3843 295 3897 invenitur
314 3843 341 3896 in
360 3844 485 3896 formulis
499 3845 614 3896 secundi
628 3845 731 3911 saeculi,
748 3845 844 3912 quales
864 3846 1011 3898 traduntur
1023 3864 1041 3898 a
1054 3849 1162 3902 Tertul-

57 3932 136 3984 liano
157 3928 205 3997 (de
224 3929 302 3998 Virg.
322 3930 388 3992 vel,
414 3929 446 3995 ι),
469 3948 486 3981 a
508 3930 789 3999 Pseudo-Hippolyto
812 3931 922 3997 (Canon
948 3932 1115 4002 Hippolyt.),
1133 3947 1161 3988 et

59 4019 86 4070 S.
103 4016 216 4084 Ignatio
231 4017 270 4068 M.
285 4015 411 4084 (Epicu,
432 4016 474 4081 18)
488 4034 493 4067 :
514 4017 552 4068 ibi
571 4016 646 4069 enim
666 4018 825 4070 declaratur
839 4018 980 4071 Christum
994 4034 1160 4090 conceptum

57 4104 103 4157 vel
122 4112 221 4155 natum
239 4118 302 4155 esse
320 4118 353 4155 ex
373 4104 485 4171 virgine
504 4102 602 4168 Maria,
620 4113 647 4156 et
666 4121 699 4156 cx
720 4104 824 4172 Spiritu
845 4104 959 4158 Sancto.
1001 4107 1053 4159 Cir.
1069 4109 1159 4174 Zalm,

58 4191 120 4242 Das
142 4186 325 4257 Apostoliche
351 4189 523 4257 Symbolum,
547 4189 665 4257 Leipzig,
692 4192 777 4258 1893;
805 4193 901 4243 Revue
922 4193 1061 4260 Biblz'que,
1086 4195 1163 4261 18o4,

56 4295 82 4347 p.
96 4292 133 4348 30
146 4293 188 4330 so.
228 4278 274 4329 De
287 4276 442 4344 virginitate
455 4279 557 4332 Mariae
569 4288 636 4348 post
648 4292 761 4350 partum
776 4281 852 4336 infra
865 4281 1008 4349 dicemus,
1018 4300 1049 4335 n.
1066 4283 1128 4350 2233.
