2684 4634
116 186 185 242 '602
568 191 701 243 CAPUT
719 190 772 238 1v.

159 370 229 434 282.
281 385 312 432 1⁰
327 371 365 433 B.
378 369 498 431 Maria
522 369 622 452 Virga
637 369 795 432 remansit
809 368 844 430 in
852 378 966 449 partu,
983 369 1002 432 i.
1018 388 1046 431 e.
1060 368 1218 448 pariendo

120 474 296 548 Christum,
312 471 522 555 virginitatis
535 473 683 554 sigillum
705 494 767 536 nan
786 473 907 535 amisit.
952 472 1086 556 Defia'e
1109 481 1216 534 estex

117 577 152 641 C.
168 576 386 640 Lateranensi
398 575 441 656 (a.
456 572 551 658 649),
567 575 630 637 sub
654 576 802 638 Martino
820 576 845 650 1,
861 575 905 637 ab
921 575 1107 656 Agathone
1131 595 1217 636 reco-

116 683 236 762 gnito:
268 681 331 745 “Si
350 681 424 761 quis
448 681 631 745 secundum
651 680 709 744 SS.
728 679 843 741 Patres
866 698 933 741 non
949 677 1132 741 confitetur
1148 697 1217 758 pro-

117 785 187 864 prie
202 794 236 846 et
251 784 434 845 secundum
448 782 623 844 veritatem
639 782 682 848 D.
698 781 901 844 Genitricem
913 778 1075 845 Santtam
1086 792 1217 860 smper-

116 909 176 968 qne
208 888 376 970 Virginem
418 886 668 949 immaculatam
709 885 888 948 Mariam...
924 884 1051 966 absque
1093 885 1218 946 semine

116 993 307 1073 concepisse
330 1011 374 1055 ex
404 990 530 1070 Spiritu
556 988 598 1063 S,
614 996 648 1050 et
671 987 959 1069 incorruptibiliter
977 1008 1050 1049 eam
1060 987 1219 1068 genuisse,

117 1094 336 1157 indissolubili
353 1101 565 1174 permanente
583 1099 698 1172 etpost
704 1100 841 1171 partum
860 1090 1001 1171 eJnsdem
1017 1089 1218 1170 virginitate,

117 1199 358 1262 condemnatus
386 1197 489 1259 sit1’'.
543 1193 644 1276 Quod
672 1204 804 1257 constat
834 1190 901 1278 (A)
929 1214 973 1255 ex
997 1193 1172 1274 Symbola,
1188 1194 1217 1254 in

117 1301 236 1382 quibus
252 1301 372 1362 dicitur
383 1299 550 1362 Christum
568 1307 681 1359 natum
694 1318 759 1359 esse
773 1297 811 1359 a'e
826 1295 945 1359 Marii
959 1297 1109 1378 virgine,·
1135 1317 1220 1372 nam,

117 1416 153 1468 ut
168 1406 217 1467 ait
234 1404 269 1467 S.
279 1403 517 1484 Augustinns2,
529 1401 556 1461 si
573 1401 653 1480 Jesu
667 1408 825 1461 nascente
842 1404 857 1432 “
870 1409 1140 1480 corrumperetur
1151 1400 1220 1480 ejus

117 1509 298 1589 integritas
315 1527 380 1568 non
396 1506 465 1586 jam
482 1504 538 1566 ille
549 1504 592 1565 de
607 1503 735 1584 virgine
752 1511 949 1578 nasceretur,
965 1521 1112 1582 eumque
1130 1502 1220 1579 ials0,

117 1610 206 1692 quod
228 1609 324 1685 absit,
341 1618 457 1670 natum
480 1609 522 1670 de
538 1607 678 1687 Virgine
696 1605 803 1668 Maria
826 1615 898 1668 tota
923 1604 1140 1667 confiteretur
1158 1605 1219 1667 Ec-

117 1712 252 1774 clesia'’.
298 1710 359 1792 (B)
375 1732 420 1772 ex
436 1709 605 1784 Patribus,
621 1708 677 1787 qui
694 1708 746 1788 (a)
762 1708 847 1770 hanc
871 1707 1046 1770 veritatem
1073 1707 1220 1788 probant

118 1835 161 1877 ex
179 1824 275 1877 textu
295 1834 302 1876 :
339 1814 427 1875 Ecce
443 1814 538 1894 virgo
554 1814 721 1894 concipiet
736 1824 771 1877 et
787 1815 893 1896 pariet
910 1814 1031 1876 Filium
1041 1836 1049 1891 ;
1086 1815 1135 1877 ita
1151 1836 1179 1877 v.
1192 1835 1220 1895 g.

117 1917 236 1999 legitur
263 1918 296 1978 in
313 1917 372 1997 Ep.
391 1917 518 1997 Synodi
532 1916 787 1980 Mediolanensis
813 1919 855 1980 ad
881 1918 1035 1982 Siricium
1067 1919 1221 1999 Papam:

117 2027 134 2052 “
148 2023 232 2083 Haec
249 2030 299 2083 est
315 2022 408 2102 virgo
424 2040 499 2100 quae
516 2020 549 2081 in
563 2030 658 2083 utero
670 2022 832 2101 concepit,
841 2021 995 2102 virgaque
1003 2022 1153 2100 peperit;
1176 2022 1220 2082 sic

118 2127 206 2187 enim
223 2124 384 2206 scriptum
401 2133 452 2186 est
470 2148 477 2185 ε
507 2129 528 2154 ·“
543 2124 632 2186 Ecce
646 2125 753 2204 Virgo
769 2125 802 2186 in
819 2134 914 2187 utero
929 2122 1096 2203 concipiet
1113 2132 1149 2185 et
1165 2144 1219 2204 pa-

118 2229 178 2290 riet
194 2226 305 2289 filium.
346 2226 422 2287 Non
440 2225 528 2287 enim
546 2235 783 2307 concepturam
799 2224 1035 2288 tantummodo
1047 2225 1217 2306 virginem,

119 2330 176 2390 sed
200 2338 234 2389 et
258 2324 438 2407 parituram
456 2327 618 2407 virginem
635 2328 724 2390 dixit
736 2329 759 2389 ¹⁹.
805 2327 857 2409 (b)
873 2328 1026 2390 eamdem
1044 2348 1214 2410 compara-

119 2429 264 2492 tionibus
289 2428 480 2490 illustrant:
515 2430 601 2490 sicut
621 2429 799 2509 obsignato
826 2430 978 2511 sepulcro
995 2428 1150 2493 Christus
1174 2450 1216 2492 re-

118 2532 267 2607 surrexit,
284 2541 326 2605 et,
339 2531 451 2611 januis
479 2531 607 2607 clausis,
625 2533 667 2592 ad
696 2533 876 2614 discipulos
900 2535 1068 2615 ingressus
1096 2546 1157 2612 est,
1175 2537 1213 2596 ita

119 2635 295 2711 nascend0,
313 2635 472 2697 inviolato
488 2635 686 2715 virginitatis
703 2636 821 2717 sigillo,
839 2636 925 2699 foras
942 2636 1111 2718 prosiluit3
1135 2639 1214 2700 sicut

119 2739 197 2800 solis
220 2739 330 2799 radius
354 2736 547 2818 crystallum
573 2746 734 2816 penetrat,
750 2739 821 2800 sine
837 2742 955 2819 quavis
980 2739 1052 2821 ejus
1076 2740 1214 2813 laesione,

120 2844 165 2905 ita
180 2843 276 2923 Jesus
293 2862 336 2902 ex
354 2851 448 2903 utero
465 2841 579 2902 matris
596 2841 700 2901 illaesat
717 2841 787 2919 ejus
803 2842 994 2923 virginitate
1011 2843 1144 2923 prodiit.

161 2972 230 3048 283.
278 2984 313 3032 20
324 2972 360 3032 B.
376 2971 494 3032 Maria
506 2970 599 3051 virgo
615 2972 773 3033 remansit
787 2971 885 3033 etiam
894 2982 1123 3052 postpartnm.
1171 2975 1215 3035 De

120 3073 184 3134 fide
200 3081 250 3133 est
266 3092 309 3133 ex
323 3091 450 3132 canone
464 3070 533 3150 jam
551 3072 661 3133 citato,
708 3073 767 3153 (A)
780 3075 908 3136 Revera
918 3074 1038 3137 Patres
1054 3075 1105 3156 (a)
1118 3097 1216 3158 oppo-

119 3177 217 3237 sitam
248 3175 448 3235 sententiam
481 3174 633 3253 rejiciunt
661 3183 697 3236 ut
725 3174 893 3238 insaniam
916 3187 950 3238 et
977 3177 1216 3257 blasphemiam,

118 3276 332 3356 sacrilegiam,
344 3277 551 3356 impietatem,
557 3274 745 3356 perfidiam,
755 3278 912 3341 learesim.
937 3279 990 3341 Ita
1002 3300 1030 3340 v.
1042 3299 1072 3359 g.
1089 3279 1125 3341 S.
1138 3281 1218 3342 Am-

120 3381 262 3444 beastan
291 3400 363 3441 eam
391 3380 563 3441 multoties
589 3380 798 3460 sacrilegium
825 3382 975 3462 appellat
1001 3402 1008 3444 :
1046 3382 1221 3446 “Fuerunt

121 3485 176 3565 qui
204 3503 278 3543 eam
296 3482 470 3562 (Mariam)
494 3491 654 3562 negarent
677 3483 839 3563 virginem
864 3488 1100 3565 perseverasse.
1150 3486 1221 3547 Hoc

121 3585 464 3664 tantremsaerileginm
481 3584 576 3645 silere
586 3583 786 3663 jamdudum
804 3586 1008 3648 maluimus''
1094 3588 1221 3651 Ibidem

121 3690 281 3750 rationem
299 3687 396 3766 hujus
414 3688 458 3749 rei
476 3686 573 3748 affert
593 3710 599 3748 :
634 3687 743 3747 “Non
760 3686 873 3748 deficit
892 3688 1007 3763 Maria,
1024 3708 1091 3749 non
1110 3690 1221 3751 deficit

121 3791 318 3871 virginitatis
336 3790 513 3868 magistra3
546 3809 608 3850 nec
633 3786 701 3848 fieri
719 3796 850 3868 poterat
866 3799 903 3850 ut
919 3809 994 3870 quae
1013 3790 1126 3852 Deum
1153 3811 1223 3872 por-

121 3902 248 3955 taverat
265 3893 466 3973 portandum
484 3891 657 3952 hominem
675 3891 896 3953 arbitraretur.
944 3891 1016 3954 Nec
1032 3891 1162 3973 Joseph
1179 3892 1223 3953 vir

118 3996 227 4075 justus
241 3995 272 4055 in
290 3993 375 4055 hanc
393 3994 574 4074 proruisset
591 3994 773 4055 amentiam
791 4003 828 4055 ut
844 3994 941 4055 matri
956 3995 1095 4056 Domini
1112 4016 1225 4077 corpo·

154 4199 225 4269 Ἀρ.
244 4197 385 4268 Hearing.
402 4212 427 4249 n.
444 4210 505 4268 204.
523 4227 553 4234 -
569 4192 738 4249 2Enchirid.
752 4213 776 4249 c.
792 4210 832 4262 34.

141 4291 210 4347 ³De
226 4290 307 4347 instit
324 4290 428 4362 virgin.
445 4307 471 4346 c.
491 4301 545 4359 5⁴).
