2684 4634
414 170 469 218 DE
487 170 671 227 OBJECTO
688 170 819 219 FIDEl.
1120 173 1163 220 ⁴41

64 349 172 411 audivi
188 347 233 410 ab
250 369 299 424 eo,
311 348 382 411 haec
395 349 512 431 loquor
524 352 555 413 in
570 351 754 428 mundo''1;
776 350 821 414 ex
833 371 899 432 quo
912 359 1052 432 apparet
1064 350 1164 413 fidem

62 450 327 532 pariterfundari
337 468 436 533 supet
447 454 658 517 veracitatem
670 455 829 517 divinam
867 455 966 535 Ergo.
1005 452 1063 534 (B)
1078 454 1164 518 Con·

60 554 213 617 firmatur
230 540 598 637 Apostolorum'praxi
611 557 665 637 qui
679 558 758 619 dum
774 556 994 637 Evangelium
1007 556 1163 636 pr'aedica-

59 669 141 732 rent,
157 657 264 721 fidem
280 653 545 739 expostulabant
568 680 634 721 non
660 670 795 740 propter
818 660 1031 722 intrinsecam
1056 679 1163 722 rerum

58 763 276 839 evidentiam,
307 763 439 825 aliudve
471 764 642 837 motivum,
673 765 731 825 sed
763 774 898 845 propter
928 764 1162 826 revelationem

59 865 186 928 Christi
203 866 284 946 Jesu
304 887 343 927 ac
370 866 509 947 proinde
535 866 759 928 aiilon'tatem
785 867 872 929 Dei:
895 868 1050 929 “Notum
1075 866 1162 928 enim

58 968 153 1029 vobis
171 966 270 1044 facio,
283 967 409 1045 iratres,
425 970 660 1050 evangelium...
678 990 785 1051 neque
798 970 886 1031 enim
900 989 963 1050 ego
975 970 1017 1031 ab
1029 969 1164 1031 homine

60 1066 175 1151 accepi
192 1070 285 1147 illud,
301 1072 359 1134 sed
369 1083 432 1152 per
446 1073 672 1135 revelationem
689 1074 772 1157 Jesu
799 1073 924 1137 Christi
933 1073 948 1098 '’
960 1085 993 1149 2;
1016 1082 1050 1134 et
1065 1072 1162 1133 alibi:

60 1180 74 1205 ‘⁴
86 1175 182 1255 Ergo
198 1173 283 1236 fides
298 1195 341 1237 ex
359 1170 484 1257 auditu,
499 1177 632 1240 auditus
648 1187 760 1239 autem
775 1197 833 1256 per
845 1176 982 1238 verbum
996 1174 1163 1239 Christi.'’3

63 1277 153 1339 Hinc
173 1278 306 1339 Fideles
322 1279 502 1342 credebant
518 1299 584 1341 non
602 1289 737 1361 propter
758 1289 956 1361 argumenta
977 1280 1163 1351 intrinseca,

61 1379 109 1441 vel
126 1380 316 1443 humanum
334 1382 573 1458 testimonium,
589 1382 647 1444 sed
664 1393 799 1464 propter
814 1383 1044 1445 testimonium
1061 1381 1163 1462 ipsius

64 1482 124 1543 Dei
141 1506 148 1544 :
174 1483 289 1546 “Cum
306 1485 480 1563 accepistis
497 1505 515 1545 a
532 1484 628 1545 nobis
643 1485 780 1547 verbum
798 1486 930 1546 auditus
948 1480 1022 1559 Del,
1037 1483 1163 1564 accepi·
1276 1480 1278 1485 ’

63 1585 120 1647 stis
137 1584 222 1648 illud
239 1607 300 1647 nou
317 1596 355 1648 ut
369 1587 500 1650 verbum
516 1587 693 1663 hominum,
708 1588 771 1663 sed,
786 1588 870 1649 sicut
884 1598 929 1650 est
942 1609 1021 1663 vere,
1031 1586 1162 1649 verbum

62 1688 176 1751 Dei.''4

101 1839 152 1918 96.
201 1855 237 1902 20
252 1842 399 1905 Ratione.
447 1843 534 1909 Illud
552 1843 640 1905 enim
657 1852 707 1905 est
725 1844 886 1905 motivum
905 1843 981 1905 fidei
997 1863 1056 1924 per
1071 1843 1160 1923 quod

64 1961 237 2003 movemur
253 1944 294 2005 ad
312 1943 513 2007 credendum
528 1943 602 2007 Deo
616 1943 780 2023 loquenti;
804 1944 895 2023 atqui
907 1941 1086 2006 auetoritas
1098 1941 1160 2004 Dei

64 2064 120 2105 nos
138 2044 320 2107 efficaciter
336 2055 448 2108 movet
464 2045 506 2110 ad
523 2046 745 2125 credendum;
772 2047 848 2107 nam
862 2045 933 2125 ejus
946 2044 1161 2106 infallibilitas

63 2146 91 2207 in
108 2148 347 2228 cognoscendo
370 2148 524 2229 prohibet
548 2168 589 2210 ne
612 2148 756 2223 fallatur,
771 2148 842 2229 ejus
866 2159 977 2211 autem
1001 2148 1161 2210 veracitas

62 2249 218 2329 prohibet
234 2270 275 2311 ne
291 2271 351 2313 nos
368 2251 469 2327 sallat,
485 2261 518 2314 et
534 2253 580 2313 sic
605 2252 717 2313 divina
741 2249 920 2314 auctoritas
942 2272 1076 2314 omnem
1098 2251 1161 2312 for-

10 2414 12 2423 ,
63 2354 224 2415 midinem
241 2354 370 2416 errandi
386 2365 543 2429 removet,
555 2365 588 2417 et
600 2355 663 2417 hoc
676 2364 853 2435 utrumque
865 2355 1085 2418 necessarium
1099 2362 1161 2430 est;

62 2474 138 2516 nam
155 2456 184 2516 si
203 2465 315 2536 posset
331 2455 408 2530 falli,
424 2458 576 2537 quamvis
594 2478 659 2528 non
678 2466 788 2539 posset
805 2456 926 2532 fallere,
936 2467 994 2520 aut
1006 2458 1032 2519 si
1049 2466 1162 2538 posset

62 2557 184 2634 fallere,
201 2558 353 2639 quamvis
370 2580 435 2621 non
452 2571 565 2641 posset
582 2560 661 2635 falli,
677 2560 749 2640 ejus
769 2560 877 2621 verbis
901 2560 1088 2623 firmissime
1111 2581 1160 2621 as-

62 2661 184 2722 sentire
201 2680 266 2722 non
284 2681 470 2742 possemus;
494 2672 635 2745 utroque
651 2673 763 2724 autem
786 2662 910 2739 habito,
927 2684 1080 2726 assensus
1103 2683 1160 2725 no-

10 2782 12 2789 ·
64 2773 127 2826 ster
138 2766 212 2845 jam
229 2763 437 2827 firmissimus
454 2765 573 2829 evadit.

10 2826 21 2895 I

10 2974 14 2985 .
100 2932 149 3001 97.
199 2924 243 2986 II.
289 2927 733 3008 Quaestionesdisputatae.
782 2927 953 3003 Attamen,
969 2929 1068 2990 etiam
1085 2940 1162 3010 post

10 3020 20 3123 ‚f
62 3025 96 3090 C.
121 3025 327 3101 Vaticanum,
350 3028 425 3088 duae
449 3028 651 3107 quaestiones
676 3030 760 3091 inter
783 3029 958 3110 theologos
981 3032 1161 3112 disputatae

10 3128 15 3201 I
61 3140 256 3194 remanent:
287 3143 319 3192 1⁰
335 3141 445 3193 utrum
463 3151 506 3195 sc.
523 3132 680 3193 revelatio
698 3133 768 3212 ipsa
785 3134 827 3195 sit
844 3135 1005 3195 motivum
1023 3134 1161 3214 partiale

10 3248 12 3281 Ι
61 3233 145 3311 fidei,
160 3231 215 3295 vel
232 3232 339 3294 solum
357 3233 506 3295 conditio
523 3233 594 3295 sine
611 3237 677 3314 qua
700 3254 782 3313 non;
810 3248 845 3296 20
867 3245 977 3297 utrum
998 3238 1159 3299 motivum

58 3335 134 3399 fidei
151 3333 328 3416 perfidem
345 3336 450 3416 ipsam
466 3337 555 3398 credi
572 3337 703 3412 debeat,
712 3337 765 3399 vel
779 3348 914 3420 propter
925 3338 997 3420 ejus
1009 3339 1159 3402 intrinse-

10 3426 14 3491 l
56 3460 130 3502 cam
148 3440 354 3501 evidentiam
371 3439 485 3521 accipi.

103 3555 136 3604 1⁰
153 3540 277 3622 Quoad
293 3542 453 3622 primum,
470 3561 587 3603 omnes
604 3540 752 3624 theologi
769 3543 915 3608 latentur
931 3544 1054 3608 mitum
1071 3567 1159 3608 reve-

54 3643 194 3707 lationis
211 3662 283 3709 esse
299 3643 418 3706 saltem
436 3643 662 3706 conditionem
680 3646 750 3706 sine
766 3651 831 3726 qua
848 3668 914 3710 non
931 3647 1023 3726 fidei;
1039 3650 1080 3710 ad
1097 3648 1160 3710 hoc

53 3746 145 3807 enim
165 3752 202 3804 ut
218 3744 393 3805 credamus
410 3763 475 3805 non
493 3743 615 3805 sufficit
631 3754 668 3806 ut
684 3745 778 3807 Deus
794 3748 837 3808 sit
854 3748 1034 3810 Infallibilis
1050 3757 1083 3810 et
1103 3769 1160 3809 ve-

52 3869 126 3922 rax,
150 3847 211 3908 sed
235 3838 411 3926 requiritur
432 3855 469 3908 ut
496 3845 621 3926 aliquid
647 3847 848 3911 revelaverit.
896 3852 962 3914 Sed
989 3851 1160 3913 dubitatur

52 3960 168 4014 utrum
186 3949 345 4012 revelatio
362 3950 413 4026 sit,
429 3949 527 4011 simul
544 3970 620 4011 cum
637 3948 834 4014 auitoritate
849 3954 921 4029 Dei,
934 3954 1072 4035 partiale
1089 3974 1158 4015 mo·

51 4055 164 4117 tivum
181 4050 270 4115 fidei.

88 4251 172 4320 ¹Joa.
189 4249 276 4315 VIII,
291 4247 333 4302 26.
347 4248 475 4304 --=Gal.
489 4249 511 4317 Ι,
529 4261 616 4301 11-12.
629 4281 662 4288 -
674 4252 773 4305 ³Rom.
786 4253 820 4319 X,
836 4268 872 4321 17.
883 4283 917 4290 --
929 4246 967 4306 4,Ι
975 4252 1052 4308 Thes.
1069 4255 1106 4321 Il,
1120 4269 1158 4322 13.
1215 4316 1284 4352 A.
