2684 4634
271 189 328 238 DE
346 188 565 239 uvsrumo
583 190 936 242 lucannmoms.
1091 192 1160 244 489

48 377 149 430 catur
163 368 247 431 facie
261 368 305 432 ad
320 368 470 433 iaciem1.
515 370 566 451 (b)
583 371 639 432 Ex
655 370 830 452 theologis:
845 372 993 453 theologi
1009 374 1158 441 omnium

49 469 252 547 scholarum,
268 492 288 534 a
303 488 376 536 saec.
393 473 465 535 XII
482 492 588 554 usque
601 475 643 536 ad
660 482 813 555 tempora
828 485 951 550 nostra,
966 475 994 536 si
1010 470 1159 556 excipias

50 592 180 654 paucos
203 575 390 652 modernos,
406 577 581 638 unanimes
596 585 674 639 sunt
690 577 723 637 in
740 576 983 659 propugnanda
999 576 1085 639 thesi
1102 597 1158 639 no-

51 681 144 756 stra3
163 674 315 761 jamvero
329 678 373 742 ab
389 680 537 743 unanimi
550 679 783 760 theologorum
794 700 968 757 consensu,
977 681 1010 742 in
1022 681 1159 743 materia

51 778 144 854 fidei,
158 780 311 843 recedere
326 801 393 843 non
409 781 494 856 licet,
511 783 573 844 nisi
597 782 803 862 gravissimae
824 782 936 845 adsint
958 783 1102 844 rationes
1126 783 1158 844 in

51 883 279 960 contrarium3
304 903 384 964 ergo
393 895 414 946 ².

98 982 160 1064 (C)
181 984 259 1048 Rat.
276 985 508 1047 conuenientioe.
560 985 610 1066 (a)
634 985 795 1061 Christus,
811 995 847 1048 ut
873 985 985 1061 homo,
999 984 1043 1047 ab
1065 986 1160 1047 initio

53 1096 242 1168 praeceptor
263 1089 393 1170 generis
413 1088 551 1150 humani
572 1090 772 1151 constitutus
793 1088 864 1163 fuit,
886 1098 920 1151 et
942 1088 1094 1150 homines
1116 1090 1158 1151 ad

53 1189 218 1252 visionem
235 1190 422 1253 beatificam
439 1190 580 1272 dirigere
596 1192 720 1267 debuit,
734 1190 834 1272 juxta
850 1190 930 1254 illud
944 1212 951 1255 :
967 1190 1071 1272 “Ego
1086 1211 1159 1255 sum

55 1293 118 1368 via,
135 1294 265 1370 veritas,
280 1305 314 1357 et
329 1295 398 1357 vita
410 1295 474 1370 ”3;
497 1295 590 1376 atqui
611 1295 674 1356 hoc
695 1313 817 1357 munus
839 1292 985 1376 perfedte
1005 1314 1160 1357 exercere

55 1396 208 1476 nequivit
225 1397 297 1472 nisi,
312 1414 370 1477 per
390 1397 550 1458 visionem
572 1396 769 1471 beatificam,
792 1395 973 1477 perfectam
997 1397 1161 1478 cognitio-

55 1518 135 1561 nem
163 1497 318 1561 babuerit
345 1499 575 1580 mysteriorum
606 1509 640 1561 et
669 1499 773 1580 ipsius
803 1499 1041 1578 beatitudinis;
1078 1499 1159 1560 nihil

54 1603 148 1665 enim
163 1603 330 1665 reducitur
344 1605 387 1666 de
402 1603 553 1685 potentia
569 1604 601 1664 in
618 1600 730 1664 adium
747 1603 809 1664 nisi
826 1622 885 1684 per
899 1603 1036 1684 aliquod
1052 1622 1111 1664 ens
1127 1602 1159 1663 in

56 1702 156 1781 actm
184 1704 278 1786 atqui
302 1706 522 1786 pertingimus
546 1706 588 1767 ad
616 1703 727 1767 adium
754 1705 891 1766 visionis
918 1704 1079 1766 beatificae
1104 1724 1161 1784 per

56 1807 302 1869 humanitatem
320 1807 460 1884 Christi;
480 1827 561 1888 ergo
577 1807 632 1869 illa
647 1808 839 1869 humanitas
854 1807 1016 1868 visionem
1033 1805 1160 1868 beatifi-

57 1930 132 1973 cam
157 1911 191 1972 in
212 1909 289 1975 adiu
316 1910 437 1973 habere
461 1910 573 1973 debuit
583 1923 606 1973 4.
652 1907 710 1995 (b)
739 1909 890 1973 Christus
915 1910 958 1972 ab
982 1909 1077 1971 initio
1100 1908 1161 1970 fuit

57 2014 220 2077 naturalis
238 2015 303 2077 Dei
328 2015 441 2089 Filius,
464 2015 671 2095 proindeque
691 2013 807 2089 heres;
835 2015 927 2095 atqui
951 2014 1045 2075 heres
1066 2021 1160 2074 natu-

57 2116 135 2178 ralis
154 2117 270 2178 statim
291 2117 475 2179 hereditate
496 2116 621 2190 fruitur,
638 2116 701 2176 nisi
722 2115 848 2196 aliquid
870 2116 957 2178 adsit
979 2116 1068 2196 quod
1090 2113 1161 2194 ejus

57 2219 302 2300 possessionem
319 2220 480 2300 impediat
494 2240 501 2294 ;
519 2239 599 2299 ergo
615 2219 765 2282 Christus
781 2218 823 2279 ab
839 2218 934 2281 initio
949 2219 1062 2280 divina
1078 2218 1161 2280 irue-

56 2323 158 2385 batur
186 2321 378 2396 hereditate,
404 2341 479 2402 quae
504 2321 585 2382 nihil
611 2320 700 2382 aliud
724 2330 775 2383 est
803 2322 864 2382 nisi
889 2322 972 2383 visio
998 2321 1162 2395 beatifica;

56 2421 188 2484 nullum
208 2421 297 2485 euim
318 2421 480 2502 assignari
501 2429 612 2501 potest
634 2422 911 2500 impedimentum
928 2441 996 2503 quo
1012 2421 1162 2484 Christus

54 2523 278 2587 hereditatem
294 2524 385 2586 adire
400 2523 585 2605 prohibitus
602 2522 699 2585 suerit
712 2534 733 2584 5.

92 2666 150 2723 127.
191 2654 242 2726 (D)
255 2654 332 2713 Solu.
348 2655 431 2727 diffie.
472 2656 512 2724 (a)
525 2656 554 2712 Si
569 2654 705 2714 Christus
723 2654 761 2712 ab
779 2655 864 2712 initio
884 2656 982 2712 Deum
996 2655 1070 2712 vidit
1089 2655 1163 2712 facie

55 2743 226 2813 adfaciem,
242 2759 303 2799 non
316 2741 419 2812 mittor,
436 2743 490 2800 sed
504 2742 738 2815 comprehensor
751 2742 814 2810 fuit,
825 2758 924 2812 neque
937 2742 1042 2799 mereri
1055 2742 1159 2813 potuit.
1259 2740 1261 2747 ’

55 2831 145 2901 Resp.
160 2828 299 2889 Christus
309 2829 363 2886 suit
375 2829 465 2885 sinud
474 2829 571 2886 viator
583 2839 611 2886 et
623 2829 849 2900 comprehensam·
867 2828 922 2885 suit
941 2828 1063 2898 quidem
1083 2845 1162 2885 com-

55 2916 231 2988 prehensor,
245 2924 392 2987 quatenus
410 2915 523 2972 visione
542 2914 679 2972 beatifici
699 2913 859 2981 fruebatur;
878 2913 932 2970 suit
944 2924 1045 2971 autem
1059 2913 1160 2982 viator,

55 3010 207 3074 quatenus
231 3000 498 3072 experimentalem‚
521 3011 550 3057 et
575 3000 674 3067 etiam,
700 3000 786 3057 valde
811 2998 1012 3070 probabiliter,
1036 2998 1162 3055 infusam

56 3087 214 3146 scientiam
226 3087 341 3153 habuit,
357 3098 385 3145 et
398 3105 434 3144 ex
447 3087 505 3144 hoc
518 3088 616 3159 capite
629 3087 733 3144 mereri
748 3086 852 3158 potuit.

57 3176 98 3245 lb)
125 3174 228 3233 Gloria
252 3174 383 3247 corporis
405 3185 434 3232 et
453 3176 546 3246 gloria
567 3174 672 3231 animae
694 3174 860 3231 necessario
882 3172 1113 3244 conjunguntur,
1140 3174 1163 3228 si

56 3276 169 3332 corpus
186 3270 217 3318 et
234 3261 334 3318 anima
351 3253 420 3318 actu
439 3261 579 3317 uniantur
589 3280 597 3331 3
615 3261 697 3331 atqui
717 3276 824 3330 corpus
838 3258 948 3317 Christi
967 3259 1163 3329 glorificatum

57 3364 126 3405 uon.
133 3356 196 3407 erat
208 3356 277 3404 ante
290 3347 551 3405 Resurrectionem
563 3367 571 3417 ;
590 3363 661 3417 ergo
675 3364 730 3404 nec
740 3346 804 3416 ejus
817 3345 925 3402 anima.
964 3344 1049 3414 Resp.
1064 3343 1164 3400 Gloria

57 3433 162 3493 debita
180 3434 302 3505 quidem
320 3434 374 3491 suit
393 3435 511 3506 corpori
529 3434 639 3492 Christi
658 3452 676 3489 a
695 3432 842 3504 principio
861 3430 1076 3502 conceptionis,
1099 3430 1161 3495 sed,

58 3532 181 3595 propter
193 3532 325 3579 nostram
343 3522 591 3593 redemptionem,
605 3522 706 3580 divina
723 3519 947 3591 dispensatione
965 3519 1001 3574 ea
1019 3518 1120 3586 caruit,
1133 3527 1164 3574 ut

56 3627 114 3682 pro
127 3606 411 3687 nobispatiposset.
487 3617 495 3625 “

92 3762 526 3836 ‘QuoadsPatrum'testimonia
543 3760 689 3828 indireiia,
706 3761 770 3815 vide
786 3759 914 3815 audiores
928 3758 1036 3812 citatos.
1078 3759 1165 3812 Nota-

57 3872 122 3909 mus
136 3865 232 3907 tamen
241 3868 310 3905 eum
321 3852 441 3905 Patauio
455 3850 484 3916 (l.
501 3848 562 3917 cit.)
575 3865 631 3901 non
646 3864 745 3901 omnes
758 3857 860 3912 textus,
872 3863 889 3898 a
902 3846 1041 3912 theologis
1054 3845 1163 3906 allatos,

58 3941 97 3996 ad
110 3957 173 3993 rem
184 3938 331 4009 pertinere,
344 3935 473 4005 inspeilo
486 3945 625 3989 contextu.

94 4021 203 4094 ²Quod
224 4032 420 4092 argumentum
439 4023 496 4075 late
514 4020 693 4089 prosequitur
711 4019 754 4071 M.
779 4019 883 4083 Canus,
899 4017 935 4071 de
957 4018 1022 4071 Loc.
1045 4015 1128 4069 theol.
1149 4015 1165 4066 l.

58 4114 275 4268 xbbdaflzilv,
288 4198 312 4251 6.
327 4226 362 4245 -.—
379 4192 431 4248 ⁴5.
451 4195 545 4248 Thom.
561 4207 584 4259 3,
604 4211 630 4263 q.
648 4208 673 4262 9,
693 4211 717 4246 a.
732 4207 757 4245 2.
773 4221 808 4230 -
819 4189 830 4219 ⁶
842 4192 960 4258 Suarea,
983 4190 1055 4258 disp.
1075 4189 1169 4252 XXV,

58 4289 201 4354 shna
