2684 4634
386 168 442 218 DE
459 168 645 218 OPlFlCIO
663 168 821 218 MUNDI.
1087 169 1150 220 273

58 280 1152 293 -ᾘ-ῳ--ῤ

53 358 131 411 scat.
176 350 332 431 Jamvero
361 350 433 413 haec
462 360 644 432 systemata
674 350 717 412 ad
748 352 810 414 tria
841 350 996 413 revocari
1013 360 1153 432 possunt

53 452 201 528 litterale,
215 453 430 534 allegoricam,
444 463 478 518 et
494 464 641 536 systema
656 455 695 517 dr
709 453 1010 536 diebus-periodica.

94 608 145 673 24.
197 609 229 657 10
247 596 423 663 Litteralrs
441 597 595 660 dicuntur
617 595 682 658 illae
705 597 933 678 expositiones
956 618 1030 678 quae
1053 596 1153 659 verba

56 700 185 781 Moysis
209 700 395 763 litteraliter
422 701 689 783 interpretantes
717 710 832 763 tenent
859 701 929 762 dies
960 700 1153 781 genesiacos

55 801 168 865 stricte
184 823 256 866 esse
271 805 341 866 dies
358 821 400 882 24
415 803 590 867 horarum:
613 806 688 866 duae
712 813 789 865 sunt
812 803 1002 883 hujusmodi
1021 806 1153 885 exposi-

55 907 167 969 tiones
738 916 740 922 '
975 965 978 969 .

94 1010 157 1091 (A)
181 1010 285 1073 Prior
305 1021 357 1075 sat
383 1013 569 1079 communis
600 1012 661 1075 suit
691 1013 776 1075 inter
803 1013 916 1074 Patres
942 1010 1153 1074 ecclesiarum

57 1114 161 1195 Syriae
181 1123 215 1176 et
234 1114 466 1196 Cappadociae,
484 1116 735 1198 praecipuosque
756 1125 1019 1198 propugnatores
1039 1114 1155 1177 habuit

57 1217 89 1280 S.
113 1217 281 1279 Basiliam
309 1218 542 1296 Caesariensem,
567 1219 602 1282 S.
626 1217 884 1299 chrysostomum
905 1227 939 1281 et
963 1217 997 1281 S.
1015 1217 1154 1280 Ambro-

54 1321 141 1384 siam
149 1334 182 1394 ¹,·
204 1322 337 1402 insuper
348 1343 368 1384 a
380 1322 544 1406 plerisque
556 1321 762 1385 scholasticis
774 1331 807 1384 et
819 1321 984 1402 theologis
996 1323 1153 1402 usquead

55 1425 188 1487 initium
204 1426 315 1487 saeculi
332 1427 434 1495 nostri
451 1426 636 1508 approbata
652 1426 722 1502 fuit,
737 1435 771 1489 et
793 1424 891 1489 hodie
914 1446 1038 1506 paucos
1054 1426 1154 1487 etiam

55 1529 247 1591 defensores
258 1528 360 1593 habet
369 1541 391 1593 2.
420 1530 526 1612 Juxta
538 1530 620 1606 illos,
630 1530 768 1592 materia
777 1529 927 1590 omniurn
939 1549 1045 1591 rerum
1058 1528 1155 1591 simul

54 1641 168 1695 creata
185 1632 255 1708 suit,
269 1641 307 1696 ut
321 1633 354 1695 in
376 1646 408 1696 10
422 1654 517 1697 versu
534 1632 673 1696 Genesis
689 1632 894 1708 describitur,
909 1641 942 1694 et
963 1652 1006 1693 ex
1030 1636 1068 1692 ea
1091 1633 1156 1692 sin-

55 1736 143 1816 gulae
159 1755 211 1797 res
226 1733 355 1799 edu8tae
370 1745 447 1800 sunt
463 1738 549 1800 intra
564 1738 708 1819 spatium
725 1757 786 1798 sex
802 1737 929 1799 dierum
947 1736 1157 1815 naturalium,

56 1840 209 1902 moderni
226 1849 347 1918 tamen,
362 1841 418 1924 qui
433 1840 497 1904 hoc
512 1851 660 1923 systema
675 1840 784 1903 adhuc
800 1849 1019 1922 propugnant,
1029 1839 1157 1901 addunt

57 1941 146 2007 latta
161 1942 335 2025 geologica
350 1953 384 2007 et
399 1944 678 2027 palaeontologica
694 1943 857 2006 recentius
876 1944 1059 2019 observata,
1074 1943 1157 2006 dilu-

55 2048 110 2110 vio
128 2047 304 2109 universali
319 2049 400 2111 satis
415 2049 585 2131 explicari.

99 2150 163 2232 (B)
179 2150 352 2227 Posterior,
367 2173 443 2235 quae
462 2152 586 2217 tlreom‘a,
605 2150 853 2214 restaurationis
875 2151 1002 2226 dicitur,
1017 2159 1050 2212 et
1076 2172 1158 2232 prae-

55 2256 174 2336 'cipuos
186 2253 335 2317 auctores
346 2254 462 2320 habuit
474 2254 651 2332 Backlaad,
673 2255 835 2318 Wirrmaa
847 2263 880 2316 et
903 2254 1159 2333 Westormayera,

58 2359 121 2420 tria
136 2359 255 2421 docet:
275 2358 325 2440 (a)
341 2360 373 2421 in
394 2374 426 2422 1⁰
441 2381 521 2426 vers
538 2359 619 2424 Gen.
636 2360 720 2423 tradi
736 2358 893 2440 originem
918 2359 1020 2421 totius
1044 2359 1159 2421 mundi

57 2472 91 2524 ct
111 2463 269 2525 ¹omnium
292 2470 469 2526 stratorum
494 2462 747 2539 formationem
778 2459 829 2543 (b)
852 2482 932 2524 vers.
957 2479 975 2524 2
1000 2462 1160 2542 ejusdem,

58 2567 193 2629 ruinam
223 2567 372 2644 describi,
396 2588 471 2648 quae
496 2567 626 2629 nonnisi
651 2576 727 2649 post
753 2566 857 2628 multa
882 2566 1003 2629 saecula
1029 2567 1160 2644 evenit,

58 2670 108 2752 (c)
125 2671 157 2733 in
175 2672 388 2752 sequentibus
404 2682 515 2735 autem
533 2672 648 2735 mundi
664 2672 800 2753 collapsi
818 2672 1091 2735 restaurationem.

101 2830 153 2897 25.
201 2821 390 2904 Utrumque
404 2831 518 2886 tamen
534 2832 681 2904 systema
696 2823 815 2885 merito
830 2821 1052 2885 communiter
1062 2821 1161 2884 hodie

58 2925 214 3005 rejicitur.
260 2925 352 2988 Prius
382 2928 470 2989 enim
503 2927 673 3009 Geologiae
704 2937 738 2990 et
766 2926 1036 3007 Palaeontologiae
1065 2926 1162 2988 certis

58 3025 158 3092 sartis
175 3040 337 3111 repugnat
344 3053 353 3113 3
367 3031 424 3111 qui
440 3030 527 3094 enirn
546 3031 702 3111 Grologia
717 3033 911 3094 studuerunt
924 3039 1045 3091 norunt
1061 3028 1161 3091 imam

58 3143 157 3196 trrrce
170 3133 312 3196 corticem
328 3155 372 3196 ex
389 3139 498 3197 massa
515 3135 643 3216 lapidea
661 3144 820 3211 constare,
836 3155 911 3216 quae
927 3133 1069 3214 primurn
1087 3133 1163 3213 igne

58 3237 217 3312 resoluta,
232 3237 392 3319 paulatim
414 3237 536 3302 coaluit
556 3239 598 3300 ad
619 3239 788 3318 ingentem
810 3238 1043 3312 altitudinem3
1066 3257 1164 3317 super

57 3363 163 3427 quam
194 3342 237 3404 ab
267 3342 505 3406 inundantibus
535 3343 629 3424 aquis
652 3340 763 3405 ‘effusa
794 3352 871 3406 sunt
904 3350 1008 3404 strata
1039 3340 1163 3402 telluris

58 3446 221 3529 parallela
230 3446 369 3509 decursu
380 3447 539 3529 temporis
549 3446 866 3527 solidata,n0visque
879 3444 991 3506 stratis
1003 3453 1159 3524 cooperta

93 3692 169 3748 ²Cf.
197 3693 365 3762 Vtgourour,
393 3692 541 3762 Melanges
563 3692 641 3759 bibl,
665 3682 714 3744 La*
731 3689 928 3759 Cosmogonie,
952 3688 1062 3748 ill-IV,
1090 3687 1165 3754 1889,
1263 3681 1265 3686 ’

59 3799 172 3924 p²3Ci
200 3868 351 3935 Marulla,
376 3882 445 3934 2473
470 3868 593 3930 Bosim'o,
616 3865 644 3919 in
672 3864 818 3919 Periodico
844 3865 884 3916 La
911 3861 1026 3914 Scienza
1051 3860 1167 3913 italiana

62 3945 237 4025 1878·187o;
262 3953 399 4021 Laurent,
424 3955 532 4009 Etudes
554 3952 769 4023 geologiques...
794 3968 840 4004 sur
865 3951 892 4003 la
918 3946 1106 4015 Cosmogonie
1131 3947 1167 4000 de

61 4044 169 4112 Moise,
185 4045 261 4114 1863.

94 4133 164 4187 ³Cs.
180 4130 342 4198 ΒιιιΙιιίιηιζλ
358 4129 486 4199 Geology
501 4129 559 4182 and
579 4127 764 4194 Mineralogy,
784 4125 838 4178 vol.
864 4125 884 4190 l,
908 4140 931 4175 c.
954 4137 988 4185 2;
1016 4122 1164 4187 Wtsemaa,

62 4218 199 4276 Lessures
212 4235 250 4273 ou
263 4217 310 4272 the
323 4215 491 4272 connetlion
504 4216 631 4270 between
650 4214 762 4268 science
781 4222 844 4278 etc,
862 4211 879 4263 l.
896 4222 911 4280 5
924 4229 931 4274 ;
957 4210 1164 4280 Westermayer,

62 4311 125 4364 Das
138 4306 208 4363 Alte
219 4306 386 4361 Testament
398 4303 456 4358 und
469 4303 546 4358 seine
561 4302 734 4368 Bedeutung.
1185 4296 1271 4375 ι

181 4423 308 4471 Sunorsts
317 4421 348 4468 Π.
362 4445 386 4454 -
401 4424 431 4466 18
