2684 4634
130 161 197 211 570
574 159 712 210 CAPUT
730 159 789 208 111.

163 342 210 408 (B)
225 339 349 397 Addunt
363 339 516 397 Scotistae:
540 340 623 419 Deus
643 340 709 411 plus
730 348 810 396 amat
824 336 976 397 Christum
998 353 1092 407 quarn
1115 343 1216 392 ceteras

126 437 289 492 creaturas;
314 427 395 497 atqui
410 425 500 484 debet
514 426 594 498 prius
613 427 680 498 eligi
695 426 778 499 quod
797 426 861 498 plus
880 427 1023 498 diligitur;
1055 443 1128 496 ergo
1146 423 1216 495 prius

126 512 242 584 eligitur
254 513 389 573 Christus
401 530 491 584 quam
506 523 653 573 creaturae.

161 600 344 670 Respondent
360 599 547 657 Thomistae:
576 600 687 659 concedo
706 601 862 671 encymon·
895 619 963 671 nego
982 601 1133 668 minorem,
1155 615 1216 654 nam

125 686 238 758 aliquid
252 695 349 757 potest
362 686 429 757 plus
440 685 532 757 diligi,
542 695 571 743 et
585 695 684 745 tamen
698 686 765 757 eligi
780 686 942 758 posterius;
963 688 1046 744 Deus
1058 686 1138 757 enim
1149 684 1216 741 liber

125 774 208 832 estin
220 773 361 831 omnibus
371 773 512 845 operibus
522 775 560 832 ad
575 785 663 845 extra,
675 784 704 832 et
717 793 734 831 a
744 774 855 832 fortiori
866 775 896 831 in
907 793 1009 833 eorum
1019 772 1217 837 ordinatione;

124 867 223 928 potest
242 857 330 928 igitur
349 856 476 927 primum
503 857 657 915 intendere
676 868 790 915 ceteros
817 857 961 927 homines,
983 857 1107 921 deinde,
1124 865 1217 913 autem

125 943 275 1001 Christum
294 942 333 1000 ad
352 959 403 1000 eos
423 943 614 1001 redimendos
631 965 647 1000 :.
667 944 772 1000 necin
793 945 849 1001 hoc
869 944 966 1001 minus
984 942 1084 1015 diligit
1104 942 1215 1008 Filium,

123 1049 215 1103 quum
230 1048 246 1088 e
259 1041 361 1088 contra
374 1030 541 1102 redemptio
554 1031 593 1088 ad
607 1031 698 1102 ipsius
711 1031 834 1102 gloriam
849 1031 934 1088 valde
947 1032 1090 1088 conferat.

158 1120 332 1190 (C)Instont
341 1141 351 1175 :
370 1119 450 1176 Illud
464 1119 546 1190 quod
560 1129 605 1176 est
618 1119 777 1191 perfectius
791 1136 850 1175 non
865 1129 961 1190 potest
972 1120 1089 1177 intendi
1104 1129 1218 1192 propter

123 1208 153 1265 id
167 1206 249 1279 quod
263 1215 307 1264 est
321 1206 521 1278 imperfectius
534 1229 541 1274 ;
559 1207 641 1278 atqui
656 1206 792 1264 Christus
806 1216 850 1264 est
865 1207 1024 1278 perfectior
1036 1206 1218 1273 hominibus;

122 1313 193 1367 ergo
206 1313 268 1352 non
280 1303 379 1366 potest
392 1294 506 1353 intendi
521 1303 642 1366 propter
654 1294 726 1351 illos.

158 1381 343 1454 Respondent
359 1382 542 1439 Thomistae:
570 1381 650 1439 Illud
667 1391 882 1453 argumentum,
900 1381 923 1438 si
937 1382 1050 1452 aliquid
1072 1383 1216 1454 probaret,

125 1469 342 1526 demonstraret
370 1468 639 1540 impossibilitatem
667 1468 905 1525 Incarnationem
933 1479 1054 1540 propter
1084 1468 1217 1526 homines

124 1556 315 1614 redimendos
324 1553 479 1612 ordinandi
493 1575 499 1610 ε
520 1554 601 1624 quod
615 1564 714 1611 tamen
730 1572 819 1612 nemo
828 1555 983 1613 admittere
992 1567 1101 1626 potest.
1132 1557 1219 1615 Unde

124 1643 366 1715 respondendum
382 1652 425 1699 est
439 1641 592 1700 Christum
605 1659 666 1698 non
681 1642 813 1713 potuisse
829 1642 952 1713 quidem
966 1643 1103 1700 ordinari.
1112 1644 1151 1702 ad
1168 1663 1219 1701 nos

123 1739 275 1800 tamquam
287 1728 325 1785 ad
339 1728 429 1785 finem
441 1728 583 1795 ultricium,
600 1728 652 1786 sed
667 1728 799 1800 potuisse
812 1729 940 1786 ordinari
954 1731 992 1788 ad
1007 1749 1062 1788 nos
1076 1733 1218 1790 redimen-

123 1818 178 1876 dos
199 1826 351 1888 tamquam
370 1816 408 1873 ad
428 1815 518 1873 finem
538 1816 746 1874 interaneorum.
787 1817 833 1874 Ita
846 1816 935 1875 etiam
949 1817 1068 1887 Augen,
1086 1820 1219 1891 quamvis

123 1905 180 1962 sint
202 1903 287 1961 nobis
309 1903 507 1975 perfectiores
528 1903 566 1960 ad
589 1922 643 1961 nos
665 1904 878 1961 custodiendos
899 1922 916 1961 a
936 1905 1002 1962 Deo
1024 1906 1218 1964 ordinantur:

124 1992 194 2064 quia
207 1992 272 2048 talis
286 1991 352 2047 finis
366 2009 427 2048 non
440 2001 484 2048 est
497 2009 599 2048 eorum
614 1990 680 2047 finis
695 1990 822 2062 ultimus,
839 1991 891 2048 sed
905 1991 1001 2049 solum
1016 1993 1217 2053 intermedius.

123 2079 268 2151 Quamvis
290 2087 388 2134 autem
413 2088 567 2148 peccatum
590 2078 676 2135 suerit
699 2078 875 2149 permissum
896 2078 978 2151 prius
998 2079 1217 2154 Incarnatione,

123 2183 175 2236 per
189 2165 311 2222 modum
322 2183 419 2221 causae
431 2164 621 2234 occasionalis,
631 2164 767 2223 Christus
781 2165 860 2237 prior
873 2165 997 2222 omnino
1011 2176 1055 2224 est
1069 2168 1100 2224 in
1115 2170 1219 2240 triplici

124 2253 228 2310 ordine
242 2269 339 2308 causae
351 2250 501 2322 efficientes,
509 2252 650 2322 formalis
663 2252 806 2323 etfinalis
815 2274 826 2310 .·
844 2271 913 2309 nam
928 2253 991 2324 ipse
1003 2264 1048 2311 est
1060 2255 1166 2314 auctor
1178 2275 1219 2313 sa·

124 2340 192 2396 lutis
206 2349 320 2407 nostrae,
337 2339 487 2409 exemplar
506 2350 613 2397 nostrae
631 2339 857 2410 justificationis,
872 2358 907 2396 ac
921 2340 988 2398 finis
1000 2341 1040 2399 ad
1053 2360 1145 2413 quem
1160 2354 1219 2402 ten-

122 2428 192 2485 dere
206 2426 361 2484 debemus
893 2476 895 2481 ,

160 2513 316 2572 Conclusio.
358 2513 501 2584 Inspectfi
520 2514 678 2586 Scriptura,
701 2513 843 2584 inspeetis
863 2513 970 2585 pariter
991 2515 1138 2586 Patribus,
1160 2536 1219 2574 non

120 2602 177 2659 alia
189 2618 278 2658 causa
288 2600 506 2657 Incarnationis
515 2599 740 2658 de'temrinativa
754 2600 840 2658 nobis
851 2600 1011 2659 innotescit
1022 2604 1076 2660 nisi
1089 2605 1219 2662 Redem-

120 2690 184 2762 ptio
196 2688 312 2761 generis
326 2688 448 2745 humani
456 2707 464 2758 3
485 2688 676 2744 Scotistarum
688 2688 774 2758 igitur
784 2688 886 2758 opinio
896 2696 940 2745 est
949 2705 1029 2745 mera
1039 2688 1219 2760 hypothesis,

120 2774 364 2850 quassationibus
377 2775 594 2833 convenientiae
607 2774 724 2832 suaderi
739 2784 846 2846 potest,
857 2775 910 2832 sed
924 2785 1044 2832 tenuem
1060 2776 1219 2846 probabili-

120 2874 210 2922 tatem
222 2862 318 2919 solum
333 2861 451 2931 attingit
464 2884 470 2927 ;
497 2862 603 2918 merito
616 2863 695 2918 enim
709 2880 776 2918 cum
787 2861 814 2918 S.
824 2861 943 2918 Thomfi
955 2872 1096 2932 putamus
1109 2881 1144 2921 ea
1155 2883 1221 2936 quae

119 2971 136 3009 a
149 2952 211 3008 sola
224 2950 375 3007 voluntate
386 2949 442 3005 Dei
458 2948 599 3019 pendent,
610 2949 726 3005 nonnisi
742 2949 893 3020 Scriptura
906 2959 935 3006 et
948 2949 1124 3008 Traditione
1137 2952 1221 3010 inno·

120 3051 230 3096 tescere
251 3054 312 3093 non
334 3054 437 3108 posse;
465 3037 547 3107 atqui
562 3036 711 3107 Scriptura
733 3047 762 3093 et
775 3035 921 3106 Traditio,
936 3038 1072 3107 quamvis
1094 3056 1156 3096 non
1177 3041 1220 3098 di-

120 3136 195 3184 serte
209 3125 366 3183 excludant
385 3125 564 3181 scotisticam
579 3125 730 3195 theoriam,
749 3125 775 3182 ei
790 3143 893 3196 parum
909 3125 1006 3182 favere
1019 3125 1165 3184 videntur.

331 3262 525 3320 Corollorircnt
538 3263 571 3318 dc
583 3263 683 3318 cctcn'to
696 3261 809 3319 Clm'sti
814 3269 872 3332 pro
883 3260 1013 3331 Angelis.

155 3400 210 3455 254.
251 3383 330 3442 Cum
350 3383 405 3440 hac
427 3382 626 3439 controversia
647 3382 704 3438 alia
722 3381 911 3438 connectitur
929 3380 967 3459 de
988 3383 1094 3441 merito
1108 3385 1218 3445 Christi

120 3489 174 3543 pro
200 3470 320 3541 angelis.
366 3469 456 3542 Juxta
488 3487 592 3526 omnes
618 3469 782 3539 theologos,
805 3467 942 3527 Christus
966 3470 1072 3526 meruit
1095 3473 1219 3545 Angelis

115 3558 241 3627 gloriam
264 3556 419 3627 qnamdam
445 3556 651 3619 occidentalem,
674 3567 819 3626 quatenus
845 3553 984 3611 videlicet
1002 3554 1135 3616 obtinuit
1161 3579 1216 3633 pro

118 3645 174 3701 illis
188 3654 219 3699 ut
232 3644 337 3700 melius
354 3652 569 3713 cognoscerent
589 3643 682 3698 varias
702 3640 938 3698 circumstantias
953 3641 1171 3704 Incarnationis
1190 3662 1219 3707 et

120 3731 356 3802 Redemptionis,
383 3747 508 3800 quarum
528 3730 660 3800 cognitio
679 3748 781 3787 eorum
811 3728 980 3786 felicitatem
1000 3732 1217 3794 accidentalem

119 3820 246 3888 adauget
255 3819 272 3874 1.
313 3818 372 3874 Sed
395 3816 520 3887 quaestio
540 3827 584 3873 est
604 3828 701 3873 utrum
721 3817 842 3888 insuper
854 3815 990 3874 Christus
1004 3823 1143 3881 meruerit
1157 3827 1218 3881 An-

117 3905 189 3975 gelis
207 3916 235 3961 et
249 3904 368 3961 Adamo
390 3904 540 3961 innocenti
561 3905 686 3973 gratiam
706 3902 942 3972 substantialem,
958 3921 1026 3974 quae
1040 3907 1096 3965 illis
1116 3928 1133 3967 a
1149 3912 1216 3970 Deo

118 3992 223 4047 collata
237 3992 296 4046 fuit.
775 4005 778 4009 ’

157 4092 183 4131 10
196 4077 321 4134 Solisto
334 4075 508 4146 offirmulc‘oc
521 4077 711 4148 respondent,
729 4078 819 4134 textui
834 4078 861 4134 S.
880 4080 963 4136 Pauli
978 4081 1089 4138 innixi²
1107 4104 1114 4140 ε
1147 4086 1214 4143 “In

140 4251 188 4311 ¹5.
208 4257 307 4314 scoot.
329 4259 374 4314 De
390 4258 480 4314 l'erit.
498 4276 524 4330 q.
540 4272 585 4326 at),
598 4274 624 4311 a.
640 4270 667 4322 7.
680 4253 735 4295 „a
746 4256 836 4311 Colos.
847 4257 878 4319 l,
890 4270 979 4321 ω),
