2684 4634
530 175 586 225 DE
605 174 798 225 ANGELIS.
1154 175 1208 224 311

112 355 242 417 occulta
257 355 452 437 patefacere,
466 358 667 440 vires'supra
683 360 791 421 aetatis
815 378 872 419 seu
890 357 1090 419 conditionis
1115 366 1209 419 natu·

115 477 180 520 ram
197 461 373 523 ostendere
388 469 422 522 et
438 460 502 523 alia
518 462 551 523 id
565 482 670 543 genus
686 483 770 543 quae,
782 481 858 524 cum
871 461 1011 543 plurima
1026 469 1209 534 occurrunt,

120 561 239 641 majora
248 571 327 625 sunt
336 563 459 626 indicia
471 565 495 626 ''.
543 564 611 630 Sed
623 564 721 628 simul
734 564 870 627 Rituale
881 566 1083 625 exorcistam
1096 573 1209 625 monet

122 667 180 726 “ne
202 665 296 727 facile
320 667 435 729 credat
457 667 603 748 aliquem
627 689 646 729 a
669 668 841 732 daemonio
855 668 1027 730 obsessum
1055 687 1135 741 esse,
1151 667 1207 727 sed

125 778 192 829 nota
207 769 329 833 habeat
344 790 384 832 ea
400 770 506 850 signa,
517 771 638 851 quibus
654 772 808 834 obsessus
823 771 1028 851 dignoscitur
1043 770 1085 831 ab
1099 771 1137 831 iis
1152 770 1208 850 qui

127 871 163 931 vel
178 877 249 934 atra
267 873 342 949 bile,
359 873 409 935 vel
428 874 544 936 morbo
568 876 682 955 aliquo
709 874 862 937 laborant
872 876 887 899 ''
904 875 969 955 (De
984 874 1109 936 exorcis.
1125 874 1208 954 obs).

129 971 210 1052 Quod
234 977 370 1056 quidem
395 977 494 1039 hodie
521 997 561 1039 eo
594 979 700 1058 magis
733 979 953 1043 necessarium
987 979 1150 1058 estquod
1176 979 1207 1038 in

128 1096 228 1142 somno
249 1080 433 1160 hypnotic‘o
450 1081 673 1160 phaenomena
688 1082 923 1164 producantur,
938 1102 1013 1162 quae
1030 1082 1208 1161 possessio-

128 1199 186 1243 nem
202 1184 444 1245 daemoniacam
461 1184 581 1245 imitari
598 1185 759 1248 videntur.

154 1316 198 1393 96.
245 1293 484 1377 2'0Exisrentia.
531 1316 715 1377 Veritatem
727 1316 902 1379 diabolice
918 1319 1135 1398 possessionis
1149 1321 1207 1381 irn-

124 1426 262 1496 pugnant
286 1438 351 1478 non
375 1417 482 1480 solum
509 1418 746 1493 Rationalistce‚
775 1421 832 1482 sed
856 1421 958 1482 etiam
987 1422 1208 1484 Protestnnles

123 1536 175 1580 non
189 1520 296 1600 pauci,
310 1521 376 1582 imo
388 1520 678 1600 aliquotCatlzolici
688 1523 744 1603 qui
756 1525 963 1586 contendunt
976 1524 1208 1600 daemoniacos,

121 1621 152 1682 de
174 1622 296 1703 quibus
314 1623 532 1703 Evangelium
555 1623 708 1705 loquitur,
726 1624 826 1687 fuisse
850 1626 1044 1706 simpliciter
1066 1640 1208 1707 aegrotos

120 1733 144 1784 et
158 1725 328 1787 Christum
345 1735 379 1788 et
391 1725 574 1807 Apostolos
589 1728 783 1808 Judaeorum
800 1729 948 1810 opinioni
971 1750 1005 1790 se
1022 1750 1208 1793 accommo-

119 1825 214 1890 dasse.
263 1828 387 1890 Contra
402 1848 486 1908 quos
502 1830 569 1891 sit:

147 1965 198 2032 97.
246 1940 345 2012 'Thasie
368 1981 378 2015 .·
424 1955 682 2020 Possessiones
717 1957 945 2022 daemoniacae
975 1958 1209 2024 admittendae

120 2057 195 2116 sunt
210 2052 287 2116 sive
301 2058 386 2117 ante
401 2053 477 2118 sive
492 2059 574 2132 post
590 2054 781 2119 Christum.

153 2151 212 2231 (A)
230 2150 410 2231 Scripturd.
457 2151 507 2233 (a)
524 2152 623 2234 Saepe
645 2154 733 2214 enim
755 2151 790 2214 fit
812 2154 937 2214 mentio
960 2154 993 2214 in
1023 2154 1208 2233 Evangelio

122 2254 323 2316 obsessorum
351 2275 371 2316 a
394 2255 557 2331 daemone,
575 2257 684 2337 prouti
712 2256 755 2316 ab
778 2256 910 2335 aegrotis
934 2257 1208 2336 distinguuntur:

124 2359 133 2386 “
146 2357 349 2422 Obtulerunt
364 2359 393 2420 ei
410 2379 526 2420 omnes
544 2360 630 2421 male
646 2359 816 2434 habentes
831 2359 929 2420 variis
947 2359 1161 2439 languoribus
1176 2371 1210 2424 et

125 2461 288 2523 tormentis
323 2461 588 2544 comprehensos,
621 2472 654 2525 et
688 2463 744 2543 qui
778 2462 944 2523 daemonia
979 2462 1175 2526 habebant''
1189 2477 1209 2530 1.

126 2560 167 2648 (b)
190 2565 329 2645 Insuper
350 2563 501 2628 Christus
517 2564 695 2627 exhibetur
711 2575 747 2627 ut
763 2566 933 2626 daemones
950 2565 1130 2645 alloquens
1153 2589 1209 2628 eos

126 2662 296 2748 increpans,
315 2675 498 2746 vetansque
526 2687 567 2728 ne
591 2667 777 2747 loquantur,
794 2675 851 2728 aut
877 2667 923 2727 eis
951 2668 1146 2748 praecipiens
1173 2679 1209 2732 ut

127 2779 254 2832 exeant:
278 2774 295 2802 “
307 2770 484 2831 Daemonia
496 2770 601 2832 multa
612 2770 774 2850 ejiciebat,
785 2778 817 2831 et
835 2790 899 2830 non
912 2770 1042 2832 sinebat
1055 2791 1093 2832 ea
1110 2771 1209 2852 loqui,

125 2875 270 2948 quoniam
293 2872 440 2934 sciebant
456 2893 531 2935 eum
614 2873 721 2936 Surde
737 2885 770 2935 et
788 2883 878 2935 mute
894 2873 1035 2953 spiritus,
1049 2895 1111 2954 ego
1128 2896 1209 2955 prae-

126 2973 199 3054 cipio
229 2975 300 3049 tibi,
327 2975 382 3036 exi
407 2973 451 3035 ab
473 2995 522 3052 eo,
549 2985 583 3038 et
609 2975 751 3056 amplius
776 2996 816 3037 ne
841 2965 984 3038 introeas
1014 2977 1045 3038 in
1071 2981 1208 3058 eum'’²,

127 3068 173 3162 (c)
189 3079 339 3140 Tandem
358 3077 508 3142 Christus
520 3077 693 3158 Apostolis
709 3079 810 3139 tradit
823 3087 1023 3158 potestatem
1040 3081 1209 3143 daemones

126 3179 274 3258 ejiciendi,
291 3189 328 3242 ut
343 3178 534 3243 distinctam
551 3200 571 3241 a
593 3189 760 3261 potestate
778 3181 912 3242 morbos
929 3183 1075 3258 curandi,
1097 3186 1206 3247 simul-

126 3296 179 3362 que
193 3284 304 3346 media
316 3282 500 3365 praescribit
510 3282 630 3362 quibus
642 3282 715 3363 ejici
729 3284 857 3362 possint
869 3296 890 3345 3.
928 3285 1031 3367 Atqui
1048 3287 1074 3346 si
1085 3289 1208 3349 daemo-

127 3385 215 3449 niacae
242 3386 469 3467 possessiones
496 3385 577 3446 nihil
601 3385 690 3447 aliud
716 3386 782 3447 sint
806 3387 868 3446 nisi
896 3388 1001 3448 morbi
1034 3390 1208 3462 naturales,

127 3485 264 3554 Christus
290 3499 378 3552 certe
399 3489 536 3569 Judaeos
560 3498 593 3550 et
618 3487 800 3568 Apostolos
835 3494 893 3550 sual
929 3490 1049 3569 agendi
1082 3493 1209 3553 ratione

125 3594 245 3676 suisque
267 3593 376 3655 verbis
403 3593 603 3673 decepisset;
638 3592 727 3672 quod
748 3592 882 3671 quidem
908 3603 1088 3673 repugnat;
1120 3615 1208 3674 ergo

123 3693 164 3778 (d)
175 3699 246 3760 Nec
258 3697 322 3758 dici
340 3704 449 3778 potest
462 3695 646 3757 Dominum
657 3695 756 3756 errori
773 3695 962 3774 Judaeorum
976 3717 1010 3757 se
1022 3717 1207 3759 accommo-

120 3799 225 3862 dasse:
251 3809 329 3861 nam
352 3799 445 3862 Deus
462 3807 573 3879 potest
588 3798 724 3878 quidem
742 3818 776 3858 se
794 3800 1048 3860 accommodare
1065 3798 1206 3860 homini-

119 3899 168 3966 bus
183 3902 294 3985 quoad
321 3903 457 3964 modum
482 3902 649 3982 loquendi,
671 3912 706 3964 ut
724 3903 840 3963 melius
857 3903 899 3963 ab
916 3903 962 3962 eis
980 3902 1183 3982 intelligatur
1201 3928 1207 3965 z

115 4007 255 4068 sednon
284 4005 331 4067 ita
351 4014 388 4067 ut
413 4024 469 4067 eos
488 4005 640 4085 decipiat.
686 4006 841 4084 Jamuero
859 4005 1008 4068 Christus
1035 4006 1208 4069 manifeste

142 4203 375 4268 'Matt.1v,2r;
399 4204 714 4266 Vlll;16.-²Mrzrr.
734 4207 755 4266 l,
773 4218 817 4272 343
840 4206 887 4271 IX,
907 4219 951 4271 243
975 4206 1042 4256 Luc.
1056 4206 1140 4269 Vlll,
1154 4222 1193 4272 30.

139 4288 244 4345 mart.
261 4292 296 4355 Χ,
312 4308 337 4355 1;
359 4292 449 4344 Marc.
467 4292 544 4357 XVI,
563 4304 603 4360 r7;
624 4289 705 4357 Vlll,
722 4290 762 4342 28.
