2684 4634
123 122 190 173 2⁴8
456 99 463 110 “
575 121 715 175 crpus
732 122 789 172 11.·

119 298 270 370 (essentia)
283 316 344 356 non
363 309 407 357 est
426 317 582 370 generans,
603 318 701 373 neque
714 299 824 373 genita,
838 316 894 356 nec
913 296 1093 369 procedens,
1108 293 1159 352 sed
1174 298 1212 350 est

121 383 207 442 Pater
218 382 270 454 qui
282 393 411 455 generat,
427 394 457 442 et
470 384 562 442 Filius
576 385 627 468 qui
640 386 770 457 gignitur
781 384 796 410 ''
810 395 866 444 etc.
884 385 1042 457 (Denaing.
1060 384 1134 458 358).

156 518 210 575 147.
251 504 299 574 (B)
310 503 488 562 Communis
498 523 566 563 vero
579 505 728 564 sententia
740 515 785 564 est
792 505 973 580 principium
986 503 1213 577 quoproximum

119 589 287 648 diuinarum
294 591 504 662 processionum
518 610 575 648 non
588 611 644 649 esse
656 599 796 651 naturane
808 593 941 650 diuinam
955 600 989 648 ret
998 592 1046 661 sic,
1054 592 1107 648 sed
1118 589 1216 648 intelle·

118 678 196 734 liunt
214 684 243 732 et
258 677 440 748 voluntatem,
455 686 547 749 prout
564 679 769 750 modificantur
786 670 973 736 relationibus
987 677 1180 750 paternitatis
1195 679 1220 730 et

118 762 294 834 spirationis.
336 763 412 820 Haec
426 763 528 820 ultima
541 763 631 822 verba
643 764 795 822 adduntur
808 764 886 837 quia,
900 783 992 837 quum
1006 763 1177 822 intellectus
1192 769 1219 819 et

119 851 255 908 voluntas
275 851 333 908 sint
351 851 444 909 tribus
463 852 597 924 personis
616 870 800 926 communes,
816 853 995 924 assignanda
1014 863 1058 911 est
1078 852 1154 910 ratio
1172 867 1219 906 cur

119 937 287 997 intelleetus
295 939 325 996 in
335 940 420 996 Patre
430 949 559 1010 generet,
567 957 628 997 non
638 949 739 998 autern
753 940 783 996 in
794 939 818 998 F
819 939 869 997 ilio
880 950 909 998 et
919 941 1064 1013 SpirituS.
1072 961 1080 1012 3
1090 941 1220 1011 jamvero

119 1026 285 1086 intelledtus
299 1027 328 1084 in
340 1029 425 1085 Patre
434 1038 563 1099 generat,
580 1027 650 1100 quia
663 1028 846 1093 modificatur
857 1028 994 1086 relatione
1000 1025 1202 1098 paternitatis.

155 1113 245 1171 Ratio
258 1114 487 1172 fundamentalis
505 1114 594 1186 hujus
613 1115 757 1174 dottrinae
775 1115 1080 1174 aSalnianticensibus
1099 1113 1219 1172 traditur

119 1200 149 1269 (l.
160 1218 186 1257 c.
200 1219 227 1257 n.
238 1204 284 1273 48)
296 1222 302 1258 :
317 1201 520 1272 processiones
530 1202 559 1258 in
571 1202 678 1259 divinis
689 1202 876 1265 debent'esse
885 1203 969 1261 aelus
980 1202 1097 1259 illarum
1109 1200 1219 1269 virium,

120 1308 156 1347 ex
168 1291 277 1363 quibus
290 1291 364 1349 ratio
379 1290 464 1348 reddi
479 1290 572 1362 possit
585 1308 637 1346 cur
651 1308 711 1347 una
723 1308 824 1348 earum
843 1291 881 1349 sit
900 1291 987 1363 prior,
1004 1299 1034 1348 et
1052 1289 1112 1346 alia
1125 1298 1219 1361 poste·

120 1377 184 1448 rior,
201 1397 252 1435 cur
264 1397 323 1435 una
336 1377 373 1436 sit
385 1378 545 1450 generatio,
562 1378 620 1435 alia
634 1364 702 1437 veio
716 1398 786 1452 non,
802 1399 854 1439 cur
867 1380 989 1439 tandem
1002 1379 1072 1437 duae
1086 1378 1147 1436 sint
1161 1388 1220 1434 tan-

119 1475 181 1523 turn
202 1466 422 1537 processiones3
447 1465 538 1536 atqui,
555 1465 651 1536 positis
663 1466 811 1524 Durana'i
828 1467 981 1539 opinione,
996 1465 1061 1522 haec
1081 1465 1219 1537 explicari

120 1561 280 1625 nequeunt,
303 1551 372 1608 dum
391 1568 408 1609 e
426 1561 530 1608 contra
558 1552 587 1607 in
615 1552 764 1610 sententia
791 1554 891 1611 nostra
919 1553 995 1611 bene
1022 1552 1220 1623 explicantur;

118 1639 229 1697 etenim
242 1638 266 1696 si
280 1638 485 1712 processiones
499 1638 671 1696 immediate
685 1641 743 1696 sint
756 1657 773 1696 a
791 1641 903 1710 natura,
920 1639 1001 1697 nulla
1019 1647 1063 1696 est
1083 1639 1159 1696 ratio
1172 1655 1220 1695 cur

119 1744 178 1787 una
191 1725 228 1788 sit
247 1726 326 1798 prior
337 1726 435 1796 altera
452 1725 498 1784 vel
511 1727 563 1782 cur'
577 1744 636 1782 una
649 1726 685 1784 sit
699 1728 859 1798 generatio,
874 1726 965 1786 altera
977 1745 1047 1797 non,
1060 1744 1157 1798 quum
1171 1743 1221 1798 per

119 1805 274 1885 utramque
287 1823 392 1870 natura
404 1812 641 1870 communicetur
654 1822 684 1870 et
698 1814 822 1885 quidem
834 1813 873 1872 ab
884 1813 992 1872 eodem
1004 1813 1165 1886 principio,
1177 1812 1220 1870 vel

118 1917 171 1957 cur
187 1917 248 1958 non
262 1899 321 1957 sint
333 1896 432 1972 plures
443 1917 533 1970 quarn
546 1899 615 1970 duo,
630 1899 653 1956 si
668 1901 747 1957 enim
761 1900 862 1959 divina
875 1901 1040 1958 fecunditas
1054 1900 1144 1957 unicis
1156 1917 1219 1973 pro·

119 1987 253 2045 cessione
264 2005 324 2044 non
335 1987 462 2055 satiatur,
477 2003 530 2043 cur
538 1986 650 2058 duplici
662 1987 801 2045 satietur?
832 1988 857 2044 E
869 1997 972 2045 contra
982 1988 1005 2044 si
1015 1987 1220 2060 processiones

119 2075 290 2134 immediate
300 2075 392 2132 fluant
401 2074 439 2132 ab
450 2073 640 2132 intelleituet
649 2074 809 2144 uoluntate,
821 2075 885 2133 haec
893 2075 994 2132 omnia
1002 2075 1219 2147 intelliguntur:

118 2180 196 2230 narn,
213 2179 282 2217 cum
296 2160 458 2218 intelleelio
471 2160 507 2218 sit
521 2160 616 2231 logice
630 2163 771 2220 volitione
784 2163 872 2235 prior,
881 2163 1031 2235 processio
1044 2181 1098 2235 per
1110 2163 1219 2221 intelle-

118 2248 200 2306 ttum
220 2248 315 2319 logice
334 2248 413 2319 prior
431 2257 476 2306 est
494 2249 684 2320 processione
698 2267 750 2321 per
763 2249 944 2308 voluntatem
954 2270 962 2322 3
987 2267 1056 2306 cum
1070 2251 1219 2322 processio

118 2356 170 2411 per
183 2336 366 2395 intelleelum
380 2336 417 2392 sit
429 2334 625 2406 aliquomodo
638 2344 790 2407 conceptus,
807 2355 866 2393 non
880 2346 925 2394 est
944 2337 1051 2393 mirum
1071 2337 1155 2409 quod
1174 2355 1219 2409 ge-

119 2427 231 2485 neratio
244 2435 380 2496 vocetur3
407 2441 475 2480 cum
489 2423 518 2478 in
533 2425 636 2480 natura
650 2442 723 2495 pure
736 2424 926 2482 intelleetuali
947 2423 1015 2482 duae
1028 2423 1087 2482 sint
1106 2433 1219 2482 tantum

119 2513 461 2588 potentiae‚intelligitur
479 2513 633 2582 quomodo
653 2513 721 2570 duae
740 2522 852 2570 tantum
873 2513 931 2570 sint
949 2513 1164 2584 processiones,
1190 2521 1219 2569 ut

118 2623 206 2676 supra
219 2602 438 2681 explicavimus.

154 2725 209 2791 148.
249 2722 275 2780 2⁰
286 2723 354 2796 Jam
368 2722 557 2795 probavimus
570 2727 697 2792 quotuor
709 2721 859 2778 relationes
877 2738 941 2779 esse
954 2720 984 2777 in
1000 2721 1075 2790 Deo,
1093 2737 1218 2793 quarum

119 2820 175 2870 tres
194 2818 307 2868 tantrenr
329 2811 448 2867 realiter
465 2809 501 2865 ab
523 2809 639 2865 inor'cenr
658 2809 888 2879 distinguuntur,
906 2818 1023 2879 tresque
1036 2809 1220 2866 constituunt

20 2926 22 2930 ⁴
118 2908 268 2970 personas.
307 2897 366 2956 Sed
379 2898 499 2968 insuper
512 2896 636 2967 quinque
648 2905 716 2952 sunt
735 2896 765 2952 in
781 2896 847 2974 Deo
867 2896 1001 2962 notiones,
1016 2907 1046 2954 et
1063 2897 1123 2954 o'no
1140 2898 1222 2954 olins

118 2987 281 3045 noteonales.

152 3076 291 3133 lls'otiones
299 3074 422 3131 dirrineel
435 3083 503 3130 sunt
512 3079 591 3142 notre,
603 3090 655 3129 seu
664 3072 841 3129 characteres
848 3072 973 3143 proprii,
987 3073 1221 3145 quibuspersonce

117 3160 357 3232 diprroscnntnret
367 3159 527 3217 abinvicem
538 3159 761 3229 lt'rtingnnntnr
770 3181 780 3214 :
791 3159 830 3216 ab
841 3159 912 3231 ipsis
921 3160 1116 3219 relationibus
1126 3162 1220 3219 lluunt

119 3260 147 3308 et
160 3249 290 3321 aliquam
303 3248 475 3319 dignitatem
494 3248 665 3319 important,
682 3257 806 3319 quaeest
821 3247 941 3319 propria
956 3247 1005 3303 uni
1025 3265 1163 3319 personae
1176 3247 1219 3306 vel

118 3338 235 3397 duabus
248 3348 372 3396 tantum.

153 3429 200 3499 (Α)
217 3429 291 3484 Duae
306 3427 382 3482 Patri
395 3425 595 3483 conveniunt:
616 3425 655 3495 (a)
668 3424 894 3490 innascibilitas,
910 3422 981 3495 quia
996 3422 1081 3479 Pater
1100 3440 1118 3479 a
1138 3422 1219 3480 nullo

118 3514 270 3588 procedit;
290 3515 329 3584 (b)
344 3513 497 3572 Generatio
507 3531 558 3570 seu
568 3513 734 3584 paternitas,
743 3513 812 3584 quia
825 3519 946 3582 generat
955 3508 1075 3576 Filium;
1094 3520 1124 3567 et
1132 3511 1218 3568 etiam

117 3603 239 3675 spiratio
251 3602 356 3670 aliiue,
375 3619 441 3671 quae
455 3610 554 3657 tamen
570 3618 630 3656 non
645 3600 761 3656 realiter
774 3598 965 3664 distinguitur
984 3615 1000 3654 a
1017 3597 1220 3664 generatione.

118 3709 210 3761 quum
224 3689 279 3761 ipsi
294 3706 353 3744 non
368 3696 547 3759 opponatur.

153 3778 200 3848 (Β)
216 3778 291 3833 Duae
306 3775 397 3831 Filio:
419 3775 458 3844 (a)
471 3773 600 3839 Filiotro,
617 3772 687 3845 quia
700 3792 717 3829 a
732 3773 817 3830 Patre
831 3771 968 3843 procedit
986 3789 1038 3842 per
1057 3789 1158 3829 veram
1171 3789 1217 3842 ge-

117 3864 316 3933 nerationem
335 3864 375 3933 (b)
390 3861 520 3932 Spiratio
532 3862 635 3931 allino,
653 3880 720 3932 quae
735 3861 787 3931 ipsi
799 3858 975 3933 ¹communis
989 3868 1032 3916 est
1046 3876 1114 3916 curn
1134 3860 1219 3917 Patre

118 3953 186 4024 quia
200 3970 339 4008 unacum
354 3951 403 4007 illo
417 3950 507 4021 spirat
522 3950 663 4022 Spiritum
679 3949 833 4006 Sanctum.

152 4137 209 4189 ¹Cf.
230 4138 259 4188 S.
275 4138 301 4188 T
298 4137 324 4188 n.
348 4154 372 4204 q.
390 4151 436 4205 3²3
456 4137 571 4201 Saurea,
586 4136 602 4187 l.
621 4136 653 4200 V,
667 4152 691 4187 c.
710 4151 785 4201 9·10;
806 4109 973 4187 Salinantic.
990 4133 1061 4203 disp.
1073 4135 1136 4202 7ΧΙ;
1155 4139 1219 4192 Bil-

117 4223 204 4286 lnart‚
220 4223 286 4278 diss,
301 4224 348 4288 IV,
363 4242 386 4275 a.
402 4226 425 4275 6.
