2684 4634
236 180 615 266 Du'cortstscrnnus
632 217 876 278 UTRIUSQUE
897 221 1118 271 MYSTERII.
1157 223 1223 273 599
1325 267 1329 274 .

119 390 155 449 lis
176 395 293 465 peccati
313 395 477 467 inquinata,
500 396 558 453 hoc
579 395 734 467 derogaret
755 396 891 469 dignitati
912 397 1032 464 Christi,
1056 399 1221 461 secundum

120 493 212 548 quam
226 490 272 538 est
284 481 456 539 universalis
469 482 603 539 omnium
618 482 751 540 Salvator
759 483 782 538 ''.
816 482 908 555 Quod
922 483 952 540 in
965 484 1128 543 duodecim
1141 485 1221 542 circi·

120 572 165 620 ter
183 564 249 622 aliis
267 566 339 624 locis
358 568 473 639 repetit.
513 568 559 624 Ex
576 569 700 626 adverso
719 578 818 626 autem
836 568 867 625 in
887 569 989 640 paucis
1007 570 1072 627 aliis
1089 570 1153 633 hnc
1170 581 1221 628 aut

119 649 229 708 similia
241 651 331 711 habet
344 674 351 710 ε
368 654 476 712 “Talis
489 655 543 712 suit
556 655 668 727 puritas
681 654 715 712 B.
732 654 871 726 Virginis,
887 672 955 727 quae
967 675 984 714 a
997 667 1124 728 peccato
1134 657 1221 730 origi-

120 736 181 793 nali
193 748 224 796 et
237 739 344 797 adtuali
358 740 499 797 immunis
512 741 590 798 fuit''
599 741 648 810 (In
659 761 681 811 1,
693 741 721 798 d.
733 758 777 814 44,
788 760 815 813 q.
829 761 852 808 1,
864 759 889 799 a.
903 746 940 813 3).
981 742 1026 799 Ex
1035 760 1098 815 quo
1109 743 1219 802 initum

120 835 164 882 est
184 837 217 883 ut
236 827 300 898 ejus
318 827 455 899 discipuli
475 828 515 886 de
533 830 596 899 eius
615 838 715 885 mente
734 828 948 899 disputaverint
967 847 1002 886 ac
1021 830 1114 889 etiam
1130 830 1220 889 bodie

119 910 284 983 disputent.
311 914 422 972 Nostro
439 914 562 986 judicio,
582 914 632 986 pia
650 911 785 969 dodtrina
804 912 842 970 de
861 912 1052 970 immaculato
1072 923 1220 986 conceptu

119 998 150 1055 in
170 999 307 1058 Ecclesia
326 1002 432 1059 Latina
450 1001 625 1060 obnubilata
643 1001 747 1064 suerat,
763 1017 799 1056 ac
813 999 946 1071 plerique
964 1000 1095 1072 theologi
1115 1019 1134 1058 a
1151 1019 1216 1060 saec.

119 1084 184 1141 XII
197 1087 238 1144 ad
250 1087 326 1144 XIV
338 1088 395 1144 haic
407 1088 446 1146 de
459 1106 490 1146 re
502 1088 688 1157 dubitabant,
702 1096 735 1144 ut
743 1087 804 1157 jam
817 1087 953 1145 diximus.
991 1087 1084 1160 Quod
1093 1107 1111 1145 a
1121 1106 1219 1146 recen-

119 1170 247 1229 tioribus
259 1174 424 1231 editoribus
437 1174 464 1232 S.
479 1174 698 1231 Bonaventurae
711 1174 751 1230 ita
764 1173 926 1245 explicatur
941 1173 1050 1244 (Schol.
1067 1175 1097 1231 in
1110 1193 1136 1247 3,
1149 1175 1177 1233 d.
1192 1193 1216 1245 3,

118 1276 144 1316 a.
163 1278 186 1316 1.
203 1278 233 1331 q.
252 1261 296 1331 1):
317 1262 383 1320 “Et
395 1280 505 1328 revera,
520 1260 623 1319 habita
641 1261 755 1319 ratione
773 1260 908 1318 omnium
921 1261 1217 1339 circumstantiarum,

119 1346 185 1404 haec
197 1347 344 1406 haesitatio
357 1359 429 1407 tunc
442 1360 503 1408 erat
516 1349 604 1407 laude
616 1350 708 1420 digna
726 1358 756 1406 et
776 1348 861 1419 quasi
880 1348 1052 1406 necessaria.
1089 1350 1221 1407 Assertio

119 1433 202 1491 enim
217 1435 305 1506 hujus
318 1437 462 1508 privilegii
482 1437 513 1493 in
532 1434 770 1494 occidentalibus
788 1434 871 1492 terris
884 1433 1039 1493 videbatur
1051 1454 1147 1507 nova3
1165 1437 1220 1493 Ec-

119 1520 211 1579 clesia
233 1523 368 1581 nondum
387 1523 501 1594 aliquid
520 1524 766 1582 determinaverat
787 1523 826 1580 de
848 1521 904 1578 hac
923 1522 1096 1594 quaestione,
1115 1525 1220 1584 eadem

120 1608 230 1665 festum
240 1608 456 1682 Conceptionis
468 1613 502 1668 B.
514 1612 644 1684 Virginis
658 1611 757 1684 potius
770 1609 925 1667 videbatur
938 1610 1062 1667 tolerare
1075 1609 1103 1666 in
1117 1611 1220 1682 aliqui-

119 1693 176 1752 bus
188 1695 264 1754 loeis
276 1715 367 1768 quam
385 1699 571 1771 approbare3
591 1699 687 1771 praxis
706 1697 848 1755 Ecclesiae
868 1698 980 1756 Graecae
1001 1708 1031 1755 et
1049 1699 1148 1770 plures
1168 1701 1220 1756 Pa-

119 1793 198 1840 trum
211 1800 375 1855 graecorum
389 1777 543 1844 senten'tiae
554 1787 583 1843 in
594 1785 760 1845 Occidente
773 1794 845 1840 tunc
858 1803 919 1842 non
932 1785 1134 1857 innotuerant;
1148 1804 1220 1844 non-

119 1870 194 1929 dum
207 1871 346 1943 eliquatae
358 1882 441 1930 erant
457 1890 560 1945 graves
572 1872 767 1941 difficultates
784 1889 852 1941 quae
871 1889 906 1929 ex
924 1872 1144 1930 universalitate
1156 1884 1219 1931 tum

120 1958 238 2030 peccati
250 1958 400 2031 originalis
414 1957 477 2017 tum
490 1959 704 2032 redemptionis
717 1960 817 2030 petitae
834 1958 1053 2030 objiciebantur
1064 1981 1072 2031 ;
1090 1960 1222 2032 denique

121 2046 160 2113 (et
173 2045 234 2103 hoc
246 2063 437 2118 summopere
456 2047 580 2118 dignum
599 2055 644 2104 est
662 2044 882 2117 observatione)
901 2047 989 2118 primi
1008 2048 1136 2106 fautores
1156 2050 1221 2108 sesti

120 2132 337 2204 Conceptionis
350 2143 379 2190 et
392 2132 564 2192 defensores
577 2134 665 2204 hujus
678 2133 821 2204 privilegii
836 2132 876 2190 ita
889 2134 966 2191 male
978 2134 1037 2191 hoc
1049 2136 1222 2206 mysterium

120 2219 318 2293 explicabant,
328 2221 404 2278 veris
414 2221 486 2278 salsa
496 2220 704 2279 immiscebant
716 2230 745 2278 et
758 2219 893 2277 invalidis
906 2221 953 2278 vel
966 2221 1046 2278 salsis
1058 2222 1222 2280 rationibus

119 2304 348 2371 confirmabant,
358 2314 391 2362 ut
404 2322 506 2362 eorum
522 2307 721 2378 positionibus
734 2316 764 2364 et
777 2307 834 2379 piae
847 2308 1003 2366 sententiae
1013 2311 1055 2365 sic
1064 2309 1223 2370 intelledtae

119 2395 183 2462 iure
192 2390 462 2449 contradicendum
481 2404 558 2452 esset
568 2394 592 2451 ''.
630 2394 749 2467 Quibus
768 2394 881 2467 positis,
896 2413 931 2452 ac
950 2395 1020 2454 data
1038 2396 1222 2456 haesitatione

120 2478 297 2538 eximiorum
311 2478 423 2536 Mediae
436 2479 545 2535 AEtatis
560 2478 736 2546 Dotlorum,
749 2477 843 2548 magis
862 2495 897 2534 ac
914 2479 1008 2549 magis
1022 2489 1102 2550 patet
1115 2481 1222 2538 doctri-

120 2559 188 2625 nam
203 2567 243 2624 de
257 2565 455 2624 Immaculato
468 2565 636 2638 Conceptu,
647 2564 765 2621 nonnisi
780 2565 939 2635 adjuvante
952 2583 987 2621 ac
999 2566 1146 2638 dirigente
1159 2568 1222 2640 Spi-

119 2652 175 2709 ritu
189 2649 229 2717 S.,
244 2648 275 2706 in
289 2648 423 2706 Ecclesia
436 2649 629 2707 universalem
644 2651 705 2709 fieri
720 2652 859 2723 potuisse.

161 2811 233 2879 279.
278 2800 418 2864 Ratione
431 2803 588 2864 suadetur
599 2816 618 2864 1.
666 2805 766 2866 Ratio
785 2804 848 2866 hoc
872 2804 1066 2885 mysterium
1084 2807 1221 2869 demon·

120 2916 224 2969 strare
233 2904 421 2985 nequit,sed
433 2904 541 2967 solum
552 2905 622 2985 ejus
635 2907 901 2968 convenientiam
913 2909 1088 2970 ostendere
1101 2905 1222 2989 potest:

120 3006 178 3090 (A)
191 3006 353 3087 Exparte
369 3005 502 3070 Christi.
548 3008 698 3070 Decebat
711 3019 748 3072 ut
761 3009 911 3072 Christus
927 3010 1064 3092 eligeret
1081 3022 1220 3075 matrem

120 3110 181 3172 sibi
198 3109 346 3190 dignam,
362 3109 395 3170 in
412 3119 575 3189 quantum
593 3109 661 3173 fieri
678 3121 806 3192 potest3
831 3112 922 3192 atqui
940 3114 967 3174 si
985 3113 1093 3179 Maria
1108 3115 1223 3178 fuisset

120 3194 284 3292 concepta
306 3211 340 3272 in
364 3222 502 3292 peccato
519 3213 680 3293 originali,
697 3234 762 3276 non
781 3214 896 3278 suisset
912 3216 1015 3295 digna
1032 3216 1100 3279 fieri
1118 3229 1223 3280 mater

120 3315 224 3397 ipsius
246 3309 442 3390 sanititatiS,
458 3315 516 3376 sed
541 3316 652 3396 potius
676 3317 762 3379 illius
786 3318 969 3397 ignominia
985 3320 1017 3380 in
1036 3320 1156 3383 Filium
1174 3343 1221 3384 re-

120 3419 313 3493 dundasset,
327 3417 427 3498 iuxta
451 3418 554 3481 illud:
578 3420 713 3498 “gloria
736 3421 878 3482 filiorum
903 3431 1014 3501 patres
1037 3442 1151 3485 eorum
1165 3424 1220 3498 ''²;

120 3524 189 3585 imo
212 3541 346 3603 prorsus
369 3521 518 3598 decebat,
535 3531 580 3597 ut,
597 3524 681 3585 sicut
699 3525 901 3604 Unigenitus
926 3525 959 3586 in
978 3525 1071 3586 coelis
1089 3527 1220 3590 Patrem

119 3625 247 3699 habuit,
261 3645 361 3706 quern
379 3625 554 3706 Seraphim
580 3636 629 3688 ter
650 3625 802 3689 sanetum
824 3628 1000 3704 extollunt,
1018 3630 1064 3692 ita
1081 3640 1220 3693 matrem

119 3728 259 3791 haberet
274 3726 307 3789 in
324 3728 427 3803 terris,
443 3730 519 3808 quae
535 3730 642 3791 nitore
658 3728 844 3793 sanititatis
862 3751 1033 3812 nunquam
1050 3735 1199 3797 caruerit.

164 3824 234 3916 (B)
247 3830 302 3892 Ex
305 3840 404 3911 parte
415 3830 443 3893 S
445 3830 480 3894 S.
498 3831 681 3895 Trinitatis.
721 3833 756 3896 B.
770 3833 882 3915 Virgo,
895 3843 1012 3913 utpote
1025 3834 1135 3898 Mater
1148 3837 1221 3912 Dei,

118 3930 280 4016 speciales
295 3932 473 3996 relationes
489 3934 590 3996 habet
612 3955 686 3997 cum
710 3936 814 3997 tribus
836 3937 956 3998 divinis
978 3939 1148 4017 personis;
1171 3949 1221 4002 est

153 4147 162 4171 ¹
177 4141 219 4196 Cf.
233 4140 360 4225 Bossuet,
375 4142 464 4195 Serm.
478 4159 549 4211 pour
561 4142 589 4194 la
601 4143 656 4197 sete
669 4142 705 4196 de
721 4145 748 4196 la
766 4145 959 4212 Conception;
978 4147 1137 4210 Monsabvt,
1154 4149 1217 4201 Car.

119 4230 198 4295 1877,
211 4240 246 4295 30
259 4228 354 4293 Corsa
373 4230 417 4281 De
429 4230 617 4297 Pergamena,
632 4247 674 4299 op.
690 4230 735 4283 cit.
750 4240 768 4284 t.
785 4231 807 4298 l,
820 4249 848 4301 p.
864 4233 956 4301 76·<)7.

150 4316 255 4367 ³Pmu
269 4314 300 4365 X
303 4314 342 4365 VI
344 4315 365 4376 l,
381 4318 405 4367 ti.
