2684 4620
492 179 549 229 DE
567 177 752 229 HOMINE.
1104 177 1165 226 401

837 286 1169 303 -n——n—--a——ae-

61 380 142 425 mus
155 361 383 426 conditionem
401 383 467 426 non
481 362 640 445 implevit,
651 361 714 424 hoc
731 361 792 444 ipsi
805 361 885 424 vitio
898 359 1094 422 vertendum
1107 367 1167 432 est,

63 485 134 527 non
154 465 239 528 Deo.
285 467 418 542 Pariter,
434 469 465 530 vi
487 465 709 543 solt‘daritatts,
728 464 876 528 membra
899 464 1047 545 ejusdem
1073 462 1167 525 sami-

66 567 130 643 liae,
143 569 197 631 vel
213 569 356 633 civitatis
371 580 429 634 aut
445 571 536 651 regni
553 570 600 634 ita
616 567 866 645 connectuntur,
879 577 924 645 ut,
942 567 968 628 si
985 586 1085 629 unum
1110 585 1167 646 pa-

68 671 182 748 tiatur,
198 672 262 734 alia
278 674 379 735 etiam
399 675 468 755 pati
493 689 626 736 necesse
642 674 720 751 sit1;
752 673 840 753 quod
863 671 1045 753 praesertim
1062 667 1167 731 verifi-

70 783 166 837 catur
188 776 323 856 quando
346 787 447 858 caput
469 777 556 840 illius
591 777 767 854 societatis,
791 796 857 839 non
892 775 999 838 solum
1034 773 1168 855 proprio

71 877 217 954 nomine,
231 880 289 941 sed
308 869 442 942 nomine
457 881 560 943 totius
577 881 723 962 corporis
740 879 874 943 moralis
890 881 967 961 agit.
1015 880 1081 941 Res
1098 876 1169 938 illu-

71 981 167 1042 strari
196 990 308 1061 potest
330 983 487 1064 exemplo
511 985 623 1065 Regis,
639 985 695 1065 qui
718 983 948 1065 patrifamilias
971 991 1005 1046 et
1028 981 1168 1064 posteris

72 1081 142 1162 ejus
155 1083 245 1145 dona
261 1086 414 1166 quaedam
431 1088 576 1168 gratuita
589 1107 716 1151 necnon
730 1098 763 1151 et
779 1078 973 1151 familiarem
987 1070 1167 1150 amicitiam

73 1187 262 1264 contulerit,
278 1189 484 1271 volueritque
500 1190 571 1253 haec
588 1191 701 1254 omnia
722 1211 742 1252 a
759 1199 852 1272 patre
869 1191 901 1253 in
919 1191 1003 1253 filios
1019 1188 1169 1263 derivari,

32 1378 41 1387 ·
73 1289 259 1354 dummodo
274 1301 384 1355 tamen
402 1294 576 1374 positivam
595 1293 820 1357 conditionem
841 1293 1013 1356 donationi
1037 1291 1168 1373 apposi-

74 1402 143 1456 tam
169 1393 309 1459 fideliter
331 1397 518 1460 servaverit.
563 1398 718 1478 Jamvero
741 1398 768 1457 si
791 1407 894 1478 pater,
916 1397 972 1478 qui
996 1406 1046 1458 est
1069 1403 1169 1476 caput

74 1498 177 1560 totius
202 1498 344 1577 samiliae,
368 1500 468 1564 libere
499 1499 584 1562 hanc
616 1500 840 1562 conditionem
864 1500 1043 1575 violaverit,
1068 1499 1169 1579 Regis

16 1604 22 1609 “
74 1601 256 1665 amicitiam
273 1605 428 1685 donaque
437 1604 584 1685 gratuita
599 1624 664 1665 non
683 1603 790 1666 solum
803 1603 874 1677 sibi,
887 1602 944 1667 sed
962 1603 1062 1665 etiam
1076 1600 1172 1662 fami-'

75 1702 127 1766 liae
144 1725 215 1766 suae
238 1707 371 1784 amittit,
387 1716 420 1770 et
437 1708 506 1788 ipse
522 1727 597 1769 cum
614 1707 681 1769 suis
705 1727 827 1768 exosus
851 1707 961 1769 evadit
979 1706 1073 1786 Regi,
1089 1705 1169 1785 quin
1266 1746 1268 1750 ι

71 1805 206 1887 justitia
226 1808 363 1874 mininie
385 1810 533 1874 laedatur.
578 1811 680 1873 Porro
696 1829 746 1872 res
763 1810 809 1872 ita
825 1830 860 1870 se
876 1808 992 1871 habuit
1009 1809 1111 1870 relate
1127 1808 1169 1868 ad

74 1911 219 1992 gratiam
243 1921 416 1995 ceteraque
440 1915 528 1977 dona
551 1914 696 1995 gratuita
719 1913 830 1994 generi
854 1911 1002 1975 humano
1025 1910 1170 1974 collata:

76 2014 171 2077 Deus
196 2014 332 2079 Adamo
355 2017 492 2100 ejusque
516 2017 655 2099 posteris
679 2016 865 2079 contulerat
899 2017 988 2079 dona
1022 2014 1171 2077 indebita

75 2125 239 2199 suamque
254 2121 444 2196 amicitiam,
456 2124 496 2183 ea
511 2130 622 2184 tamen
632 2121 708 2201 lege
719 2128 755 2182 ut
765 2117 905 2182 fideliter
917 2119 1065 2182 divinum
1080 2120 1171 2179 m'an-

75 2223 195 2284 datum
211 2232 410 2301 servaretur3
434 2223 497 2286 hoc
514 2225 612 2307 igitur
624 2224 757 2300 violato,
768 2222 921 2285 Adamus
934 2222 995 2284 sibi
1012 2232 1045 2285 et
1062 2230 1172 2303 poste·

76 2324 120 2386 ris
133 2323 223 2406 juste
239 2325 376 2407 praefata
391 2328 480 2390 dona
496 2329 613 2390 amisit.

119 2426 190 2494 208.
235 2442 271 2490 2⁰
296 2430 414 2512 Neque
437 2431 608 2511 sapientire.
656 2431 833 2492 Peccatum
857 2431 1016 2511 originale
1034 2431 1097 2493 Dei
1122 2450 1172 2491 sa-

77 2532 214 2612 pientiae
237 2544 447 2615 repugnaret,
470 2536 497 2596 si
521 2535 623 2610 Deus,
646 2535 715 2596 sive
739 2542 818 2596 ante
841 2535 909 2596 sive
933 2542 1010 2614 post
1034 2532 1173 2614 lapsum,

77 2634 206 2701 homini
230 2637 375 2700 medium
400 2637 565 2701 sufficiens
586 2639 627 2700 ad
653 2636 752 2699 finem
769 2656 865 2699 suum
889 2636 1173 2717 supernaturalem

77 2739 312 2825 attingendum
329 2761 395 2803 non
413 2741 574 2817 dedisset;
598 2741 654 2803 sed
668 2740 731 2803 hoc
744 2740 807 2801 dici
822 2738 935 2818 nequit
951 2762 957 2800 :
982 2738 1073 2799 Deus
1086 2737 1173 2799 enim

77 2841 281 2909 conserendo
296 2847 521 2926 protoparenti
539 2855 653 2908 nostro
669 2853 870 2926 potestatem
888 2843 983 2904 nobis
1007 2841 1174 2903 transmit·

77 2944 170 3011 tendi
194 2947 346 3029 gratiam,
365 2948 564 3012 sufficienter
585 2959 617 3012 et
640 2949 807 3030 sapienter
830 2944 925 3007 nobis
949 2944 1091 3024 providit
1108 2963 1174 3004 me-

77 3052 167 3116 dium
202 3052 244 3114 ad
279 3051 378 3143 finem
412 3062 561 3115 nostrum
600 3048 887 3134 supernaturalem
923 3038 1203 3128 attingendum;'

78 3154 243 3236 siquidem
261 3154 423 3231 AdamuS‚
439 3165 574 3238 propter
589 3156 731 3218 eximias
748 3152 925 3236 qualitates
942 3151 1063 3233 quibus
1080 3170 1175 3213 orna-

112 3356 194 3435 ¹lpsi
215 3357 416 3414 Rationalistae.
428 3360 502 3413 hanc
520 3359 709 3412 solidarilatts
727 3358 813 3426 legem
839 3369 992 3424 agnoscere
1011 3361 1148 3419 coguntur
1171 3369 1176 3404 :

10 3462 13 3495 ὲ
78 3443 203 3509 “Nostri
223 3445 357 3514 temporis
374 3444 483 3514 gallicis
497 3445 672 3514 philosophis
686 3444 767 3497 valde
781 3459 879 3510 urgere
893 3440 996 3511 placuit
1010 3456 1073 3492 eam
1093 3455 1177 3507 quarn

77 3531 201 3587 hurnam'
212 3533 325 3600 generis
335 3533 540 3586 solidaritatem
554 3532 713 3601 appellant;
739 3530 840 3599 quibus
854 3527 946 3581 verbis
960 3525 1117 3595 significare
1131 3543 1177 3578 vo·

78 3618 138 3675 lunt
151 3618 224 3673 duos
236 3617 365 3672 homines
378 3617 495 3673 minime
508 3619 545 3673 ad
560 3618 679 3672 invicem
693 3633 756 3672 esse
770 3615 1002 3685 independentes,
1016 3612 1088 3666 sicut
1107 3613 1178 3666 duas

78 3706 195 3760 arbores
204 3704 283 3775 juxta
295 3706 412 3775 positas,
425 3707 476 3761 sed
488 3722 664 3774 gemmarum
674 3704 846 3772 (boraergeons,
859 3700 938 3767 buds)
953 3700 1041 3753 instar
1053 3700 1179 3768 ejusdem

77 3792 188 3849 arboris
201 3803 249 3849 aut
262 3793 340 3848 rami.
381 3796 489 3848 Omnes
502 3809 630 3861 gemmas
644 3808 745 3845 succus
764 3789 921 3843 communis
934 3786 1068 3840 circumit.
1107 3787 1178 3839 Cum

77 3880 188 3937 arboris
210 3881 268 3937 vita
287 3881 316 3935 in
336 3881 480 3935 radicibus
498 3881 634 3934 damnum
653 3880 765 3948 patitur,
776 3879 803 3932 in
826 3875 912 3931 ramis
926 3875 969 3929 vel
989 3884 1096 3938 trunco,
1110 3871 1179 3940 ipsae

10 3984 12 4037 j
77 3986 201 4039 gemmae
218 3967 329 4039 jadiura
348 3968 513 4023 afficiuntur.
554 3967 635 4021 Idem
654 3966 684 4019 fit
703 3966 739 4019 de
758 3963 919 4018 hominibus
939 3977 1051 4029 magnae
1063 3959 1179 4012 humani

78 4056 192 4128 generis
204 4055 297 4111 arbori
311 4056 409 4112 insitis.
451 4056 545 4108 Nemo
558 4052 611 4107 sibi
624 4052 675 4107 soli
688 4051 756 4105 vivit
770 4060 818 4104 aut
831 4048 956 4114 moritur,
975 4057 1018 4101 ast
1032 4063 1096 4099 cum
1109 4044 1179 4114 pati-

78 4156 124 4200 tur
136 4145 216 4211 alter,
229 4145 372 4213 patiuntur
385 4158 499 4209 omnes;
518 4140 542 4193 si
555 4139 671 4193 humani
685 4137 797 4206 generis
811 4137 869 4188 vita
882 4151 992 4188 veneno
1010 4132 1037 4185 in
1058 4131 1108 4184 sua
1127 4131 1179 4183 ori-

79 4232 145 4307 gine
167 4228 297 4296 inlicitur,
317 4227 345 4282 in
370 4228 465 4282 omnia
491 4227 549 4296 ejus
571 4225 698 4281 membra
718 4223 813 4294 ipsum
838 4220 975 4292 guttatim
997 4217 1191 4272 munusue&

73 4318 117 4382 (st
127 4317 165 4380 fi}
181 4313 290 4380 Cerae,
309 4306 463 4379 Unitarius,
482 4314 607 4371 Orthod.
622 4333 654 4388 p.
676 4315 743 4386 136)

175 4424 303 4471 sruome
312 4426 347 4492 Il:
360 4430 386 4460 -‘
400 4432 432 4476 2⁶
