2684 4634
338 241 868 425 Ptolemaeus.

131 648 169 725 Ι.
194 645 486 745 Theologiae
508 641 814 743 dogmaticae
838 640 1076 740 specialis

322 757 587 858 objectum
608 761 661 838 et
679 755 885 834 divisi0.

96 957 144 1017 14
189 935 379 1020 Theologia
395 937 429 1018 (a
444 937 561 1018 graecis
576 937 712 998 vocibus
729 931 813 1013 Θεός,
830 932 929 1019 λόγος)
950 935 1037 998 idem
1055 953 1148 998 sonat
1240 1000 1242 1006 ,

52 1063 87 1104 ac
103 1062 293 1103 sermoseu
310 1039 462 1103 doitrina
485 1041 526 1102 de
551 1040 634 1116 De0,
650 1049 684 1101 et
707 1039 739 1100 iu
764 1061 862 1102 sensu
886 1037 1000 1102 stricto
1022 1040 1151 1101 definiri

52 1155 162 1226 potest
179 1166 186 1207 ε
214 1145 353 1207 scientia
365 1144 624 1225 supernaturalis
637 1144 800 1205 disserens
813 1142 855 1205 de
868 1144 942 1204 Deo
952 1152 985 1205 et
995 1143 1151 1205 creaturis

54 1258 220 1328 quatenus
236 1249 277 1310 ad
292 1248 380 1310 Eum
393 1247 582 1309 reseruntur.
630 1248 798 1310 Dividitur
809 1248 840 1308 in
853 1245 1067 1326 dogmaticam
1076 1267 1151 1328 quae

54 1352 211 1414 veritates
228 1352 412 1413 credendas
429 1346 661 1430 complectitur
676 1360 709 1412 et
725 1360 776 1413 est
792 1352 902 1430 regala
916 1350 1149 1424 credendorum,

54 1465 83 1519 et
106 1456 139 1517 in
165 1454 331 1530 moralem,
353 1475 428 1534 quae
452 1455 538 1515 circa
562 1474 664 1515 mores
685 1475 742 1515 seu
765 1454 890 1534 agenda
906 1463 1061 1527 versatur,
1078 1474 1149 1534 pro-

54 1569 234 1640 ptereaque
251 1559 362 1638 regala
381 1557 576 1639 agendorum
599 1568 816 1639 nuncupatur,
845 1558 968 1620 Iterum
983 1557 1149 1637 theologia

10 1708 14 1717 .
54 1663 248 1743 dogmatica
264 1662 487 1724 subdividitur
503 1662 534 1723 in
546 1662 730 1740 generalem
746 1682 803 1723 seu
811 1661 1102 1740 fundamentalem,
1117 1669 1151 1721 et
1265 1722 1267 1725 ,

10 1762 13 1767 ’
54 1766 216 1847 specialem
232 1789 244 1828 .·
263 1766 361 1846 prior
374 1765 577 1845 quaestiones
594 1766 700 1846 magis
717 1767 883 1846 generales
905 1775 938 1828 et
951 1764 1150 1844 fiendamen-
1221 1810 1225 1820 .
1258 1826 1262 1836 ,

56 1869 129 1931 tales
155 1869 339 1949 investigat
362 1869 449 1930 circa
472 1868 647 1943 credenda,
670 1890 712 1931 sc.
735 1868 920 1930 christiana
947 1866 1152 1930 revelationis

56 1971 236 2047 veritatem,
255 1971 401 2034 Ecclesia
414 1971 587 2034 catholicae
604 1971 635 2031 in
653 1970 845 2032 veritatibus
868 1969 1019 2031 revelatis
1042 1975 1150 2031 custo-

56 2075 185 2138 diendis
198 2085 233 2137 et
245 2076 504 2157 interpretandis
515 2073 964 2153 infallibilitatem,fontesque
974 2093 1018 2135 ex
1031 2073 1150 2152 quibus

55 2179 216 2258 dogmata
232 2178 395 2241 catholica
411 2180 531 2241 hauriri
545 2178 671 2259 possint
684 2189 712 2238 :1
730 2177 889 2257 posterior
899 2187 1010 2240 autem
1020 2177 1151 2257 singula

49 2281 127 2360 fidei
142 2282 300 2362 dogmata
317 2284 466 2363 exponit,
482 2284 627 2346 declarat
643 2292 676 2344 ct
688 2284 901 2345 demonstrat.
948 2283 1060 2365 Quum
1074 2304 1151 2344 vero

10 2384 20 2457 ξ
54 2383 120 2447 haec
143 2386 178 2446 in
205 2385 354 2465 Symbola
376 2387 602 2467 Apostolorum
625 2386 887 2448 substantialiter
910 2388 1151 2461 contineantur,

10 2452 18 2579 l
54 2488 225 2570 theologia
240 2491 432 2571 dogmatica
448 2492 599 2572 specialis
623 2490 703 2553 nihil
729 2489 818 2552 aliud
835 2499 886 2553 est
901 2490 963 2552 nisi
979 2490 1151 2573 scientifica

55 2589 80 2652 S
74 2591 204 2670 ymboli
217 2592 374 2672 expositio.

98 2763 144 2828 15.
193 2749 287 2813 Ordo
303 2772 401 2832 quem
418 2752 585 2832 sequimur
601 2752 701 2833 ipsius
719 2753 870 2833 Symboli
885 2753 1058 2834 praecipuis
1074 2758 1149 2818 arti-

51 2854 132 2915 culis
150 2855 339 2936 respondet,
356 2865 392 2918 ut
407 2854 509 2936 paulo
525 2855 711 2918 attendenti
728 2855 876 2937 patebit:

91 2975 115 3030 Ι.
142 2971 197 3035 De
215 2972 310 3036 Fide.
395 3021 400 3032 .
486 3020 491 3031 .
576 3021 582 3032 .
670 2975 796 3033 Credo...

71 3071 111 3127 II.
140 3068 197 3133 De
213 3070 289 3134 Deo
305 3088 376 3133 uno
396 3118 401 3129 .
487 3119 492 3128 .
577 3118 582 3129 .
666 3073 698 3128 in
713 3073 846 3130 Deum...

52 3167 111 3225 ΙΙΙ,
138 3166 193 3229 De
211 3167 285 3230 Deo
300 3167 401 3231 trino.
486 3217 491 3226 .
577 3216 581 3226 .
667 3171 822 3227 Patrem...
843 3177 870 3227 et
883 3171 992 3228 Filiam
1008 3179 1053 3230 ele.

59 3265 112 3322 1V.
139 3263 194 3327 De
206 3264 282 3328 Deo
292 3264 446 3330 Creante
461 3270 497 3329 et
509 3265 586 3328 Ele-

153 3366 261 3425 vante
303 3409 309 3420 .
393 3411 398 3421 .
484 3410 489 3420 .
574 3410 579 3421 .
668 3365 829 3424 Creatorem
845 3366 944 3423 callet
957 3374 1048 3424 terrae.

78 3461 115 3517 V.
142 3457 198 3522 De
212 3458 330 3524 Verbo
347 3459 538 3523 Incarnato
550 3465 587 3524 et

156 3557 396 3637 Redemptore
458 3594 489 3618 ·.
574 3605 580 3618 .
663 3562 733 3618 etin
741 3563 843 3639 Jesnm
858 3563 948 3618 thrn
964 3568 1038 3621 ete...

386 3657 557 3732 farnealiter
570 3676 620 3732 per

77 3739 130 3796 VI.
158 3736 213 3799 De
236 3736 312 3801 Deo
364 3737 528 3815 gratiam,
544 3661 676 3810 inserui

52 3817 314 3882 Sanctificante
390 3821 552 3877 eaentalinr
564 3838 616 3894 per
665 3815 674 3960 Ι

385 3903 621 3963 sacramenta

53 4000 122 4058 Vll.
150 3997 205 4062 De
221 3995 297 4061 Deo
314 3995 607 4062 Remuneratore.
690 3999 785 4056 carnes
808 4000 1043 4071 resnrrellionem,
1060 4003 1148 4059 attam

522 4112 524 4117 ·
853 4088 994 4138 (eternam.

691 3780 721 3835 in
737 3780 881 3853 Spiritum
896 3782 1065 3840 sanilam...

87 4261 95 4286 ¹
111 4265 185 4320 Haec
198 4264 295 4320 omnia
308 4265 501 4335 expenduntur
514 4266 542 4319 in
557 4267 679 4335 Synapsz'
695 4267 721 4318 T
717 4266 847 4335 leatania
861 4268 1101 4321 lffuanmnnala:
