2684 4634
261 126 263 131 ·
303 108 359 159 DE
377 110 725 162 OPERATIONIBUS
744 111 918 162 Divum.
1105 113 1160 166 141

58 310 145 367 nam,
162 298 201 353 ut
217 287 305 353 redte
320 292 367 354 ait
392 290 428 354 S.
449 291 481 354 T
477 291 616 366 namins
640 291 796 355 voluntas
819 291 1024 357 intelledium
1048 314 1162 358 conse-

56 393 181 474 quitur,
191 394 397 476 proindeque
408 394 441 457 in
451 394 602 477 quolibet
611 395 755 480 habente
766 394 972 460 intelledium
985 407 1036 459 est
1047 398 1162 461 volun·

57 506 118 572 tas,
133 496 224 559 sicut
238 496 271 558 in
288 496 439 577 quolibet
453 496 598 560 habente
610 519 743 562 sensum
757 509 808 562 est
820 501 989 582 appetitus
1001 501 1161 566 animalis.

55 595 226 660 Voluntas
241 607 352 660 autem
369 597 483 661 divina
498 600 541 660 ab
556 600 701 663 essentia
717 622 782 664 non
796 602 928 666 realiter
938 602 1163 684 distinguitur,

55 701 150 775 sedt‘
160 700 249 763 sicut
263 722 359 765 suum
376 701 561 783 intelligere
576 714 627 767 est
643 725 739 767 suum
756 725 837 781 esse,
852 705 899 769 ita
915 715 948 768 et
971 726 1067 768 suum
1090 727 1162 768 esse

55 813 108 867 est
122 791 224 867 suum
240 804 356 873 velle'’.
402 806 563 868 Dicemus
578 806 621 868 de
636 806 757 889 obstito,
772 808 1004 890 prcerogativis
1026 817 1060 872 et
1077 808 1162 872 divi-

53 906 204 971 sionibus
218 907 340 971 divinae
356 909 547 973 voluntatis.

279 1050 308 1108 1.
325 1049 382 1109 De
396 1049 548 1122 objecto
563 1049 708 1108 divinae
724 1050 950 1110 voluntatis.

99 1181 150 1245 93
202 1180 235 1228 10
249 1164 431 1249 Objedlum
446 1167 627 1230 voluntatis
643 1167 764 1231 divinae
779 1168 894 1231 bonnm
910 1190 990 1247 esse,
1002 1192 1101 1235 nemo
1113 1182 1163 1236 est

56 1271 115 1351 qui
131 1270 274 1346 dubitet,
288 1290 392 1351 quum
408 1269 515 1334 solum
529 1270 655 1332 bonum
668 1270 711 1335 sit
723 1272 910 1354 appetibile.
957 1275 1093 1356 Duplex
1106 1297 1163 1340 au-

56 1382 126 1436 tem
139 1370 310 1454 objedlum
323 1373 637 1437 divinaevoluntatis
645 1373 805 1455 distingui
815 1383 926 1455 potest
937 1399 945 1458 ς
959 1377 1163 1458 primarium

56 1484 109 1539 est
124 1475 202 1557 ipsa
216 1475 329 1538 divina
344 1475 498 1552 essentia,
513 1496 571 1538 seu
586 1475 728 1553 bonitas,
743 1478 970 1540 secundarium
982 1489 1060 1542 sunt
1076 1502 1163 1544 crea·

56 1588 152 1641 turae.
166 1631 168 1634 ,
199 1569 367 1642 Voluntas
383 1577 471 1642 enim
488 1575 736 1661 perfectissima,
750 1589 848 1660 prout
860 1589 910 1642 est
922 1579 1077 1644 voluntas
1090 1583 1164 1660 Dei,

56 1682 165 1744 fertur
173 1679 207 1743 in
220 1679 385 1761 objedium
399 1702 459 1764 pro
471 1682 573 1744 modo
586 1690 619 1744 et
631 1685 785 1744 mensura
797 1680 875 1743 boni
886 1684 976 1763 quod
992 1682 1054 1765 ipsi
1068 1685 1164 1764 inest;

55 1783 154 1865 atqui
177 1785 323 1847 essentia
345 1783 459 1848 divina
481 1792 532 1848 est
557 1803 724 1847 summum
750 1784 888 1859 bonum,
903 1786 983 1847 dum
1005 1797 1163 1852 creaturae

56 1906 126 1949 non
152 1885 277 1948 habent
299 1885 362 1948 nisi
389 1886 514 1949 bonum
538 1887 791 1968 participatum
817 1907 896 1968 ergo
919 1887 1013 1951 Deus
1035 1890 1107 1954 vult
1129 1913 1164 1955 se

55 1989 228 2071 primario,
253 1998 421 2053 creaturas
444 1998 556 2053 autem
582 1991 787 2054 secundario
833 1989 934 2072 Quod
959 1993 1005 2055 sic
1022 1993 1166 2059 breviter

55 2091 230 2156 contrahit
247 2092 282 2156 S.
299 2093 335 2155 Τ
330 2092 444 2156 homas
454 2115 466 2156 :
490 2092 573 2156 “Sic
590 2094 690 2174 igitur
705 2093 776 2156 vult
791 2100 826 2155 et
840 2113 876 2155 se
892 2102 926 2157 et
942 2095 1028 2159 alia:
1055 2099 1113 2161 sed
1130 2120 1165 2162 se

56 2196 220 2278 utfinem,
236 2195 302 2258 alia
316 2216 394 2259 vero
410 2205 449 2259 ut
461 2196 618 2278 adfinem
626 2197 668 2259 '’2.

99 2343 151 2409 94
199 2345 234 2394 2⁰
251 2330 370 2398 Relate
386 2332 428 2395 ad
444 2332 579 2406 malum,
591 2331 662 2393 haec
675 2331 854 2392 statuenda
869 2340 966 2394 sunt:
989 2332 1079 2396 Dens
1094 2335 1164 2397 nnl-

55 2436 128 2498 lum
145 2434 271 2496 malum
286 2445 351 2516 per
370 2455 405 2503 sn
424 2434 584 2509 intendit‚·
611 2433 734 2496 malum
750 2431 929 2513 physicum,
951 2454 1006 2495 seu
1028 2434 1166 2514 defetlns

57 2537 228 2600 naturales
244 2548 277 2600 et
290 2537 413 2601 malum
429 2548 533 2619 paenoe
554 2537 628 2600 vult
641 2548 705 2618 per
723 2534 885 2608 accidens,·
910 2535 1035 2599 malum
1057 2546 1165 2600 arctam

55 2641 158 2722 culpa
173 2660 237 2702 non
253 2636 396 2717 intendit
409 2661 508 2721 neque
515 2653 579 2721 per
590 2661 624 2702 se
639 2658 737 2724 pieque
744 2647 808 2716 per
821 2636 972 2712 accidens,
987 2638 1046 2699 sed
1062 2640 1166 2700 solnm

52 2741 230 2822 perrtzittit.
278 2742 415 2806 Certum
431 2750 483 2805 est
497 2755 615 2807 contra
630 2743 786 2822 antiquos
802 2739 986 2814 haereticoS,
1001 2760 1043 2801 sc.
1060 2741 1166 2804 Flori-

56 2844 184 2919 nianos,
200 2840 257 2922 qui
276 2839 328 2901 110
343 2837 465 2900 saeculo
480 2839 665 2902 docuerunt
682 2841 792 2903 Deum
810 2860 939 2903 creasse
955 2841 1051 2917 mala,
1061 2851 1094 2904 et
1110 2863 1166 2905 au-

57 2943 188 3008 &orem
205 2963 277 3006 esse
293 2941 421 3022 peccati
438 2943 568 3003 necnon
593 2942 772 3005 nonnullos
796 2963 840 3004 ex
863 2943 1094 3021 Novatoribus,
1110 2948 1167 3026 qui

58 3055 241 3110 tenuerunt
257 3044 368 3107 Deum
385 3041 429 3104 ab
440 3051 566 3105 aeterno
580 3044 674 3122 velle,
690 3035 868 3108 'decernere
884 3054 918 3107 et
930 3047 1167 3127 praedestinare

58 3159 208 3232 peccata,
223 3147 306 3210 etin
322 3155 474 3226 tempore
485 3156 652 3210 creaturas
664 3145 789 3211 diretl‘e
801 3147 851 3210 vel
866 3145 1023 3211 indiredle
1036 3150 1077 3211 ad
1091 3171 1166 3231 pec-

58 3256 173 3316 catum
190 3248 387 3331 impellere&

99 3403 149 3471 95
197 3385 257 3467 (A)
271 3385 363 3447 Deus
377 3384 505 3446 trullum
521 3385 645 3446 nicilum
654 3396 719 3465 per
731 3406 769 3476 se,
779 3383 939 3459 intendit,·
964 3405 1041 3447 nam
1054 3385 1166 3448 voiun-
1235 3425 1238 3430 ,

59 3499 111 3554 tas
127 3497 286 3571 appetere
301 3487 418 3568 nequit
434 3487 496 3548 nisi
512 3489 601 3568 quod
619 3496 670 3549 est
686 3487 812 3549 bonum
830 3487 898 3549 sive
915 3487 1003 3564 reale
1019 3487 1087 3549 sive
1110 3509 1167 3569 ap·

93 3686 149 3740 ²5.
169 3684 220 3737 Th.
237 3685 258 3750 Ι,
272 3701 297 3753 q.
315 3696 390 3750 19,·a.
408 3697 429 3738 1.
447 3712 482 3720 -
494 3686 504 3710 ²
518 3683 546 3736 S.
566 3683 615 3735 le.
633 3683 650 3735 l.
668 3700 690 3735 c.
705 3699 730 3736 a.
747 3697 771 3735 2.

92 3785 103 3817 ³
118 3774 163 3826 lta
176 3770 368 3837 Melamltton,
381 3797 415 3808 -
428 3769 475 3838 qui
489 3780 589 3839 postea
602 3783 698 3824 tamen
712 3768 740 3822 in
761 3767 972 3838 Augustodund
993 3769 1017 3822 C
1016 3769 1170 3838 onfessione

60 3859 134 3912 hunc
146 3873 271 3912 errorem
283 3853 450 3924 repudiavit,
462 3883 497 3894 -
509 3855 683 3924 Zwinglius,
699 3854 840 3908 Calvinus
852 3864 904 3909 etc.
946 3852 1071 3907 “Unum
1086 3853 1169 3919 igitur

59 3955 144 4016 atque
157 3943 235 3999 idem
246 3942 365 4011 facinus,
378 3951 447 4013 puta
459 3941 626 3996 adulterium
641 3952 688 3995 aut
702 3941 894 4009 homicidium,
907 3950 1043 4010 quantum
1054 3941 1108 3994 Dei
1121 3958 1168 3994 au-

59 4031 156 4100 etone,
168 4030 294 4098 motoris,
308 4029 469 4099 impulsoris
488 4045 559 4099 opus
578 4039 630 4096 est,
644 4028 750 4083 crimen
770 4040 897 4095 nonest,
918 4037 1054 4097 quantum
1073 4037 1168 4080 autem

58 4117 183 4179 hominis
203 4127 257 4186 est,
277 4117 383 4172 crimen
404 4133 438 4173 ac
461 4118 552 4172 scelus
561 4117 574 4145 ’²
598 4116 781 4187 (Zwinglins,
801 4117 837 4171 de
857 4115 1046 4183 Providentia,
1065 4132 1088 4169 c.
1112 4116 1163 4184 Vl,

59 4202 364 4291 Ouum-,nostrl
