2684 4634
116 152 178 203 162
558 153 697 203 CAPUT
715 151 774 202 111.

160 331 224 412 136.
273 347 307 412 30
317 333 405 395 Salv.
416 333 453 396 di
486 357 507 395 c.
519 335 578 416 (A)
589 335 781 398 Calvinistae
793 345 826 398 et
835 334 1030 416 Janseniani
1043 356 1218 416 argumen-

116 449 229 503 tantur
245 441 428 519 praesertim
446 460 489 500 ex
507 441 565 520 Ep.
582 442 629 502 ad
641 442 748 502 Rom.1
773 440 828 502 ubi
848 441 881 502 S.
899 440 1028 502 Paulus
1043 439 1219 521 explicans

117 564 173 604 cur
190 542 284 604 multi
300 543 408 623 Judaei
426 544 457 603 in
475 543 644 605 Christum
662 546 794 607 credere
810 545 1007 619 renuissent,
1023 545 1105 606 dum
1124 544 1217 606 multi

118 645 266 708 Gentiles
283 647 315 706 in
330 646 514 708 Ecclesiam
532 657 608 708 sunt
624 648 810 728 ingressuri,
826 647 897 709 haec
915 647 998 709 inter
1014 647 1080 709 alia
1098 647 1218 710 habet:

118 748 229 811 “Cum
246 748 334 809 enim
352 750 499 811 nondum
518 751 586 811 nati
604 750 753 825 fuissent,
770 761 827 813 aut
839 750 964 831 aliquid
978 750 1057 812 boni
1071 752 1219 830 egissent

117 861 174 913 aut
191 850 294 915 mali...
312 871 376 913 non
394 870 437 912 ex
453 852 617 932 operibus
633 855 690 916 sed
708 875 751 916 ex
776 863 916 916 vocante
940 852 1067 916 dictum
1093 864 1144 916 est
1168 856 1218 917 ei:

117 954 194 1035 quia
211 952 315 1034 major
330 954 448 1016 serviet
465 956 592 1030 minori,
608 957 693 1019 sicut
709 957 869 1037 scriptum
887 966 956 1018 est:
979 957 1087 1044 Jacob
1103 956 1217 1033 dilexi,

118 1056 207 1118 Esau
221 1065 331 1117 autem
345 1057 422 1118 odio
434 1057 559 1120 habui...
571 1059 671 1138 igitur
681 1080 747 1121 non
760 1059 911 1135 volentis,
926 1079 1033 1139 neque
1044 1062 1217 1135 currentis

117 1158 174 1220 sed
192 1160 376 1222 miserentis
392 1169 440 1222 est
458 1161 547 1224 Dei...
565 1183 644 1242 ergo
660 1163 754 1243 cujus
771 1163 841 1225 vult
859 1163 1041 1238 miseretur,
1059 1157 1093 1224 et
1116 1184 1216 1244 quem

117 1261 188 1324 vult
198 1263 355 1326 indurat...
369 1261 422 1324 An
435 1264 611 1327 nonhabet
624 1275 826 1346 potestatem
838 1265 958 1346 figulus
972 1265 1031 1326 luti
1044 1286 1088 1326 ex
1100 1268 1217 1329 eadem

118 1371 227 1428 massa
244 1367 349 1429 facer-e
373 1368 461 1431 aliud
486 1370 620 1450 quidem
645 1391 702 1432 vas
727 1370 758 1430 in
783 1370 953 1444 honorem,
969 1369 1058 1430 aliud
1083 1391 1162 1431 vero
1186 1371 1216 1431 in

118 1471 395 1536 contumeliam?”
862 1484 864 1488 ’

162 1637 226 1705 137.
272 1625 366 1705 Resp.
384 1625 430 1705 (a)
449 1626 643 1688 Notandum
661 1636 710 1688 est
731 1625 893 1706 imprimis
915 1646 934 1687 a
959 1625 990 1688 S.
1009 1623 1114 1687 Paulo
1139 1624 1217 1685 alibi

118 1729 204 1789 clare
220 1738 253 1791 et
269 1730 391 1791 diserte
407 1731 527 1806 doceri,
544 1731 654 1792 Deum
671 1730 755 1792 velle
771 1749 887 1791 omnes
911 1728 1064 1790 homines
1087 1727 1218 1802 salvari,

119 1831 286 1894 Christum
298 1854 357 1913 pro
367 1833 522 1895 omnibus
533 1845 699 1897 mortuum
711 1854 791 1907 esse,
802 1834 903 1894 etiam
915 1853 974 1914 pro
984 1833 1031 1894 eis
1043 1832 1099 1912 qui
1110 1833 1217 1912 perire

118 1947 264 2016 possunt,
281 1948 317 2000 ut
334 1959 377 1999 ex
395 1937 478 1999 thesi
503 1946 611 2018 patet;
638 1937 815 2018 prohibent
839 1937 939 2017 igitur
960 1936 1217 1998 hermeneuticae

119 2040 207 2120 leges
225 2060 265 2101 ne
280 2050 381 2121 caput
397 2042 445 2102 lX
461 2042 506 2102 ita
518 2051 707 2122 exponatur
720 2051 755 2103 ut
768 2040 916 2120 praefatae
928 2037 1089 2102 doctrinae
1100 2040 1217 2101 adver-

118 2152 216 2216 setur,
232 2145 414 2222 praesertim
432 2145 458 2205 si
475 2145 540 2206 alia
556 2165 593 2206 ac
611 2145 716 2224 magis
732 2143 831 2205 obvia
843 2143 1072 2224 interpretatio
1085 2162 1130 2203 ex
1144 2143 1217 2222 ipso

119 2256 279 2308 contextu
297 2246 406 2326 colligi
431 2250 550 2328 possit,
578 2249 669 2328 atqui
695 2269 745 2309 res
769 2248 815 2309 ita
839 2268 873 2309 se
896 2246 1005 2308 habet.
1059 2247 1148 2307 Nam
1172 2267 1216 2307 ex

118 2359 288 2425 contextu,
312 2359 345 2412 et
372 2371 415 2412 ex
439 2361 512 2413 toto
537 2352 698 2432 Epistolae
722 2350 871 2426 decursu,
895 2350 999 2431 liquet
1023 2349 1055 2413 S.
1074 2349 1216 2413 Paulum

118 2475 304 2516 sermonem
322 2454 442 2516 habere
459 2475 524 2515 non
542 2456 583 2516 de
607 2455 900 2537 praedestinatione
923 2455 965 2516 ad
990 2453 1141 2534 gloriam,
1157 2455 1215 2516 sed

118 2560 160 2620 de
176 2559 466 2638 praedestinatione
482 2559 529 2619 ad
534 2559 691 2637 gratiam,
704 2568 737 2620 et
753 2559 935 2639 praesertim
948 2559 990 2619 de
1002 2557 1163 2619 vocatione
1173 2558 1222 2618 ad

115 2662 232 2740 fidenti
256 2671 429 2742 totamque
452 2660 523 2740 ejus
547 2662 872 2741 argumentationem
889 2681 929 2722 eo
945 2661 1090 2735 tendere,
1105 2669 1143 2722 ut
1159 2660 1216 2720 de-

119 2775 318 2828 monstretur
341 2765 532 2827 vocationem
559 2764 606 2825 ad
619 2764 723 2845 fidem
747 2785 819 2826 esse
843 2765 981 2826 omnino
1005 2763 1217 2843 gratuitam:

118 2869 207 2948 quod
224 2888 339 2930 omnes
356 2868 509 2930 catholici
528 2869 667 2930 libenter
682 2871 876 2932 concedunt.
924 2871 1094 2944 Praeterea,
1105 2868 1139 2929 in
1153 2868 1217 2928 hoc

118 2974 226 3052 capite
243 2992 340 3046 nonO,
357 2971 504 3052 explicat
520 2971 690 3053 quomodo
709 2972 811 3034 lsrael
828 2994 847 3034 a
863 2971 929 3035 fide
945 2971 1100 3033 defecerit
1117 2971 1216 3051 culpa

119 3080 186 3148 sua,
203 3075 279 3155 quia
295 3095 338 3138 sc.
355 3095 455 3155 opera
473 3075 599 3156 legalia,
617 3096 681 3136 non
699 3074 797 3137 fidem
815 3074 959 3138 sectatus
971 3083 1022 3136 est
1034 3074 1125 3154 (3o-3
1130 3073 1172 3154 3),
1181 3083 1216 3135 et

120 3178 277 3240 nonnulla
293 3179 448 3259 exempla
465 3181 601 3241 adducit
624 3181 666 3241 ad
690 3180 933 3242 ostendendum
958 3179 1068 3240 Deum
1092 3176 1216 3258 injuste

119 3303 185 3344 non
202 3282 316 3362 egisse,
334 3282 510 3358 Israelitas,
526 3284 679 3364 operibus
697 3282 856 3363 legalibus
881 3283 977 3344 nimis
1000 3279 1216 3355 confidentes,

119 3384 297 3464 rejiciendo
314 3383 530 3465 Gentilesque
546 3385 587 3446 ad
605 3385 704 3446 fidem
721 3386 879 3449 vocando.
932 3385 1033 3446 Porro
1048 3383 1120 3445 haec
1145 3405 1215 3446 om·

119 3489 173 3549 nia
186 3488 358 3549 catholicae
371 3487 454 3549 thesi
468 3509 532 3549 non
545 3489 768 3563 adversantur,
778 3508 880 3569 quum
894 3488 986 3549 Deus
998 3486 1074 3549 fidei
1087 3485 1214 3548 donum

119 3601 189 3651 tum
216 3589 372 3651 Israelitis
396 3599 467 3652 tum
492 3591 680 3653 Gentilibus
703 3591 864 3666 obtulerit,
879 3601 913 3653 et
935 3591 1059 3670 priores
1083 3590 1215 3650 nonnisi

119 3695 251 3774 propria
268 3693 364 3772 culpa
380 3692 460 3754 illud
478 3695 654 3756 amiserint.

171 3849 235 3930 138.
282 3849 332 3927 (b)
358 3847 447 3909 Loca
471 3847 655 3909 difficiliora
679 3858 921 3927 exponamus2:
948 3845 1079 3926 “Jacob
1102 3844 1215 3919 dilexi,

121 3952 210 4013 Esau
236 3960 346 4013 autem
373 3952 451 4012 odio
474 3951 574 4012 habui
587 3952 602 3975 '’
619 3951 704 4031 (13);
731 3971 846 4012 sensus
862 3959 931 4011 est:
957 3947 1063 4029 Jacob
1079 3947 1216 4029 ejusque

120 4056 311 4137 progeniem
328 4055 441 4130 dilexi,
457 4055 619 4135 bonisque
643 4055 780 4116 terrenis
803 4052 953 4135 plurimis
976 4052 1107 4126 donavi,
1125 4052 1214 4113 Esau

157 4261 162 4281 ¹
178 4261 255 4311 lium.
273 4260 322 4324 IN,
336 4260 407 4326 6:33·
425 4290 458 4296 —
471 4264 480 4285 ²
495 4259 535 4311 Cf.
552 4259 662 4327 Curluy,
677 4276 721 4327 op.
738 4258 783 4311 cit.
800 4269 819 4311 t.
838 4258 859 4324 l,
873 4274 898 4327 p.
917 4257 965 4310 126
978 4271 1020 4325 sq.
