2684 4634
120 173 187 223 ³24
573 169 707 222 CAPUT
725 169 767 216 11.
798 204 800 208 .

119 371 235 414 sensus
250 351 456 428 excitandos,
470 360 652 433 posteaque
661 352 697 413 'in
711 349 862 432 Angelos
878 349 960 413 lucis
976 370 1050 413 sese
1066 349 1219 412 transfor-

119 465 248 519 mantes
263 456 437 519 diabolicis
454 456 624 518 iraudibus
641 457 792 519 incautos
808 454 999 535 decipiunt;
1024 454 1084 516 sed
1101 473 1148 514 ex
1163 452 1217 514 hoc

119 579 218 620 nemo
234 579 309 621 vere
325 560 456 640 sapiens
473 557 648 629 concludet
664 578 780 619 omnes
792 557 935 619 visiones
942 557 1133 620 diabolicas
1146 573 1214 626 esse

120 661 215 723 Idem
232 663 285 724 dic
302 663 343 724 de
359 662 595 743 hypnotismo:
619 660 695 723 licet
711 661 798 722 enim
816 658 968 721 diabolus
988 679 1029 720 eo
1052 660 1101 721 uti
1118 658 1214 739 possit

118 765 159 825 ad
178 766 327 827 incautos
344 765 566 845 decipiendos
579 784 646 825 non
663 763 787 826 exinde
802 763 951 843 sequitur
967 762 1082 823 omnia
1093 762 1211 842 hypno-

118 867 207 929 tismi
224 868 446 948 phaenomena
462 867 597 929 diabolo
614 867 791 929 tribuenda
807 887 886 929 esse.

162 1033 229 1098 113
277 1034 312 1099 30
330 1020 544 1084 Corollarium
559 1044 570 1084 :
603 1020 689 1083 Usus
708 1020 992 1082 indiscriminatim
1012 1015 1208 1100 magnetisrrri

116 1132 148 1184 et
160 1121 356 1202 hypnotismi
368 1133 415 1185 est
428 1122 522 1184 valde
530 1122 728 1204 periculosus
743 1133 774 1184 et
780 1123 971 1203 plerumque
986 1121 1128 1184 illicitus.

163 1242 378 1322 Magnetismi
408 1264 503 1305 usum
533 1243 752 1324 periculosum
780 1264 851 1305 esse
879 1244 940 1324 ipsi
970 1243 1090 1304 medici
1118 1259 1202 1323 agno·

118 1352 222 1418 scunt,
239 1365 340 1424 quum
365 1345 569 1426 experientia
588 1356 718 1408 constet
742 1366 807 1407 non
833 1366 956 1428 paucos
980 1366 1024 1407 ex
1049 1346 1097 1421 iis,
1113 1345 1201 1424 quise

118 1448 332 1527 magnetizari
358 1448 586 1528 permiserunt,
611 1449 644 1511 in
673 1469 789 1529 graves
814 1436 968 1510 incidisse
994 1449 1136 1523 morbos
1159 1451 1200 1506 aut

117 1549 281 1612 diuturnis
305 1549 550 1612 infirmitatibus
574 1550 673 1613 fuisse
697 1561 845 1626 vexatos,
863 1551 914 1612 vel
937 1551 1070 1632 penitus
1086 1552 1199 1612 demen-

118 1659 214 1715 tatos.
261 1653 327 1715 Sed
353 1653 416 1714 alia
440 1653 561 1714 adsunt
586 1654 729 1734 pericula
753 1655 786 1717 in
810 1656 925 1717 ordine
942 1654 1067 1727 morali,
1083 1649 1200 1735 quaesic

118 1753 260 1821 breviter
282 1741 447 1826 contrahit
470 1755 655 1818 Leimkulrl
673 1757 740 1838 (op.
757 1758 862 1820 cit-n.
882 1758 955 1838 360)
976 1781 982 1820 :
1005 1757 1054 1838 (a)
1080 1770 1202 1838 persona

119 1844 382 1938 magnetizanda,
400 1867 457 1920 aut
480 1879 554 1938 quae
578 1868 757 1941 utcumque
781 1871 952 1942 tamquam
970 1860 1111 1922 medium
1127 1854 1202 1920 adhi-

119 1960 222 2051 betur,
234 1982 269 2022 se
282 1951 443 2043 suamque
456 1963 662 2025 voluntatem
676 1962 810 2025 alterius
824 1963 1095 2044 magnetizatoris
1105 1962 1203 2024 volun·

119 2064 179 2125 tati
203 2066 332 2126 tradere
356 2064 480 2127 debet:
511 2067 600 2145 quod
624 2085 704 2127 sane
727 2054 947 2147 periculosum
972 2073 1043 2141 est;
1075 2062 1125 2146 (b)
1148 2065 1202 2144 ipsa

118 2163 307 2229 attreitatio
324 2187 389 2229 non
407 2189 538 2249 semper
554 2169 639 2231 inter
655 2168 777 2230 limites
793 2169 979 2231 honestatis
995 2168 1203 2236 concluditur;

117 2267 166 2351 (c)
183 2266 367 2332 effectusin
385 2275 525 2350 persona
542 2272 767 2351 magnetizata
790 2292 856 2333 non
880 2291 953 2333 raro
969 2291 1005 2332 se
1021 2271 1133 2352 prodit
1149 2267 1204 2332 libi-

119 2370 205 2433 dinis
232 2381 265 2434 et
290 2373 409 2453 impuri
438 2373 558 2434 amoris
590 2394 667 2454 erga
695 2376 984 2456 magnetizantem,
1009 2395 1029 2436 a
1057 2395 1124 2454 quo
1149 2391 1207 2434 sese

119 2475 274 2554 expedire
298 2473 431 2536 difficile
454 2476 584 2555 possit:
618 2476 670 2557 (d)
693 2477 796 2540 habes
812 2473 949 2541 dissidia
973 2479 1059 2540 inter
1083 2477 1211 2540 familias

119 2589 228 2642 creata
259 2601 317 2662 per
347 2581 549 2660 suspiciones
577 2582 628 2643 vel
656 2582 901 2645 diffamationes
929 2582 1093 2644 excitatas
1121 2601 1213 2662 quam

119 2683 260 2763 plurima
273 2704 280 2758 ;
305 2683 353 2764 (e)
370 2683 472 2744 habes
485 2684 587 2746 dubia
600 2685 747 2747 excitata
760 2695 875 2747 contra
888 2683 987 2746 fidem
1000 2683 1217 2764 veritatesquc

119 2787 288 2849 revelatas.

164 2933 240 3019 114.v
280 2943 369 3003 Hinc
382 2943 436 3004 die
454 2944 569 3024 1²Julii
587 2947 663 3022 1841
679 2955 714 3007 ut
728 2944 877 3006 illicitum
891 2930 1070 3005 declaravit
1086 2962 1224 3023 magne-

119 3046 208 3107 tismi
233 3065 338 3120 usum,
362 3056 460 3126 prout
483 3048 716 3128 exponebatur
740 3047 782 3108 ab
808 3035 974 3127 Episcopo
997 3045 1224 3119 Lauronensi·

119 3147 190 3207 haec
207 3157 317 3209 autem
335 3147 421 3208 inter
437 3147 500 3209 alia
516 3151 771 3231 exponebantur
784 3162 815 3212 :1
832 3166 972 3230 persona
989 3151 1225 3228 magnetizata,

120 3273 194 3332 quae
222 3251 415 3331 plerumque
440 3262 489 3314 est
515 3273 615 3314 sexus
643 3252 789 3327 feminei,
814 3253 856 3313 de
882 3271 942 3312 suo
967 3250 1226 3332 absentiumque

119 3355 250 3435 penitus
275 3354 463 3437 ignotorum
488 3355 549 3416 sibi
575 3355 691 3417 morbo
715 3357 927 3434 interrogata,
951 3352 1027 3414 licet
1051 3353 1227 3418 evidenter

118 3455 260 3533 indocta,
278 3479 328 3519 res
352 3460 556 3521 anatomicas
573 3459 818 3520 accuratissime
833 3457 1005 3533 enuntiat;
1029 3457 1224 3520 morborum

119 3565 322 3626 internorum
354 3563 387 3623 in
419 3563 565 3625 humano
596 3583 741 3644 corpore,
766 3561 822 3641 qui
849 3560 984 3641 cognitu
1016 3558 1226 3642 definituque

119 3667 231 3748 peritis
255 3665 439 3728 difficillimi
464 3677 550 3741 sunt,
574 3687 717 3742 causam,
742 3667 865 3740 sedem,
881 3674 1033 3727 naturam
1058 3663 1226 3746 indigitat,

118 3791 298 3850 eorumque
316 3790 516 3850 progressus
529 3771 737 3846 variationes
751 3780 789 3831 et'
800 3766 1073 3849 complicationes
1089 3767 1225 3843 evolvit,

118 3875 217 3953 idque
242 3874 380 3955 propriis
405 3875 575 3949 terminis;
603 3894 691 3954 saepe
714 3875 815 3935 ctiam
839 3869 1003 3933 dictorum
1029 3870 1223 3933 morborum

118 3977 368 4038 diuturnitatem
386 3973 504 4037 exadte
528 3977 729 4057 pronuntiat,
747 3975 959 4055 remediaque
976 3974 1225 4055 simplicissima

118 4089 150 4141 et
181 4078 408 4140 efficacissima
439 4078 596 4159 praecipit.
653 4077 814 4140 Absentis
845 4096 1005 4157 personae,
1036 4076 1225 4139 dummodo

136 4287 146 4313 ¹
160 4286 316 4358 integrum
330 4285 514 4360 postulatum
524 4283 619 4339 habes
631 4280 711 4351 apud
724 4276 1008 4348 (Eury-Bullinum.
1017 4279 1079 4330 nto.
