2684 4634
402 153 458 202 DE
477 152 660 203 OBJECTO
680 151 805 199 FIDEI.
1116 149 1153 199 15

53 341 192 420 quando
214 338 355 421 propriis
378 339 527 402 terminis
551 358 570 399 a
596 339 669 399 Deo
695 336 928 398 enuntiantur:
960 335 1007 396 sic
1029 335 1154 415 dogma

53 443 233 506 creationis
260 441 615 523 formaliter-explicite
642 441 831 503 continetur
856 439 907 502 his
929 440 1057 502 verbis:
1083 445 1099 468 ‘⁸
1115 439 1152 499 ln

54 547 221 628 principio
237 546 359 609 creavit
377 547 468 607 Deus
484 544 604 607 coelum
618 554 651 607 et
667 553 786 607 terram
799 556 809 586 1
822 543 853 605 '':
877 542 1035 622 implicite,
1050 562 1153 623 quan-

53 648 98 711 do
114 669 184 710 non
202 649 343 730 propriis
359 649 517 723 terminis
534 649 591 710 sed
608 648 715 710 solum
739 645 1014 728 aequivalentibus
1037 666 1056 707 a
1081 645 1155 706 Deo

54 752 280 814 enuntiantur.
327 751 425 833 Quod
442 762 479 815 ut
502 751 620 813 melius
643 750 853 831 intelligatur,
868 759 1010 831 quatuor
1033 747 1155 829 regulae

55 857 142 918 tradi
158 865 309 938 possunt.

96 1037 147 1103 29.
198 1023 257 1106 (Α)
274 1024 419 1106 Quando
434 1024 593 1106 explicite
616 1023 779 1086 revelatur
800 1023 991 1104 propositio,
1006 1022 1157 1104 implicite

57 1128 247 1190 revelantur
263 1149 379 1191 omnes
394 1128 551 1217 veritates
567 1147 641 1208 quae
657 1127 916 1189 substantialiter
928 1126 1071 1188 euncdem
1087 1147 1154 1187 serc-

57 1253 127 1293 sum
145 1231 273 1295 habent
289 1252 327 1294 ac
343 1231 527 1313 propositio
542 1231 701 1312 explicite
717 1231 878 1293 revelata:
895 1252 923 1294 v.
939 1250 968 1311 g.
985 1230 1010 1291 si
1027 1229 1156 1292 dicatur

59 1335 238 1399 “Verbum
264 1357 337 1398 caro
363 1334 487 1399 sactum
514 1344 564 1396 est
575 1335 599 1411 ”‚
626 1335 786 1417 implicite
816 1334 977 1397 revelatur
1007 1333 1154 1397 Verbum

58 1438 219 1500 loricinem
250 1437 374 1502 sac'tum
401 1439 510 1514 fuisse,
532 1438 610 1520 quia
637 1439 670 1500 in
694 1439 849 1519 praesenti
872 1458 949 1500 casu
972 1459 1044 1498 caro
1067 1437 1154 1499 idem

60 1540 227 1621 significat
242 1562 280 1605 ac
295 1542 400 1615 horrca·
428 1542 546 1605 iterum
563 1543 699 1623 quando
716 1543 808 1604 Deus
825 1542 983 1603 Messiam
1007 1541 1052 1602 sic
1076 1539 1155 1601 allo-

59 1645 191 1723 quitur:
215 1645 347 1707 “Filius
364 1665 456 1708 meus
472 1666 507 1707 es
524 1653 559 1707 tu
570 1646 585 1670 ''
596 1657 618 1721 2,
634 1644 793 1726 implicite
809 1645 932 1708 revelat
949 1665 983 1706 se
999 1664 1070 1706 esse
1085 1643 1156 1724 ejus

61 1748 205 1823 Patrem,
222 1749 299 1829 quia
316 1749 445 1811 termini
460 1748 558 1830 filius
580 1758 613 1811 et
628 1759 728 1829 pater
747 1759 824 1812 sunt
846 1748 1035 1822 correlative,
1052 1748 1097 1809 ita
1121 1756 1157 1809 ut

59 1871 144 1914 unus
163 1872 229 1913 non
247 1853 351 1934 possit
366 1854 437 1915 sine
452 1852 518 1914 alio
533 1851 686 1929 revelari;
710 1853 845 1915 tandem
862 1852 888 1913 si
905 1851 1066 1913 reveletur
1081 1850 1156 1912 insi-

59 1953 154 2034 piens
166 1974 240 2017 esse
252 1954 283 2017 in
296 1955 394 2017 corde
403 1975 464 2018 suo
473 1955 596 2018 dicere:
612 1959 706 2016 “non
719 1964 769 2018 est
777 1955 895 2032 Deus,”
906 1966 920 2009 3
930 1953 1090 2035 implicite
1099 1954 1155 2016 de-

58 2057 206 2120 claratur
221 2059 353 2139 sapiens
369 2079 441 2122 esse
458 2058 522 2121 Dei
538 2058 752 2122 existentiam
768 2077 964 2140 agnoscere;
987 2077 1064 2120 nam
1081 2058 1156 2119 dua:

57 2158 328 2224 contradidtoriae
344 2182 410 2224 non
428 2177 567 2243 possunt
579 2182 650 2224 esse
662 2162 759 2224 simul
772 2161 873 2238 salsae,
884 2162 1088 2243 proindeque
1100 2160 1156 2242 qui

59 2264 186 2327 revelat
203 2285 302 2328 unam
319 2287 337 2327 e
353 2262 614 2329 contradidtoriis
630 2286 701 2328 esse
718 2265 844 2342 salsam,
859 2287 900 2329 eo
916 2266 988 2349 ipso
1011 2265 1157 2328 declarat

57 2368 201 2431 alteram
218 2389 328 2433 veram
345 2391 417 2432 esse
432 2379 466 2433 et
481 2370 552 2433 vice
567 2374 667 2432 versa.

100 2553 157 2617 3ο.
205 2539 264 2620 (Β)
280 2538 426 2622 Quando
441 2539 599 2622 explicite
614 2539 776 2602 revelatur
792 2549 891 2601 totum
907 2541 1039 2615 actuale,
1056 2542 1073 2604 i.
1086 2562 1111 2603 e.
1122 2541 1156 2603 irc

56 2665 90 2706 se
106 2644 237 2706 habens
253 2653 363 2725 partes
375 2640 450 2705 actu
464 2644 655 2718 existentes,
664 2663 704 2704 eo
717 2643 789 2724 ipso
801 2643 960 2724 implicite
972 2645 1157 2709 revelantur

58 2767 180 2810 omnes
197 2756 307 2827 partes
322 2746 598 2829 ejusesscntiales,
614 2766 691 2808 nam
708 2755 816 2809 totum
834 2767 893 2810 nec
909 2767 980 2810 esse
996 2768 1056 2809 nec
1079 2769 1157 2810 con-

59 2852 126 2934 cipi
151 2859 263 2932 potest
285 2852 355 2913 sine
378 2850 568 2930 hujusmodi
591 2850 756 2932 partibus;
788 2851 833 2912 sic
858 2852 950 2915 Deus
981 2853 1157 2915 revelando

60 2955 234 3019 Christum
251 2975 322 3016 esse
337 2953 517 3030 hominem,
533 2954 683 3035 implicite
698 2955 843 3017 declarat
866 2976 941 3018 eum
966 2976 1101 3037 corpore
1124 2966 1158 3018 et

59 3058 175 3121 anima
192 3059 359 3135 constitui,
374 3079 477 3140 quum
494 3058 546 3120 hae
569 3059 635 3120 sint
658 3060 849 3122 essentiales
873 3060 1016 3123 hominis
1039 3072 1156 3143 partes

61 3162 158 3224 ldem
175 3181 253 3224 vero
267 3161 332 3224 dici
345 3163 461 3244 nequit
472 3163 514 3224 de
527 3163 676 3244 partibus
688 3164 941 3240 accidentalibus,
955 3166 1026 3228 sine
1038 3166 1158 3248 quibus

60 3275 172 3329 toturn
190 3265 332 3329 existere
348 3275 468 3347 potest,

102 3467 155 3530 31.
203 3446 261 3529 (C)
278 3449 389 3510 Posito
410 3448 610 3511 revelatione
629 3448 727 3511 tetius
737 3449 933 3529 potentiales,
948 3452 1037 3531 quod
1058 3449 1157 3515 habet

61 3554 119 3616 sub
134 3574 168 3614 se
184 3561 294 3633 partes
310 3551 518 3635 subjedtivas,
533 3553 644 3635 qualia
660 3564 736 3616 sunt
748 3573 853 3634 genus
869 3552 1018 3635 respectu
1035 3557 1157 3636 specie-

59 3678 146 3732 rum,
162 3657 288 3738 species
305 3655 454 3739 respedtu
471 3658 727 3732 individuorum,
739 3658 980 3740 propositiones
992 3660 1157 3722 universa-

60 3763 109 3824 les
127 3757 278 3841 respedtu
295 3760 520 3841 singularium,
536 3761 686 3841 implicite
701 3761 888 3823 revelantur
909 3781 1025 3823 omnes
1048 3772 1157 3844 partes

60 3884 139 3946 quae
154 3863 367 3925 essentialiter
379 3862 411 3925 in
429 3883 469 3925 eo
484 3864 710 3940 continentur;
733 3865 779 3926 sic
792 3887 820 3926 v.
831 3884 859 3944 g.
872 3864 1015 3927 revelata
1031 3867 1157 3928 univer-

60 3968 122 4031 sali
147 3967 375 4049 propositione
404 3972 549 4029 “omnes
579 3967 730 4029 homines
762 3969 968 4049 resurgent'',
1000 3970 1158 4050 implicite

60 4071 251 4133 declaratur
268 4071 402 4133 Petrum
418 4091 491 4133 esse
507 4068 772 4134 resurredturum.

98 4283 105 4305 ¹
122 4273 190 4327 Gerr.
210 4272 233 4335 l,
250 4289 271 4325 1.
288 4302 321 4309 —
334 4277 344 4301 ²
357 4273 403 4324 Ps.
423 4273 462 4336 ll,
476 4285 499 4335 7.
516 4300 550 4307 —
563 4277 573 4308 ³
587 4271 632 4323 Ps.
650 4272 736 4334 Xlll,
757 4288 776 4323 r.
