2684 4620
205 165 277 216 428>
494 215 498 222 .
666 171 805 222 CAPUT
823 172 848 221 1.

204 352 311 434 legem
328 355 427 417 debet
450 354 532 416 mori
556 355 634 435 quia
651 354 775 418 Filium
793 334 860 416 Del
874 372 909 416 se
925 352 1002 416 lecit
1014 354 1030 379 ''
1042 366 1062 416 1.
1082 359 1086 364 “
1111 353 1219 436 Atqui
1234 355 1296 416 hac

204 458 304 521 verba
319 459 526 541 interpretari
542 458 667 521 debent
682 460 725 521 'de'
741 457 900 522 filiatione
916 461 993 520 vera
1009 466 1043 520 et
1058 458 1194 540 proprie
1206 457 1296 534 ditia
1341 468 1342 523 l

205 581 270 623 non
295 561 415 625 licebat
437 563 526 624 enirn
553 562 697 644 aliquem
719 563 869 644 judicare
891 583 983 624 reum
1010 562 1128 624 mortis
1153 562 1295 644 eoquod

204 665 337 726 dixerat
360 686 396 727 se
418 670 490 728 esse
514 664 616 727 filium
636 666 699 728 Dei
721 666 920 747 adoptivum,
936 686 1039 747 quum
1063 685 1184 729 omnes
1201 664 1295 730 santii

204 770 271 831 sint
294 768 351 830 filii
368 770 432 839 Dei
456 770 488 831 in
512 769 575 830 hoc
602 789 718 846 sensu3
753 778 810 832 aut
834 769 1041 851 prophetam,
1058 779 1117 832 aut
1135 770 1295 845 Messian,

204 893 306 955 quum
324 873 414 935 nulla
429 873 484 935 lex
501 873 586 935 hanc
602 874 817 936 assertionem
835 872 1024 955 prohiberet
1033 873 1095 934 sub
1107 877 1210 954 poena
1221 894 1296 935 mor-

205 977 263 1054 tis;
285 998 364 1060 ergo
379 977 488 1058 Judaei
506 977 744 1039 intellexerunt
761 976 929 1040 Christum
950 995 985 1038 se
1008 976 1119 1056 ipsum
1137 976 1297 1039 declarare

206 1081 325 1144 Filium
344 1073 407 1143 Dei
424 1082 456 1142 in
473 1100 571 1143 sensu
588 1081 730 1161 propri0,
741 1090 840 1161 prout
856 1083 968 1142 revera
982 1078 1055 1160 ejus
1069 1080 1174 1141 verba
1192 1080 1223 1140 in
1240 1081 1296 1141 alia

204 1183 377 1246 occasione
393 1184 636 1260 intellexerant,
648 1193 735 1247 teste
746 1185 896 1265 Joanne:
923 1184 1004 1246 “De
1019 1183 1110 1246 bono
1120 1204 1222 1264 opere
1237 1205 1297 1246 non

205 1287 392 1369 lapidamus
419 1297 459 1363 te,
476 1291 533 1352 sed
559 1291 601 1352 de
623 1288 841 1370 blasphemia,
857 1290 937 1370 quia
960 1297 1004 1364 tu,
1025 1287 1128 1350 homo
1151 1309 1228 1351 curn
1250 1288 1297 1365 sis,

205 1391 286 1453 facis
309 1391 452 1472 teipsum
481 1393 619 1454 Deum’'
632 1405 653 1456 ².
711 1391 859 1455 Aliunde
887 1391 1038 1455 Christus
1068 1400 1188 1454 contra
1219 1391 1298 1454 hanc

204 1485 511 1576 interpretationem
538 1497 674 1559 minime
698 1495 899 1573 reclamavit,
915 1495 973 1558 sed
990 1515 1009 1556 e
1029 1503 1147 1556 contra
1164 1494 1299 1557 libenter

205 1608 346 1661 mortem
371 1599 499 1680 accepit
531 1609 568 1662 ut
591 1599 724 1681 proprio
752 1600 914 1679 sanguine
948 1599 1180 1661 testimonium
1208 1618 1298 1660 suurn

205 1702 366 1780 firmaret;
406 1702 485 1784 ergo
513 1703 663 1766 Christus
686 1720 797 1764 coram
826 1701 994 1782 judicibus
1026 1721 1061 1764 se
1092 1721 1166 1765 esse
1193 1701 1298 1764 Deum

205 1806 336 1889 publice
351 1806 521 1869 confessus
537 1816 596 1868 est.

246 1967 295 2037 45.
341 1959 382 2015 Il.
401 1954 576 2019 Probatur
598 1953 719 2018 minor.
765 1953 873 2035 Atqui
899 1953 955 2015 illa
983 1952 1105 2016 Christi
1127 1953 1300 2015 affirmatio

204 2060 291 2122 circa
307 2055 516 2118 divinitatem
533 2051 604 2132 ejus
620 2074 697 2116 vera
713 2064 764 2118 est
784 2077 790 2118 ι
816 2047 879 2118 hoc
895 2056 984 2118 enim
1001 2055 1184 2118 asserendo
1197 2075 1301 2137 neque

204 2163 364 2240 deceptus
376 2175 482 2236 neque
497 2157 655 2237 deceptor
670 2157 740 2220 suit.

253 2275 283 2324 10
299 2260 376 2323 Non
393 2257 543 2339 deceptus.
590 2259 700 2322 Nemo
720 2261 819 2338 enim,
842 2261 903 2323 nisi
927 2281 1050 2338 amens,
1066 2261 1177 2343 decipi
1195 2269 1303 2343 potest

205 2367 290 2428 circa
301 2362 467 2445 propriam
482 2363 771 2444 personalitatem
794 2384 894 2426 nemo
909 2385 1001 2427 sanae
1018 2366 1141 2428 mentis
1156 2364 1221 2427 sibi
1234 2385 1302 2446 per-

205 2469 470 2546 suaderepotest
483 2484 517 2525 se
534 2484 606 2528 esse
623 2467 743 2544 Deum,
754 2468 780 2529 si
799 2479 911 2530 'revera
927 2469 1020 2530 Deus
1037 2489 1106 2531 non
1117 2478 1186 2547 est;
1213 2469 1302 2551 atqui

205 2572 364 2647 Christus
380 2569 560 2632 fatentibus
577 2569 780 2645 adversariis
794 2591 859 2632 non
878 2570 985 2634 solum
1003 2592 1069 2634 non
1090 2583 1163 2637 erat
1180 2593 1303 2647 amens,

204 2678 262 2739 sed
279 2676 380 2737 etiam
403 2673 488 2735 inter
510 2673 773 2753 sapientissimos
792 2675 1003 2736 annumerari
1015 2675 1125 2738 debet.
1174 2677 1302 2738 Revera

203 2781 351 2845 domina
366 2798 466 2860 quam
484 2777 605 2853 docuit,
626 2789 704 2859 opus
719 2781 808 2860 quod
826 2777 977 2854 absolvit,
993 2778 1120 2841 scilicet
1137 2780 1301 2861 reparatio

205 2895 262 2948 aut
277 2882 394 2945 saltem
411 2880 573 2944 exaltatio
585 2882 712 2962 generis
722 2882 868 2958 humani,
881 2881 1061 2944 christiana
1072 2881 1188 2963 religio
1204 2902 1298 2965 quam

205 2988 364 3063 fundavit,
380 2995 412 3049 et
429 3007 503 3068 quae
519 2996 569 3048 tot
586 2986 751 3048 mirabiles
775 2984 912 3049 efsedtus
929 3007 994 3048 non
1012 2986 1119 3048 solum
1138 2988 1170 3048 in
1189 2988 1298 3050 ordine

186 3092 358 3172 religioso
385 3100 417 3151 et
441 3088 568 3164 morali,
584 3089 642 3157 sed
666 3090 766 3152 etiarn
792 3091 824 3152 in
849 3090 965 3151 ordine
986 3088 1100 3152 sociali
1117 3099 1151 3152 et
1168 3089 1297 3172 politico

204 3195 374 3279 produxit,
390 3203 426 3256 ut
442 3194 474 3254 in
498 3193 528 3254 T
526 3215 551 3256 r.
561 3194 600 3255 dr
625 3193 708 3257 Verri
719 3194 823 3274 Relzgr.
841 3214 871 3256 n.
893 3194 1030 3272 141-160
1046 3195 1296 3266 demonstratur,

204 3295 472 3380 ejusperfeftam
489 3296 687 3376 sapientiam
704 3297 945 3372 demonstrant,
961 3305 995 3359 et
1010 3305 1101 3358 certo
1118 3299 1213 3360 omni
1237 3316 1294 3359 cer·

204 3402 336 3466 titudini
359 3399 614 3462 valedicendum
638 3410 734 3475 esset,
759 3402 786 3462 si
810 3400 882 3463 haec
910 3395 1023 3463 omnia
1052 3402 1180 3464 amenti
1206 3399 1294 3464 tribui

204 3500 348 3587 possent.
395 3503 512 3585 Neque
528 3503 592 3565 dici
608 3498 697 3566 valet
713 3503 881 3567 Christum
905 3521 999 3566 suam
1015 3501 1229 3568 divinitatem
1248 3504 1295 3565 de-

204 3610 344 3671 clarasse
359 3605 578 3674 enthusiasmo
590 3602 741 3687 quodam
750 3606 946 3688 impulsum;
970 3607 1140 3669 nonenim
1153 3607 1254 3670 semel
1268 3614 1295 3667 et

204 3712 319 3786 obiter,
345 3706 403 3773 sed
427 3709 550 3791 pluries
574 3720 608 3772 et
630 3709 788 3789 distinete
813 3709 877 3772 hoc
900 3710 1087 3786 affirmavit,
1108 3722 1144 3775 et
1169 3713 1293 3794 quidem

204 3809 363 3895 tanquam
381 3813 505 3893 dogma
521 3811 770 3876 fundamentale
787 3812 856 3877 s'uae
870 3814 1037 3895 religionis
1055 3837 1066 3877 s
1086 3812 1185 3897 “Qui
1201 3814 1295 3878 credit

238 4017 246 4038 ¹
251 4016 316 4084 soa.
328 4017 409 4081 XlX,
423 4029 450 4080 7..
462 4044 494 4052 -
509 4016 618 4068 Revera
631 4015 738 4083 Judaeis
752 4033 917 4085 persuasum
930 4026 991 4070 erat
1003 4016 1193 4086 blasphemiae
1206 4031 1294 4087 pecca·

203 4115 262 4157 turn
283 4104 318 4156 ab
339 4121 373 4156 eo
394 4101 573 4156 commissum
592 4103 648 4172 qui,
663 4120 726 4156 cum
746 4104 831 4156 homo
850 4113 933 4170 esset,
947 4103 1059 4160 dicebat
1075 4121 1106 4158 se
1120 4121 1185 4159 esse
1202 4107 1294 4164 Deum,

196 4201 290 4246 morte
303 4189 422 4261 dignum
436 4208 499 4246 esse
514 4191 617 4261 (Lrvit.
632 4191 744 4255 xxiii„
757 4192 802 4256 td,
821 4193 902 4244 Dent.
918 4193 1004 4254 Xlll¹
1023 4191 1055 4260 5).

224 4281 307 4352 2Joa.
323 4282 361 4352 X,
379 4296 422 4352 33.
