2684 4634
117 179 183 230 eoa
567 179 705 230 cucur
723 178 764 227 11.
832 146 836 153 ’

117 364 216 427 totum,
225 358 306 417 unde
317 357 464 416 honorare
477 375 638 430 possumus
656 358 703 416 vel
721 375 831 423 amare,
845 356 927 415 unde
938 353 1033 414 amari
1047 355 1219 413 honorarive

117 445 296 504 meremur”.
345 445 412 503 Nec
429 445 529 503 dicere
546 447 628 516 juvat
655 462 725 502 cum
751 443 869 514 Hodge¹
888 443 1024 514 Angelos
1043 461 1107 500 non
1133 442 1218 514 magis

117 531 310 589 honorandos
327 548 392 589 esse
405 549 495 602 quarn
509 542 613 589 ventos
632 540 662 589 et
675 531 800 603 fulgura,
813 540 964 603 quaesunt
977 531 1090 602 pariter
1101 530 1216 587 ministri

119 616 196 684 Dei;
227 617 323 684 clarus
342 617 422 674 enim
441 616 547 674 auctor
564 617 800 676 animadvertere
819 617 973 676 debuisset
998 635 1143 690 magnum
1160 634 1215 675 esse

117 704 276 762 discrimen
295 705 370 761 inter
383 703 533 761 ministros
546 704 733 774 inanimatos
747 715 776 763 et
789 705 937 762 animatos
954 704 1129 776 liberosque
1141 705 1213 761 mini·

117 799 192 847 stros
211 791 249 848 de
271 790 381 861 quibus
404 790 554 862 Scriptura
574 791 638 863 ipsa
657 791 781 849 dicit²:.
799 790 926 847 “Nimis
944 789 1137 848 honorificati
1155 799 1211 848 sunt

116 877 204 933 amici
217 878 270 944 tui,
286 878 379 944 Deus,
392 877 479 934 nimis
492 878 676 935 confortatus
689 887 733 936 est
747 878 931 950 principatus
943 895 1051 935 eorum
1061 878 1087 934 ’'.

353 1034 437 1111 Art.
459 1033 536 1113 ΙΙΙ.
559 1035 621 1112 De
641 1037 808 1134 Angelis
836 1037 981 1114 malie.

128 1262 132 1269 ι
162 1182 341 1244 Daemones
353 1184 522 1246 hominem
536 1185 944 1268 impugnantdupliciter:
972 1186 1077 1248 modo
1093 1187 1208 1247 ordina·

118 1286 168 1348 rio
178 1306 237 1366 per
252 1288 483 1362 tentationem,
494 1289 760 1351 extraordinario
776 1310 835 1371 per
849 1290 1096 1371 possessionem
1108 1299 1141 1352 et
1153 1309 1208 1350 ma·

118 1389 205 1469 giam
215 1411 222 1467 ;
245 1390 287 1452 de
303 1391 354 1452 his
370 1393 507 1453 seorsim
524 1392 682 1455 dicemus

391 1532 418 1587 1.
438 1531 492 1590 De
509 1531 722 1590 tentatione
738 1529 943 1590 diabolica.

157 1666 206 1729 91.
253 1662 284 1725 1⁰,
307 1656 404 1713 Thesis
426 1681 436 1715 .·
462 1655 576 1743 sape
597 1655 733 1734 sapius
760 1656 945 1721 daemones
964 1655 1151 1722 hominem
1174 1656 1212 1721 ad

120 1753 310 1826 peccatum
324 1749 484 1830 incitant,
500 1769 566 1816 seu
581 1756 735 1818 tentant.

161 1841 221 1922 (A)
243 1844 360 1925 Script.
408 1846 599 1908 Existeutia
615 1847 810 1909 tentationis
833 1846 1008 1909 diabolicae
1033 1849 1210 1913 luculenter

119 1943 290 2026 Scriptura
314 1948 586 2012 demonstratur·
618 1948 655 2009 In
682 1948 746 2010 Vet.
770 1949 848 2010 Test.
877 1950 1030 2013 videmus
1065 1962 1212 2034 protopa-

118 2056 228 2109 rentes
249 2050 291 2111 ad
309 2051 515 2130 peccandum
532 2072 551 2112 a
567 2050 703 2113 diabolo
719 2051 831 2113 induci
841 2063 864 2125 4,
881 2061 915 2114 et
930 2053 1022 2134 pium
1032 2053 1101 2134 Job
1122 2055 1212 2116 variis

118 2150 226 2212 modis
246 2153 369 2233 pariter
384 2153 427 2214 ab
443 2173 483 2215 eo
499 2154 628 2216 tentari.
676 2153 714 2214 In
732 2153 815 2215 Nov.
834 2153 865 2215 T
861 2165 914 2216 est.
931 2154 1088 2219 diabolus
1112 2157 1211 2239 impu-

118 2262 198 2333 gnat
211 2255 319 2335 ipsum
332 2255 529 2332 christums,
538 2256 661 2337 Judam
670 2257 875 2336 proditorem
889 2259 930 2320 ad
945 2259 1145 2339 magistrum
1158 2271 1212 2322 tra·

118 2358 264 2420 dandum
281 2359 416 2423 incitat6
427 2369 461 2422 et
476 2359 655 2433 Ananiam,
672 2367 709 2421 ut
726 2358 921 2422 mentiretur
938 2360 1078 2441 Spiritui
1091 2363 1148 2426 S.7

164 2461 304 2543 Insuper
320 2463 421 2525 modo
437 2462 582 2543 generali
600 2461 632 2525 S.
650 2463 766 2523 Petrus
782 2470 816 2523 et
834 2462 866 2525 S.
885 2462 1007 2524 Paulus
1029 2485 1092 2526 nos
1106 2468 1210 2528 admo·

118 2573 198 2626 nent
221 2573 257 2627 ut
280 2586 300 2626 a
322 2564 485 2627 diabolica
511 2564 696 2626 tentatione
724 2583 898 2626 caveamus
924 2585 932 2626 :
966 2565 1210 2630 “Adversarius

118 2676 225 2730 vester
240 2667 393 2730 diabolus
409 2677 568 2748 tanquam
587 2666 639 2727 leo
655 2666 798 2746 rugiens
815 2666 931 2728 circuit
947 2686 1101 2747 quaerens
1121 2689 1209 2750 quem

118 2772 287 2834 devoret...
334 2770 501 2852 Quoniam
520 2789 585 2831 non
602 2778 653 2830 est
663 2769 759 2830 nobis
772 2766 964 2832 colludatio
980 2772 1140 2835 adversus
1152 2793 1209 2836 car·

119 2895 196 2937 nem
222 2884 255 2937 ct
281 2873 487 2956 sanguinem,
511 2871 569 2933 sed
594 2871 751 2934 adversus
775 2871 942 2952 principes
965 2881 999 2935 et
1021 2883 1209 2954 potestates,

158 3071 277 3149 ¹Hodge,
291 3079 457 3147 Syrternatic
467 3075 614 3146 Theology,
632 3079 685 3129 vol.
702 3078 725 3143 I,
737 3079 799 3142 642.
815 3076 977 3129 -Cultum
991 3077 1166 3144 Angelorum
1179 3078 1210 3128 le-

117 3166 245 3234 gitimum
258 3182 321 3219 esse
335 3167 449 3218 Parrum
462 3163 628 3217 auctoritate
640 3164 774 3216 Petavites
782 3164 958 3217 demonstrat
966 3160 995 3230 (l.
1008 3179 1031 3216 c.
1041 3179 1066 3218 c.
1078 3164 1116 3233 9),
1124 3176 1151 3218 et
1164 3175 1210 3216 nos

118 3251 375 3308 demonstrabimus
388 3250 415 3304 in
432 3248 480 3304 Tr.
491 3252 524 3304 de
543 3252 625 3304 Verbo
638 3252 796 3304 Incarnato.

153 3336 216 3394 ²Ps.
231 3339 425 3404 CXXXVIII,
439 3351 478 3402 17.

153 3428 276 3496 ³Angeli
288 3426 354 3479 mali
368 3425 444 3478 varia
455 3424 544 3478 sortiti
556 3432 620 3478 sunt
629 3425 755 3488 nomina3
773 3435 911 3478 vocantur
919 3424 1058 3479 daemom'a
1066 3427 1111 3480 vel
1120 3427 1212 3479 (lerno-

118 3535 165 3570 nes
177 3517 272 3584 (Deut.
287 3515 412 3581 XXXII,
432 3527 461 3578 17
468 3531 475 3581 ;
493 3514 558 3566 Luc.
572 3513 655 3581 VIII,
671 3528 716 3583 333
736 3514 821 3566 Mart.
832 3512 944 3580 XVIII,
955 3508 1020 3581 43ι);
1038 3515 1161 3582 spintm
1172 3529 1209 3567 ne·

118 3622 202 3672 quam
216 3603 295 3670 (Luc.
308 3603 358 3667 XI,
373 3603 418 3664 263
436 3601 499 3653 Aci.
514 3601 594 3666 XIX,
611 3599 665 3667 12);
683 3601 804 3669 spr‘ritus
815 3600 959 3652 immundi
970 3599 1050 3666 (Luc.
1064 3601 1147 3668 VIIl,
1157 3601 1208 3669 29);

119 3692 219 3744 errandi
230 3691 345 3743 redares
357 3689 533 3740 tenebrarum
545 3687 657 3745 harum,
673 3687 840 3754 spiritualia
850 3688 981 3755 nequitie
994 3684 1083 3756 (Epi.
1096 3689 1147 3755 VI,
1164 3687 1209 3753 12).

122 3781 203 3832 Unus
216 3794 250 3831 ex
263 3777 317 3830 illis
328 3786 462 3845 tanquam
476 3792 572 3829 eorum
591 3776 645 3828 dux
666 3775 792 3840 habetur,
805 3784 976 3843 vocaturque
985 3775 1120 3846 pn'nceps
1132 3777 1211 3846 liujus

119 3865 220 3917 rnundi
227 3865 298 3932 (loa.
311 3864 337 3915 X
342 3863 351 3914 l
360 3864 379 3929 l,
394 3876 438 3927 31;
458 3863 537 3927 XIV,
552 3860 596 3927 30)
601 3878 608 3927 3
622 3862 756 3928 princeps
768 3861 970 3913 dcernom'orum
983 3859 1084 3926 (Mart.
1098 3863 1150 3924 IX,
1160 3861 1211 3932 34);

118 3953 209 4004 Satan
228 3949 306 4016 (Luc.
324 3949 373 4016 XI,
395 3949 448 4013 18);
476 3948 603 4000 diabolus
622 3946 719 4014 (Muta
737 3947 828 4008 XXV,
845 3945 902 4011 31);
928 3947 996 3998 deus
1015 3945 1104 4014 hujus
1122 3945 1215 4002 srecul'

118 4035 168 4103 (ll
176 4038 237 4090 Cor.
256 4038 304 4101 IV,
317 4035 344 4104 4)
350 4055 357 4099 ;
376 4034 458 4087 draco
472 4051 600 4103 rrragnur,
614 4038 726 4102 serpens
744 4035 880 4100 antiquus
898 4031 998 4101 (Apoc.
1015 4033 1086 4100 XII,
1100 4034 1137 4102 8).
1178 4033 1213 4088 CI.

117 4126 268 4192 Marulla,
284 4142 311 4176 n.
327 4124 388 4192 426,
402 4132 459 4175 not.
477 4124 496 4176 1.

147 4213 233 4270 ⁴Gen.
253 4212 310 4279 III,
328 4210 380 4267 1-6.

137 4297 247 4354 ⁶Matt.
268 4299 319 4370 IV,
338 4312 412 4369 3·10.
426 4328 462 4336 -—
473 4291 483 4322 ⁶
486 4295 556 4367 Joa.
570 4292 662 4360 Xlll,
676 4303 758 4356 2,a7.
772 4282 809 4325 —I
835 4288 980 4352 anua„
