2684 4634
661 167 804 219 CAPUT
820 168 847 219 1.

193 347 292 408 mode
307 346 349 409 ad
366 346 490 428 aliquid
507 348 597 428 quod
613 358 664 410 est
676 351 825 413 maxime
837 348 1020 432 perfeEtum
1029 371 1037 429 ;
1061 351 1109 414 ita
1120 372 1149 416 v.
1163 350 1192 434 g.
1206 351 1290 433 quod
1324 332 1340 345 ’

193 459 244 513 est
258 450 366 512 solum
382 449 566 532 partialiter
582 451 717 529 bonum,
733 453 780 516 ita
796 463 933 517 vocatur
955 455 1034 536 quia
1051 464 1103 518 est
1122 455 1293 537 participa·

193 554 241 615 tio
256 553 410 634 quaedam
425 552 567 616 limitata
577 575 741 636 supremae
754 555 922 618 bonitatis.
969 553 1069 635 Quod
1083 552 1130 616 sic
1142 552 1295 617 illustrari

194 666 324 738 potest:
348 658 381 720 id
398 658 487 737 quod
504 667 556 719 est
573 659 681 720 minus
698 659 731 720 in
748 658 859 740 aliqua
874 655 1086 740 perfectione,
1096 656 1183 721 hanc
1195 657 1296 739 perfe-

194 757 339 822 ctionem
356 780 376 822 a
391 760 501 841 seipso
517 780 584 822 non
602 761 719 840 habet;
743 763 876 826 sienim
893 761 979 825 hanc
996 761 1139 844 aseipso
1150 760 1297 838 haberet,

194 884 267 925 eam
285 862 470 945 possideret
485 884 617 926 summo
633 867 738 946 gradu
748 887 756 942 ;
783 886 859 930 nam
874 868 1007 930 bonitas
1023 887 1067 928 ex
1083 886 1202 929 senon
1220 866 1298 930 dicit

195 968 301 1048 inagis
317 967 404 1029 hunc
419 967 561 1049 gradum
578 988 679 1048 quam
698 969 806 1046 illum,
822 970 881 1034 sed
907 990 950 1057 ex
975 991 1011 1032 se
1035 980 1086 1033 est
1110 970 1297 1048 illimitata;
1335 956 1339 963 ⁸

194 1071 221 1133 si
237 1072 337 1153 igitur
352 1073 394 1134 de
409 1069 499 1134 fano
516 1071 659 1135 limitata
674 1073 843 1136 invenitur
862 1073 895 1135 in
917 1072 1029 1154 aliquo
1048 1081 1134 1149 ente,
1150 1072 1216 1136 hoc
1232 1093 1296 1136 non

195 1175 286 1237 venit
298 1194 344 1235 ex
361 1194 401 1236 eo
417 1174 507 1255 quod
524 1173 656 1236 bonitas
672 1177 715 1240 sit
730 1198 774 1240 ex
792 1197 826 1240 se
842 1177 995 1253 limitata,
1009 1177 1094 1240 bene
1108 1197 1188 1240 vero
1204 1197 1297 1240 exeo

195 1279 284 1357 quod
298 1278 434 1341 bonitas
451 1298 518 1340 non
535 1280 756 1344 essentialiter
774 1280 854 1345 'huic
874 1281 942 1343 enti
966 1280 1159 1357 conveniat;
1185 1281 1246 1343 sed
1268 1281 1296 1343 ei

195 1381 238 1443 ab
253 1380 318 1443 alio
334 1382 581 1444 communicata
593 1381 701 1447 'suerit
749 1385 826 1448 Hoc
841 1392 954 1447 autem
970 1383 1060 1447 aliud
1076 1382 1127 1446 vel
1152 1392 1204 1446 est
1226 1381 1296 1445 infi-

195 1485 274 1545 nitae
290 1481 509 1565 perfeetionis,
525 1483 577 1546 vel
599 1505 683 1549 non:
707 1486 733 1547 si
755 1487 856 1568 prius,
878 1486 1040 1549 habemus
1064 1487 1247 1564 intentum;
1270 1487 1296 1548 si

196 1588 368 1668 posterius,
382 1587 454 1649 ·hoc
479 1587 578 1664 aliud,
597 1598 720 1670 utpote
744 1588 886 1654 limitata
910 1586 1112 1671 perfestione
1138 1590 1297 1671 gaudens,

196 1710 289 1754 suam
306 1690 491 1754 bonitatem
508 1692 549 1754 ab
566 1691 632 1754 alio
648 1693 786 1775 accepit,
802 1703 836 1756 et
859 1693 905 1756 ita
927 1693 1093 1773 deinceps,
1109 1692 1296 1774 usquedum

196 1796 405 1877 perveniatur
428 1797 470 1858 ad
489 1796 564 1858 .Ens
580 1816 710 1859 summe
726 1806 759 1858 et
775 1795 903 1858 infinite
919 1793 1101 1877 perfeetum
1117 1794 1209 1877 quod
1225 1795 1297 1858 aliis

196 1900 421 1963 communicet
438 1901 545 1963 varios
562 1897 772 1982 perfedtionis
794 1899 924 1982 gradus.
971 1899 1062 1980 Ergo
1083 1898 1204 1961 existit
1226 1898 1298 1960 Ens

194 2024 318 2066 suntme
332 2015 364 2068 et
377 2003 505 2085 infinite
512 2005 700 2084 peffectum.

242 2108 318 2171 Hoc
333 2118 567 2189 argumentum
584 2117 656 2171 toto
672 2106 758 2170 coelo
774 2107 877 2169 distat
892 2104 935 2168 ab
958 2114 1156 2187 argumento
1174 2103 1298 2167 Ansel-

191 2214 327 2275 -miano:
362 2213 395 2274 in
422 2211 485 2273 hoc
510 2212 599 2274 enim
622 2212 850 2303 consideratur
876 2208 1087 2273 solummodo
1114 2208 1187 2273 idea
1207 2209 1299 2272 entis

195 2315 341 2401 perfecti,
365 2324 399 2378 et
423 2314 460 2379 fit
484 2317 642 2378 transitus
667 2316 709 2378 de
728 2315 848 2377 ordine
862 2313 961 2377 ideali
977 2314 1018 2376 ad
1036 2312 1177 2375 realem:
1204 2313 1298 2394 quod

194 2423 338 2502 logicum
357 2440 422 2482 non
440 2428 498 2481 est.
546 2419 578 2482 S.
595 2419 744 2481 Thomas
768 2439 845 2481 vero
868 2416 1086 2499 proficiscitur
1110 2435 1131 2477 a
1154 2415 1299 2478 realibus

195 2523 404 2607 perfeftionis
421 2522 586 2604 gradibus,
603 2523 744 2603 ideoque
760 2522 847 2584 reale
864 2521 934 2583 Ens
949 2517 1132 2601 perfeetum
1148 2519 1299 2599 attingit3

191 2624 280 2692 'sicut
295 2629 383 2690 enim
400 2625 494 2688 rivuli
510 2646 669 2707 aquarum
687 2624 814 2687 alonte
831 2623 918 2700 reali,
931 2643 997 2686 non
1014 2620 1121 2697 ideali,
1133 2621 1298 2703 originem

195 2732 329 2808 ducunt,
345 2733 391 2793 ita
407 2731 496 2792 entia
512 2727 705 2811 imperledta
721 2728 779 2790 sed
796 2726 970 2790 actualiter
985 2724 1166 2788 existentia
1181 2743 1202 2786 a
1218 2723 1298 2787 reali

195 2833 403 2920 perfetlionis
422 2835 528 2896 Fonte
543 2834 703 2914 originem
716 2831 864 2894 trahunt.

399 3005 432 3072 50
446 2993 690 3072 Argumentum
707 3012 723 3053 e
731 2987 965 3070 gubernatione
980 3005 1097 3051 rerum.
1192 2999 1194 3002 “

247 3148 292 3212 14.
339 3128 384 3202 Si,
399 3137 474 3209 post
491 3127 789 3188 considerationem
807 3117 922 3187 mundi
938 3123 1001 3186 sub
1022 3121 1120 3185 variis
1141 3118 1297 3202 respedti·

196 3234 266 3309 bus,
282 3232 352 3313 ejus
369 3231 585 3293 universalem
603 3231 753 3292 ordinem
770 3229 984 3302 attendimus,
1000 3225 1147 3288 uidemus
1166 3210 1297 3306 corpora

196 3336 372 3410 naturalia,
383 3355 454 3416 quee
463 3335 638 3415 cognitione
649 3343 765 3410 carent,
776 3333 903 3414 operari
910 3341 1044 3413 propter
1047 3329 1161 3412 finem.
1191 3329 1299 3410 Atqui

196 3439 319 3522 idfieri
332 3439 450 3520 nequit,
467 3439 535 3500 nisi
555 3438 749 3518 dirigantur
768 3437 808 3499 ab
830 3435 939 3515 aliquo
960 3445 1105 3515 supremo
1128 3432 1295 3509 iutelleiiu,

194 3544 253 3625 qui
265 3543 312 3606 sit
324 3565 346 3605 a
362 3542 481 3605 mundo
496 3542 669 3605 distinitus
684 3552 718 3604 et
735 3541 853 3604 merito
871 3540 964 3601 Deus
979 3547 1123 3601 vocatur.
1171 3537 1273 3619 Ergo.

244 3648 361 3729 Major
388 3647 593 3710 declaratur:
631 3646 770 3727 Corpora
797 3643 973 3720 naturalia,
999 3643 1097 3704 etiam
1122 3641 1296 3722 cognitione

194 3752 346 3826 carentia,
362 3760 537 3831 operantur
550 3759 683 3831 propter
694 3749 808 3830 finem.
855 3747 943 3808 Nam
967 3746 1000 3808 in
1024 3745 1177 3807 universo
1200 3745 1296 3807 datur

196 3854 444 3918 evidentissima
460 3854 626 3916 ordinatio
643 3852 828 3914 mediorum
846 3850 888 3912 ad
905 3849 1015 3925 finem,
1027 3857 1064 3911 ut
1075 3847 1176 3910 variae
1192 3849 1295 3910 scien-

196 3959 252 4021 tiae
270 3965 442 4021 testantur.
488 3956 523 4019 Si
541 3955 753 4017 astronomiae
770 3955 914 4028 studeas,
932 3951 1058 4014 miraris
1075 3971 1156 4013 sane
1171 3960 1296 4031 quanto

196 4061 312 4124 ordine
328 4061 481 4142 planetae,
497 4080 572 4122 cum
589 4058 787 4121 satellitibus
803 4058 879 4133 suis,
895 4057 982 4118 circa
1004 4054 1107 4116 solem
1131 4064 1243 4117 rotent
1264 4062 1297 4116 et

197 4165 367 4248 quomodo
383 4163 432 4226 vis
448 4163 633 4243 centrifuga
649 4183 687 4224 ac
703 4162 888 4243 centripeta
904 4160 951 4222 ita
967 4160 1182 4221 moderentur
1205 4168 1242 4221 ut
1264 4157 1296 4220 in

198 4289 259 4330 suo
282 4267 361 4329 orbe
385 4276 473 4328 astra
497 4264 679 4327 incredibili
696 4264 863 4327 celeritate
879 4263 976 4325 simul
993 4282 1032 4324 ac
1047 4259 1194 4344 persedit
1210 4271 1297 4325 tran-
