2684 4634
127 187 197 238 604
241 227 245 231 .
571 182 711 233 CAPUT
727 182 782 231 1v.

170 363 240 441 284
287 362 348 442 (B)
365 361 475 444 Quam
500 359 577 423 fidei
594 359 784 424 doctrinam
802 359 840 421 S.
862 358 1002 420 Thomas
1026 358 1226 438 argumentis

128 464 368 528 convenientiae
381 461 523 525 illustrat
535 463 580 543 (q.
594 465 644 534 28,
656 483 684 524 a
698 464 745 542 3);
767 462 931 541 siquidem
943 479 1034 523 error
1047 459 1226 521 contrarius

128 567 179 647 (a)
188 565 382 646 perfettiani
397 563 524 628 Christi
544 566 704 645 derogat;
738 565 824 625 sicut
847 564 936 624 enim
962 571 1013 623 est
1036 560 1227 642 Unegenitns

128 668 253 740 Patris,
269 668 316 729 ita
331 667 443 729 decuit
466 675 503 727 ut
525 676 610 728 esset
626 666 815 746 unigenitus
830 664 957 739 matres,
973 672 1141 744 tanquam
1165 682 1226 742 per·

129 767 343 832 sedlissimum
367 788 502 850 germen
527 768 614 848 ejus;
646 769 695 848 (b)
720 767 877 847 injuriam
905 766 985 828 facit
1015 765 1169 846 Spiritui
1182 764 1224 836 S.,·

129 893 229 955 quum
246 873 335 934 enim
352 882 464 934 uterus
480 871 659 950 virginalis,
676 872 708 933 in
726 890 794 951 quo
810 870 934 934 Christi
951 888 1087 930 carnem
1114 868 1224 930 sorma-

128 975 185 1047 vit‚
201 975 272 1053 ejus
288 970 513 1036 sanctuarium
531 972 638 1047 fuerit,
650 993 718 1034 non
735 972 878 1034 decebat
889 981 927 1033 ut
942 991 1001 1051 per
1017 969 1224 1032 commixtio·

129 1095 204 1137 nem
232 1075 359 1138 virilem
384 1074 581 1150 violaretur;
617 1070 669 1159 (c)
685 1075 826 1155 derogat
847 1072 1009 1153 dignitati
1018 1081 1051 1134 et
1064 1070 1226 1134 santtitati

129 1179 248 1239 matris
262 1177 335 1252 Dei,
352 1197 427 1256 quae
450 1176 676 1255 ingratissima
692 1178 869 1251 videretur,
884 1176 912 1237 si
929 1183 1025 1237 tanto
1044 1174 1134 1236 Filio
1157 1193 1223 1236 con-

129 1288 221 1340 tenta
237 1299 303 1340 non
320 1288 416 1352 esset,
426 1288 460 1339 et
472 1279 697 1358 virginitatem
714 1276 912 1341 miraculose
927 1286 1097 1338 servatam
1115 1286 1223 1357 sponte

129 1383 280 1443 amittere
296 1381 471 1455 voluisset;
502 1378 557 1464 (d)
573 1382 713 1462 derogat
728 1380 903 1442 santtt'tati
917 1379 1020 1460 ipsius
1028 1378 1163 1462 Joseple,
1178 1379 1221 1459 qui

128 1485 286 1546 maximae
297 1483 567 1564 praesumptionis
580 1505 654 1545 reus
667 1494 764 1558 esset,
777 1485 804 1544 si
817 1503 894 1545 cum
907 1487 1037 1563 etr‚quae
1048 1483 1093 1544 de
1107 1482 1220 1564 Spiritu

129 1588 161 1652 S.
178 1596 385 1667 conceperat,
395 1588 631 1653 commercium
646 1588 779 1651 carnale
795 1588 916 1650 habere
931 1587 1104 1649 voluisset.

162 1737 218 1802 285
259 1735 324 1791 Nee
338 1735 429 1807 objici
442 1744 568 1806 possunt
581 1736 608 1791 S.
621 1737 773 1793 Matthaei¹
786 1736 893 1793 verba:
917 1735 1116 1806 “Antequam
1129 1753 1220 1793 conve·

128 1821 233 1889 mrem,
247 1821 367 1878 inventa
379 1829 424 1878 est
437 1822 465 1877 in
486 1831 570 1879 utero
584 1822 698 1879 habens
716 1823 755 1880 de
769 1822 879 1894 Spiritu
893 1821 947 1878 S...
986 1821 1026 1877 Et
1047 1839 1110 1879 non
1124 1839 1218 1893 cogno-

128 1907 230 1965 scebat
243 1925 318 1977 earn,
333 1908 419 1966 donec
429 1908 545 1979 peperit
564 1909 658 1965 filium
677 1927 765 1966 suum
775 1909 1002 1980 primogenitum
1013 1908 1029 1933 '’
1040 1932 1054 1976 ‚·
1081 1908 1220 1980 particula

128 1996 208 2053 enim
221 2002 375 2065 antequam
388 2004 418 2052 et
430 1995 514 2051 donec
525 1995 598 2066 quid
611 2013 669 2053 non
683 1997 719 2052 sit
732 1995 843 2053 fadtum
852 2004 922 2051 ante
930 1994 1042 2052 Christi
1051 2006 1219 2067 conceptum

128 2092 157 2140 et
172 2092 288 2152 partum
303 2080 461 2148 inculcant,
474 2093 506 2137 ut
525 2080 667 2139 omnibus
679 2082 716 2138 sit
729 2082 852 2139 evidens
866 2082 894 2137 S.
909 2080 1080 2152 Josephum
1094 2100 1157 2139 non
1170 2098 1220 2139 esse

128 2177 243 2240 patrem
258 2166 368 2224 Christi
381 2187 388 2232 ;
406 2167 480 2237 quid
493 2176 592 2224 autem
607 2178 711 2238 postea
724 2166 835 2224 iactum
849 2167 894 2235 sit,
908 2165 947 2223 ab
960 2166 1218 2239 Evangelisttprae-

129 2254 307 2322 termittitur,
325 2254 438 2324 quippe
451 2253 534 2323 quod
547 2253 586 2311 ad
600 2255 664 2324 ejus
677 2271 803 2324 scopum
817 2272 877 2310 non
891 2251 1056 2324 spectabat.
1099 2254 1161 2312 Res
1174 2253 1221 2311 alio

129 2348 209 2396 textu
223 2337 359 2393 illustrari
373 2346 488 2407 potest:
509 2337 618 2394 “Dixit
633 2338 782 2394 Dominus
793 2339 926 2396 Domino
940 2358 1026 2398 meo:
1048 2341 1122 2399 sede
1135 2361 1153 2399 a
1165 2343 1221 2399 dex-

128 2426 180 2484 tris
193 2424 267 2481 meis
279 2424 364 2479 donec
376 2441 486 2494 ponam
501 2424 638 2480 inimicos
651 2435 718 2482 tuos
731 2425 892 2482 scabellum
908 2427 1021 2498 pedum
1042 2438 1165 2486 tuorum
1177 2431 1221 2484 '’22

128 2532 164 2572 ex
176 2530 237 2582 quo
250 2521 329 2568 certe
346 2510 486 2567 concludi
507 2512 612 2582 nequit
625 2511 778 2578 Christum
799 2531 859 2569 non
878 2514 1008 2585 amplius
1022 2532 1176 2573 sessurum
1192 2515 1221 2571 ad

128 2601 279 2659 dexteram
294 2597 397 2662 Patris
414 2597 536 2667 quando
555 2599 619 2666 ejus
638 2598 749 2655 inimici
769 2598 880 2656 subditi
898 2611 1004 2668 erunt;
1032 2620 1106 2673 ergo
1126 2604 1223 2674 pariter

129 2705 185 2744 vox
200 2684 335 2741 “donec''
350 2684 472 2740 intexto
492 2684 581 2740 allato
602 2701 661 2739 non
684 2685 823 2755 importat
838 2686 871 2742 B.
888 2687 1043 2757 Virginem
1063 2707 1080 2744 a
1093 2689 1222 2761 Josephn

128 2774 279 2844 cognitam
292 2772 382 2828 luisse
396 2781 463 2843 post
472 2769 582 2828 Christi
592 2781 717 2841 partum.
747 2771 885 2828 Tandem
899 2791 956 2828 vox
972 2773 1224 2845 “prinmgenitus’⁷

128 2861 201 2918 alios
215 2859 304 2916 fuisse
318 2858 393 2915 filios
406 2858 530 2914 minime
544 2857 660 2929 probat,
677 2875 770 2928 quum
783 2858 866 2928 apud
878 2859 1001 2930 Judaeos
1014 2861 1225 2934 primogenitus

128 2946 325 3018 appellaretur
345 2945 369 3000 is
388 2943 473 3013 filius,
490 2954 662 3013 antequem
681 2945 779 3000 nullus
792 2945 868 3002 alius
882 2957 968 3004 natus
981 2947 1087 3017 fuerat,
1102 2950 1166 3007 sive
1185 2949 1225 3005 alii

129 3044 195 3104 post
209 3033 305 3102 ipsum
320 3032 379 3087 nati
394 3031 452 3086 sint
465 3031 527 3087 sive
541 3048 600 3086 non
610 3045 629 3085 ³.

128 3240 210 3312 ptura
222 3237 352 3305 rejicitur.
392 3237 528 3302 Alterum,
542 3237 617 3305 quod
629 3236 840 3290 matrimonium
855 3238 972 3292 damnat
984 3251 1013 3292 et
1026 3242 1195 3298 coelibatum
1205 3243 1229 3295 in

128 3323 307 3397 perfectionis
321 3322 470 3376 consilium
489 3323 686 3390 evangelicum
706 3325 852 3390 convertit,
866 3343 923 3379 non
944 3327 1035 3380 solum
1055 3346 1073 3381 a
1087 3330 1231 3399 Scriptura

127 3417 285 3475 damnatur,
299 3410 350 3463 sed
364 3410 478 3477 insuper
492 3409 520 3462 in
534 3409 700 3479 perniciosis
713 3410 869 3464 haeresibus
888 3414 1023 3468 radicitus
1042 3416 1115 3470 fixus
1135 3429 1188 3485 est,
1204 3430 1230 3472 et

127 3499 232 3569 apertis
247 3498 405 3565 saepiusque
419 3497 545 3564 repetitis
560 3497 711 3560 Sacrorum
730 3497 878 3551 Librorum
897 3501 1076 3555 documentis
1090 3505 1232 3558 contradi·

127 3589 165 3640 cit
173 3589 193 3638 ’'.
212 3585 256 3636 Ad
275 3583 351 3652 quod
371 3581 499 3635 ultimum
519 3583 721 3636 confutandum
740 3593 847 3638 attente
866 3586 960 3653 legere
974 3589 1095 3643 sufficiat
1114 3608 1151 3645 ea
1170 3609 1232 3662 quae

128 3676 163 3728 de
184 3670 353 3738 virginitatis
373 3670 540 3722 excellentia
561 3669 658 3722 scribit
680 3671 710 3723 S.
726 3669 840 3721 Paulus
858 3671 883 3736 (Ι
900 3672 962 3724 Car.
977 3674 1046 3735 Vll,
1063 3674 1171 3743 25-40),
1187 3675 1234 3728 ubi

127 3771 203 3816 certo
217 3758 319 3811 certius
333 3758 449 3811 docetur
462 3757 650 3824 virginitatem
664 3758 844 3810 matrimonio
858 3758 1053 3826 perfed'tiorem
1066 3779 1142 3817 esse.

163 3848 266 3899 ¹Matt.
284 3847 305 3911 1,
323 3845 361 3908 18,
376 3857 418 3910 25.
435 3876 469 3882 -
482 3843 550 3896 ¹Ps.
568 3845 645 3906 CIX,
665 3860 686 3898 r.

162 3933 267 4002 ³Quod
286 3931 398 4000 egregie
418 3932 531 4000 exponit
551 3933 581 3984 S.
595 3933 789 4000 Hieronymus
806 3931 865 4001 (op.
881 3932 928 3987 cit.
945 3951 972 3986 n.
986 3933 1015 4001 4)
1033 3953 1039 3987 :
1061 3936 1089 3978 ·“
1099 3936 1191 4004 Quasi
1212 3938 1235 3990 si

127 4021 189 4090 quis
204 4020 304 4073 dixerit
319 4029 496 4087 :antequam
511 4018 539 4070 in
553 4029 633 4086 portu
648 4018 825 4086 pranderem,
833 4021 869 4071 ad
883 4020 1009 4073 Africam
1022 4022 1167 4090 navigavi,
1178 4040 1235 4077 non

126 4109 215 4176 possit
230 4120 304 4159 stare
318 4106 467 4170 sententia,
476 4105 529 4157 nisi
544 4106 569 4158 ei
583 4104 611 4157 in
625 4116 706 4173 portu
721 4105 920 4174 prandendum
933 4107 1105 4177 quandoque
1119 4109 1168 4173 sit;
1188 4121 1237 4163 aut

122 4194 148 4250 si
162 4193 280 4248 velimus
294 4192 389 4248 dicere
403 4212 408 4246 :
430 4192 534 4248 Paulus
547 4192 702 4260 apostolus,
710 4203 866 4260 antequam
875 4193 912 4244 ad
924 4193 1080 4262 Hispanias
1093 4208 1235 4265 pergeret.

111 4287 218 4341 Romae
232 4284 262 4340 ln
279 4284 395 4340 vincula
409 4281 561 4356 conjessus
576 4291 642 4345 θεῖ’,
660 4290 711 4333 aut
723 4289 802 4331 certe
815 4277 891 4327 'illud
900 4293 912 4325 ⁸.
924 4276 1246 4343 Rehuxh‘xus‚antequum
