2684 4634
133 171 196 220 410
265 172 320 220 DE
334 172 477 222 VERBO
491 172 744 224 INCARNATO
758 173 810 240 ET
823 173 1138 229 REDEMPTORE.

132 351 215 421 quod
233 362 363 411 creatum
383 363 435 423 est,
455 353 485 410 in
504 353 635 413 divinam
653 354 817 413 educamus
833 355 1015 414 essentiam:
1038 372 1142 428 neque
1161 354 1236 426 quod

131 438 271 495 eximium
289 450 333 498 est
350 440 458 499 divinae
474 451 594 512 naturae,
610 441 648 499 ad
665 450 887 514 competentem
904 442 1052 500 creaturis
1069 442 1155 515 quod
1172 441 1236 513 deji-

132 525 251 583 ciamus.
291 527 418 586 “Unius
437 527 517 585 enim
536 528 733 600 ejusdemque
751 537 811 586 tam
831 527 981 599 miracula,
999 545 1161 601 quamque
1179 545 1236 601 pas·

131 609 228 667 siones
249 612 471 682 cognoscimus
496 611 663 670 secundum
684 611 816 670 alludet
837 611 918 669 aliud
938 629 1056 681 earum,
1078 611 1236 684 exquibus

130 706 184 761 est,
199 706 368 755 naturarum
387 709 416 757 et
436 699 465 754 in
485 699 594 770 quibus
613 698 704 758 habet
723 716 788 758 esse
796 698 821 769 ”,
840 698 916 756 sicut
933 697 1127 757 admirabilis
1147 699 1236 770 inquit

132 784 266 855 Cyrillus
945 799 947 803 ’

165 930 204 968 21·
244 917 388 990 Undique
405 919 492 990 igitur
512 918 700 976 inconfusum
722 929 812 990 atque
831 918 993 977 indivisum
1013 930 1232 990 conservantes,

80 1071 84 1081 ἱ
131 1001 211 1071 brevi
230 1022 303 1062 voce
321 1005 430 1063 cuneta
448 1006 647 1078 proferimus3
671 1024 761 1062 unum
784 1004 894 1064 sanctae
916 1006 1091 1078 TrinitatiS,
1113 1018 1156 1077 et,
1175 1017 1234 1080 post

132 1089 379 1162 Incarnationem,
401 1092 567 1150 Dominum
584 1101 717 1161 nostrum
729 1092 832 1167 Jesaru
849 1092 1000 1151 Christum
1019 1111 1127 1150 verum
1144 1094 1233 1150 Deum

131 1185 262 1233 nostrum
277 1195 341 1235 esse
353 1179 515 1248 credentes
525 1179 681 1237 asserimus
693 1179 767 1248 diras
779 1179 840 1251 ejus
851 1197 906 1236 esse
918 1186 1048 1236 naturas
1061 1179 1095 1237 in
1110 1181 1171 1238 unet
1180 1182 1232 1252 aas

131 1262 278 1320 radiantes
289 1265 479 1337 subsistentia,
495 1266 525 1322 in
538 1267 597 1338 quat
610 1275 669 1323 tam
683 1265 832 1338 miracula,
849 1283 1002 1338 quamque
1015 1267 1175 1338 passiones
1187 1283 1231 1338 per

130 1366 251 1405 omnem
264 1351 308 1407 sui
321 1350 543 1424 dispensitivam
557 1352 820 1422 conversationem,
834 1370 894 1409 non
909 1369 961 1424 per
974 1350 1227 1424 phantasiamsed

130 1435 270 1494 veraciter
289 1438 510 1504 demonstravit,
532 1438 572 1495 ob
593 1439 756 1496 naturalem
778 1435 975 1496 differentiam
998 1439 1029 1494 in
1050 1439 1158 1498 eadem
1177 1439 1226 1494 unit

130 1521 319 1581 subsistentiis
331 1525 582 1597 cognoscendam,
598 1525 670 1600 dum
689 1544 751 1582 crem
770 1525 889 1584 alterius
905 1526 1106 1584 conmunione
1118 1533 1224 1596 utraque

130 1616 240 1667 natura
253 1611 386 1681 indivise,
394 1621 424 1670 et
436 1612 592 1671 inconfuse
598 1613 724 1685 propria
737 1613 832 1684 vellet,
848 1622 939 1684 atque
950 1619 1145 1683 operaretur:
1155 1614 1222 1683 juxta

131 1715 221 1768 quam
238 1699 393 1770 rationem,
405 1709 434 1758 et
451 1700 524 1756 decas
543 1701 693 1757 naturales
708 1701 868 1758 voluntates
884 1709 913 1758 et
929 1699 1112 1771 operationes
1127 1697 1220 1769 censile-

130 1803 203 1854 mur,
220 1787 259 1844 ad
271 1788 390 1845 salutern
403 1788 530 1844 neenrani
534 1788 648 1859 generis
659 1788 854 1845 convenienter
864 1787 896 1846 in
908 1805 938 1844 ea
949 1795 1154 1846 concurrentes.

131 1947 425 2048 objectum,
447 1949 650 2030 utilitas
668 1953 718 2029 et
734 1948 924 2029 divisio
938 1951 1215 2055 Tractatus.

171 2142 220 2195 22.
272 2141 303 2189 10
322 2128 359 2190 ln
381 2127 443 2189 hoc
464 2125 607 2191 trattatu
629 2127 858 2191 disserendum
883 2126 1046 2190 habemus
1067 2129 1111 2190 de
1134 2125 1218 2190 Verba

99 2290 101 2294 .
129 2229 302 2292 incarnata
317 2240 347 2293 et
361 2231 578 2312 Redernptore,
594 2231 626 2293 id
643 2241 694 2294 est
709 2232 751 2295 de
767 2231 912 2294 secunda
928 2231 1074 2311 persona
1090 2229 1149 2294 SS.
1159 2228 1217 2291 Tri-

129 2332 240 2393 nitatis
256 2342 419 2413 quatenus
435 2333 615 2396 humanam
633 2343 784 2397 naturam
801 2333 993 2414 assumpsit,
1008 2332 1051 2394 ad
1069 2332 1218 2395 redimen-

129 2436 208 2497 dum
229 2456 334 2517 genus
354 2437 537 2499 humanum
557 2457 615 2518 per
638 2445 912 2518 protoparentum
933 2435 1068 2517 culpam
1091 2435 1217 2516 lapsum.

130 2537 265 2602 Exinde
295 2549 432 2620 apparet
462 2539 560 2621 hujus
591 2538 768 2604 Traelatus
798 2539 965 2603 connexio
1001 2559 1078 2601 cum
1108 2556 1218 2620 praece·

128 2643 312 2706 dentibus:
343 2645 506 2725 siquidem
537 2646 569 2706 in
607 2645 659 2707 Tr.
690 2645 729 2707 da
757 2645 826 2707 Dea
857 2665 920 2706 una
949 2652 983 2706 et
1010 2642 1097 2704 trina
1123 2643 1218 2725 ipsam

129 2757 280 2810 naturam
311 2748 458 2810 divinam
489 2748 771 2828 investigavimus
796 2749 828 2809 in
860 2747 912 2809 Tr.
936 2745 975 2808 de
997 2746 1068 2808 Dee
1094 2744 1219 2810 Creonte

28 2847 31 2870 ³
127 2852 169 2912 de
199 2850 270 2931 ejus
300 2850 458 2931 operibus·
484 2851 526 2911 ad
558 2859 653 2911 extra
683 2850 935 2931 disputavimus
961 2848 1004 2911 de
1029 2847 1169 2930 Angelis
1193 2854 1218 2908 et

130 2953 286 3027 Homine,
307 2953 488 3033 praesertim
512 2972 590 3014 vero
613 2951 655 3014 de
677 2951 1162 3032 elevatione”protoparentum
1183 2948 1217 3011 ad

128 3063 251 3117 statum
268 3054 550 3136 supernaturalem
568 3065 730 3118 eteorum
748 3053 925 3117 miserabili
941 3053 1035 3135 lapsu
1051 3074 1058 3128 ;
1082 3059 1217 3115 remanet

128 3158 227 3238 igitur
250 3159 427 3220 dicendum
451 3158 493 3220 de
516 3158 659 3220 hominis
682 3157 964 3238 redintegratione
984 3176 1043 3237 per
1060 3154 1214 3219 Christum

129 3261 397 3341 Redemptorem.
540 3320 546 3330 ,
823 3268 825 3273 ’

171 3363 349 3445 objectum
362 3364 498 3445 hujusce
510 3361 687 3426 Tractatus
703 3364 735 3424 in
753 3362 911 3444 parabola
927 3361 1006 3424 boni
1023 3356 1211 3426 Samaritani

127 3469 253 3549 optime
268 3467 474 3529 declaratur1
489 3488 495 3528 ε
519 3467 682 3547 siquidem
699 3466 801 3527 homo
817 3465 1022 3528 descendens
1034 3464 1083 3536 ¹ab
1097 3464 1209 3545 Jerusa-

127 3571 190 3632 lem
208 3571 240 3631 in
256 3570 396 3650 Jericho,
408 3570 508 3650 juxta
532 3589 598 3630 non
622 3589 746 3651 paucos
769 3569 974 3650 interpretes,
990 3565 1159 3629 Adamum
1173 3581 1209 3623 re·

126 3683 314 3755 praesentat,
337 3674 402 3753 qui,
422 3674 501 3734 dum
528 3673 589 3733 iter
610 3671 742 3746 faceret,
763 3671 878 3733 incidit
903 3670 936 3732 in
964 3669 1119 3744 latroneS,
1144 3668 1160 3729 i.
1182 3683 1208 3734 ea
1258 3754 1261 3759 ἢ

126 3778 304 3851 daemones,
320 3786 353 3839 et
380 3777 533 3856 gratuitis
556 3773 726 3855 spoliatus
750 3773 811 3836 fuit
838 3773 939 3836 etiam
967 3773 1001 3834 in
1025 3768 1209 3835 naturalibus

126 3880 324 3942 vulneratus.
371 3881 519 3962 Lapsum
536 3899 640 3960 genus
657 3877 840 3946 humanum
858 3895 967 3958 neque
980 3874 1036 3938 lex
1049 3867 1209 3958 (sacerdes),

160 4107 247 4158 ¹Lue.
264 4104 300 4170 X,
314 4121 348 4173 30
361 4123 402 4176 sq.
442 4107 585 4161 Disertam
600 4106 682 4176 hujus
695 4108 838 4177 parabolae
855 4107 1064 4178 expositionem
1077 4108 1168 4163 videre
1178 4110 1210 4158 est

119 4194 197 4266 apud
221 4196 374 4263 Wseman,
395 4196 514 4266 Essays,
532 4197 668 4250 Parables
688 4197 719 4250 oi
735 4197 845 4250 the'Ne
858 4197 890 4250 T.
929 4193 988 4253 Ctr.
1007 4197 1094 4253 etiam
1115 4190 1211 4255 Treui,

112 4286 257 4344 Parables
270 4287 303 4342 of
313 4287 376 4343 Our
388 4287 480 4357 ‘Lord,
494 4303 523 4358 p.
540 4300 603 4356 321,
614 4282 725 4352 tremi,
742 4279 904 4347 Hurter,n.
916 4283 975 4347 quq.
