2684 4634
282 187 340 239 DE
357 188 579 241 ursmmo
596 182 933 240 REDEMPTIONIS.
1098 191 1159 243 521

59 370 114 432 lta
138 371 353 434 communiter
372 381 489 434 contra
506 370 673 446 Scotistas,
688 371 744 450 qui
768 373 985 446 contendunt,
1000 372 1101 435 etiam
1125 373 1157 434 in

57 475 127 537 illa·
140 474 328 557 hypothesi,
346 475 615 539 lncarnationem
641 493 707 535 non
729 493 801 536 esse
824 475 1053 550 necessariam,
1072 476 1159 556 quia,

12 632 14 637 .
53 575 158 656 juxta
174 578 274 658 ipsos
291 586 465 658 peccatum
482 575 632 650 mortale,
648 596 714 638 non
733 576 860 638 habens
882 576 1048 640 infinitam
1065 579 1159 641 mali-

57 682 152 756 tiam,
168 690 280 763 potest
295 701 355 763 per
370 683 556 763 simplicem
573 690 759 743 creaturam
776 678 929 759 reparari.

100 783 200 847 Prob.
245 783 304 865 (A)
334 784 460 846 Tradit.
508 783 621 865 Quum
648 784 819 864 Scriptura
843 782 905 845 hac
926 784 969 847 de
995 805 1030 846 re
1054 784 1159 858 sileat,

58 886 210 968 nihilque
234 888 277 949 ab
304 886 456 949 Ecclesia
481 886 657 950 definitum
682 886 789 960 luerit,
814 895 946 966 patrum
969 887 1160 949 testimonia

11 978 16 1079 ,
59 989 221 1051 nonnulla
241 989 274 1051 in
294 991 441 1052 medium
467 989 612 1071 proferre
633 991 714 1051 satis
733 991 803 1052 erit.
849 989 984 1051 Thesim
1010 999 1159 1052 nostram

11 1096 16 1147 .'
59 1102 129 1154 tam
145 1093 286 1175 idiserte
316 1103 538 1174 propugnant,
563 1104 600 1157 ut
630 1091 798 1155 nonnullis
826 1091 886 1152 visi
913 1091 980 1154 sint
1007 1092 1159 1154 absolute

60 1196 180 1258 docere
200 1195 373 1258 hominem
390 1197 521 1258 nonnisi
535 1196 649 1258 Verbo
666 1197 839 1256 incarnato
861 1193 977 1254 redimi
1001 1194 1157 1274 potuisse.

11 1354 16 1383 ÷
62 1298 113 1360 lta
128 1298 339 1361 Athanasius
353 1299 448 1380 (orat.
472 1317 489 1377 3
506 1309 594 1362 cont.
610 1293 774 1380 Arianos)
793 1296 894 1359 habet
912 1320 918 1357 :
946 1296 1046 1358 “Nisi
1069 1297 1158 1358 enim

11 1412 17 1483 ζ
59 1401 244 1464 divinitatis
260 1402 361 1464 Verbi
384 1422 486 1483 opera
509 1422 568 1483 per
591 1420 710 1481 corpus
732 1399 845 1461 'essent
868 1395 965 1473 faita,
987 1419 1158 1479 nunquam

11 1554 17 1593 3
60 1504 161 1566 homo
177 1505 309 1567 divinus
325 1503 463 1568 effeetus
474 1504 598 1578 fuisset,
608 1514 641 1567 et
653 1499 797 1566 vicissim
814 1504 882 1565 nesi
895 1505 1158 1584 quoecarnispro-

11 1598 18 1685 ζ
54 1607 135 1686 pria
150 1615 230 1668 sunt
247 1605 345 1670 Verbi
353 1627 420 1670 esse
434 1607 623 1682 dicerentur,
632 1607 673 1670 ab
687 1607 739 1669 leis
753 1607 844 1668 horreo
853 1607 985 1687 penitus
1000 1627 1062 1668 nou
1069 1607 1158 1685 fuis-

11 1700 13 1707 ¹
59 1720 106 1772 set
119 1710 277 1774 liberatus
288 1712 314 1774 ''.
353 1711 448 1774 Idem
461 1713 560 1774 docet
571 1709 781 1791 Augustinus
790 1707 914 1788 (sermo
929 1708 1002 1788 174)
1017 1732 1023 1769 :
1050 1713 1067 1740 “
1081 1708 1156 1770 Non

60 1815 253 1877 liberaretur
267 1813 451 1878 humanum
468 1834 582 1894 genus,
595 1814 656 1875 nisi
674 1813 791 1876 Sermo
805 1812 869 1874 Dei
882 1813 1076 1893 dignaretur
1087 1833 1158 1874 esse

59 1917 227 1981 humanus
237 1916 261 1980 ”.
308 1917 380 1980 Nec
405 1918 515 1979 minus
540 1914 626 1978 clare
648 1914 795 1976 Basilius
820 1914 868 1995 (in
888 1916 937 1976 Ps.
954 1911 1014 1998 48)
1036 1936 1042 1977 :
1076 1916 1158 1976 “Ne

18 2086 22 2091 ,
59 2021 160 2100 igitur
185 2020 319 2083 fratrem
347 2040 486 2101 quaeras,
501 2020 557 2100 qui
584 2019 734 2092 redimat,
750 2019 807 2080 sed
827 2036 902 2078 eum
926 2018 982 2098 qui
1006 2027 1157 2079 naturam

58 2135 152 2193 tuam
170 2133 306 2205 superat
314 2146 321 2201 ;
344 2144 452 2204 neque
464 2142 590 2185 merum
604 2121 783 2194 hominem,
793 2120 851 2181 sed
865 2119 1035 2181 hominem
1047 2120 1158 2183 Deum

56 2226 174 2304 jesum
192 2225 371 2302 Christum,
386 2226 442 2306 qui
467 2234 500 2287 et
525 2225 615 2286 solus
641 2233 751 2305 potest
776 2224 856 2286 dare
884 2224 1158 2304 propitiationem

58 2329 134 2392 Deo
146 2350 209 2411 pro
224 2330 379 2392 omnibus
396 2329 491 2391 nobis
502 2329 547 2390 ''1.

101 2461 173 2544 176.
200 2464 262 2546 (Β)
276 2464 417 2527 Ratrbne
428 2463 553 2544 duplici
567 2486 573 2524 :
590 2458 643 2546 (a)
656 2482 700 2523 ex
713 2460 876 2542 infinitate
888 2461 1026 2540 peccati.
1054 2460 1159 2523 Ante-

54 2585 162 2650 quam
178 2576 412 2648 argumentum
429 2565 653 2638 conficiamuS,
669 2563 740 2624 haec
757 2572 833 2625 sunt
856 2565 1073 2643 praenotanda
1092 2585 1098 2625 :
1126 2564 1157 2624 in

23 2728 27 2734 .
54 2679 199 2751 peccato
216 2671 346 2734 mortali
363 2671 426 2734 tria
441 2679 519 2731 sunt
535 2667 651 2729 sedulo
667 2664 905 2746 distinguenda
924 2688 930 2726 :
953 2665 1083 2744 offensa,
1102 2685 1158 2726 seu

55 2773 182 2855 injuria
201 2774 276 2836 Deo
300 2794 359 2856 per
386 2782 560 2855 peccatum
589 2770 751 2849 irrogata3
783 2766 923 2841 malitia,
945 2786 1003 2828 seu
1030 2767 1159 2828 deordi-

55 2879 154 2939 natio
180 2874 274 2940 aetus
295 2876 518 2959 peccaminosi
538 2875 570 2935 in
595 2873 666 2954 ipsa
687 2871 862 2933 voluntate
885 2870 1068 2950 peccatoris
1089 2871 1159 2931 exi-

55 2990 170 3057 stens;
211 2989 246 3043 et
269 2982 406 3044 tandem
431 2977 633 3050 demeritum,
662 2994 719 3035 seu
748 2994 848 3055 poena
875 2982 1014 3054 peccato
1039 2973 1159 3034 debita.
1274 2966 1281 2979 ‘

54 3085 216 3164 Jamvero
241 3083 384 3147 fatemur
403 3083 539 3165 quidem
563 3078 724 3141 malitiam
747 3085 780 3138 et
804 3076 1003 3138 demeritum
1025 3078 1160 3156 peccati,

56 3185 162 3248 etiam
179 3186 334 3261 mortalis,
351 3205 423 3248 esse
439 3184 518 3266 quid
536 3181 682 3256 finitum;
710 3181 768 3242 sed
785 3178 913 3241 offensa
925 3179 1000 3240 Deo
1016 3179 1161 3257 irrogata

53 3309 119 3370 per
140 3297 316 3369 peccatum
334 3287 483 3360 mortale,
499 3294 549 3347 est
574 3283 704 3344 infinita
726 3285 759 3344 in
784 3303 905 3363 genere
922 3283 1047 3344 moris:
1075 3281 1161 3342 hanc

57 3411 132 3454 esse
153 3390 317 3453 infinitam
343 3390 462 3453 saltem
483 3386 632 3469 ebjeiiive
655 3406 772 3447 omnes
796 3385 937 3448 libenter
964 3384 1161 3457 concedunt,

57 3514 164 3576 quum
190 3493 300 3556 Deum
332 3492 498 3555 infinitum
525 3490 678 3568 attingat.
726 3489 792 3552 Sed
819 3490 954 3569 insuper
990 3487 1163 3548 Theruistee

57 3597 269 3660 contendunt
284 3617 358 3658 eam
375 3615 447 3658 esse
463 3594 627 3656 infinitam
643 3591 841 3670 simpliciter,
859 3610 925 3651 non
948 3590 1083 3671 quidem
1100 3589 1162 3651 sub

57 3699 153 3763 omni
169 3697 330 3780 respeitu
346 3700 403 3761 sed
421 3698 453 3759 in
471 3697 585 3777 aliquo
601 3717 722 3777 genere
738 3695 970 3769 determinato,
987 3714 1108 3774 nempe
1128 3694 1161 3755 in

58 3805 177 3868 ordine
201 3803 316 3865 morali
339 3801 441 3865 relate
465 3802 507 3863 ad
525 3802 727 3881 prudentum
748 3798 1014 3860 aestimationem.
1062 3796 1161 3876 Quod

57 3909 105 3969 sic
120 3906 272 3988 probant
313 3905 460 3966 Primum
473 3904 925 3982 animadvertuntpeccatum
940 3898 1079 3961 mortale
1091 3918 1162 3959 esse

57 4033 133 4076 uere
148 4010 346 4091 injustitiam
357 4018 473 4071 contra
483 4009 604 4081 Deum,
614 4007 714 4086 juxta
728 4005 808 4066 illud
822 4027 828 4064 ε
853 4007 868 4033 “
880 4003 1000 4067 Omnis
1012 4002 1069 4082 qui
1084 4000 1162 4062 facit

48 4235 52 4243 ·
88 4206 176 4262 tatia
186 4205 282 4261 testim
290 4203 349 4258 mia
362 4205 423 4272 lege
436 4203 511 4272 apud
522 4202 682 4265 Patavium,
692 4200 709 4251 l.
725 4200 762 4264 ll,
774 4215 796 4251 c.
815 4214 858 4262 1²3
879 4199 1027 4265 Stentrup‚
1038 4195 1161 4249 Soterin-

55 4295 145 4366 logia,
157 4293 196 4349 th.
206 4313 233 4364 4.
248 4294 273 4347 6.

1213 4310 1262 4366 A
