<?xml version="1.0" encoding="UTF-8"?>
<!DOCTYPE html PUBLIC "-//W3C//DTD XHTML 1.0 Transitional//EN"
    "http://www.w3.org/TR/xhtml1/DTD/xhtml1-transitional.dtd">
<html xmlns="http://www.w3.org/1999/xhtml" xml:lang="en" lang="en">
 <head>
  <title>
</title>
<meta http-equiv="Content-Type" content="text/html;charset=utf-8" />
  <meta name='ocr-system' content='tesseract 3.04.00' />
  <meta name='ocr-capabilities' content='ocr_page ocr_carea ocr_par ocr_line ocrx_word'/>
</head>
<body>
  <div class='ocr_page' id='page_1' title='image "./synopsistheolog00tanqgoog_0527.png"; bbox 0 0 2684 4634; ppageno 0'>
   <div class='ocr_carea' id='block_1_1' title="bbox 203 187 848 237">
    <p class='ocr_par' dir='ltr' id='par_1_1' title="bbox 203 187 848 237">
     <span class='ocr_line' id='line_1_1' title="bbox 203 187 848 237; baseline 0 -1"><span class='ocrx_word' id='word_1_1' title='bbox 203 187 269 236; x_wconf 81' lang='lat'><em>506</em></span> <span class='ocrx_word' id='word_1_2' title='bbox 653 187 790 237; x_wconf 83' lang='lat' dir='ltr'>CAPUT</span> <span class='ocrx_word' id='word_1_3' title='bbox 808 187 848 236; x_wconf 92' lang='lat'><em>11.</em></span> 
     </span>
    </p>
   </div>
   <div class='ocr_carea' id='block_1_2' title="bbox 196 365 1298 855">
    <p class='ocr_par' dir='ltr' id='par_1_2' title="bbox 196 365 1298 855">
     <span class='ocr_line' id='line_1_2' title="bbox 199 365 1298 448; baseline 0 -20"><span class='ocrx_word' id='word_1_4' title='bbox 199 368 252 428; x_wconf 92' lang='lat' dir='ltr'><em>alii</em></span> <span class='ocrx_word' id='word_1_5' title='bbox 269 365 478 428; x_wconf 91' lang='lat' dir='ltr'><em>contendunt</em></span> <span class='ocrx_word' id='word_1_6' title='bbox 493 366 559 427; x_wconf 89' lang='lat' dir='ltr'><em>tale</em></span> <span class='ocrx_word' id='word_1_7' title='bbox 575 376 780 448; x_wconf 86' lang='lat' dir='ltr'><em>praeceptum</em></span> <span class='ocrx_word' id='word_1_8' title='bbox 804 366 905 429; x_wconf 85' lang='lat' dir='ltr'><em>fuisse</em></span> <span class='ocrx_word' id='word_1_9' title='bbox 925 367 1196 442; x_wconf 83' lang='lat' dir='ltr'><em>conditionatum,</em></span> <span class='ocrx_word' id='word_1_10' title='bbox 1212 367 1255 429; x_wconf 90' lang='lat' dir='ltr'><em>ita</em></span> <span class='ocrx_word' id='word_1_11' title='bbox 1271 375 1298 428; x_wconf 92' lang='lat' dir='ltr'><em>ut</em></span> 
     </span>
     <span class='ocr_line' id='line_1_3' title="bbox 198 468 1297 551; baseline -0.002 -19"><span class='ocrx_word' id='word_1_12' title='bbox 198 471 361 551; x_wconf 91' lang='lat' dir='ltr'><em>potuisset</em></span> <span class='ocrx_word' id='word_1_13' title='bbox 376 468 498 530; x_wconf 90' lang='lat' dir='ltr'><em>habere</em></span> <span class='ocrx_word' id='word_1_14' title='bbox 510 469 794 549; x_wconf 83' lang='lat' dir='ltr'>dispensationem</span> <span class='ocrx_word' id='word_1_15' title='bbox 811 472 854 532; x_wconf 96' lang='lat' dir='ltr'><em>ab</em></span> <span class='ocrx_word' id='word_1_16' title='bbox 870 469 944 546; x_wconf 88' lang='lat' dir='ltr'><em>illo;</em></span> <span class='ocrx_word' id='word_1_17' title='bbox 965 469 1019 533; x_wconf 88' lang='lat' dir='ltr'><em>alii</em></span> <span class='ocrx_word' id='word_1_18' title='bbox 1034 472 1182 532; x_wconf 92' lang='lat' dir='ltr'><em>tandem</em></span> <span class='ocrx_word' id='word_1_19' title='bbox 1195 469 1297 531; x_wconf 90' lang='lat' dir='ltr'><em>admit·</em></span> 
     </span>
     <span class='ocr_line' id='line_1_4' title="bbox 199 571 1297 652; baseline -0.001 -19"><span class='ocrx_word' id='word_1_20' title='bbox 199 580 275 633; x_wconf 91' lang='lat' dir='ltr'><em>tunt</em></span> <span class='ocrx_word' id='word_1_21' title='bbox 297 571 397 633; x_wconf 82' lang='lat' dir='ltr'><em>fuisse</em></span> <span class='ocrx_word' id='word_1_22' title='bbox 419 591 494 632; x_wconf 91' lang='lat' dir='ltr'><em>vere</em></span> <span class='ocrx_word' id='word_1_23' title='bbox 515 580 719 652; x_wconf 88' lang='lat' dir='ltr'><em>praeceptum</em></span> <span class='ocrx_word' id='word_1_24' title='bbox 743 572 852 652; x_wconf 84' lang='lat' dir='ltr'><em>quoad</em></span> <span class='ocrx_word' id='word_1_25' title='bbox 869 571 1101 646; x_wconf 83' lang='lat' dir='ltr'><em>substantiam,</em></span> <span class='ocrx_word' id='word_1_26' title='bbox 1119 593 1186 634; x_wconf 86' lang='lat' dir='ltr'><em>aaa</em></span> <span class='ocrx_word' id='word_1_27' title='bbox 1205 582 1297 634; x_wconf 85' lang='lat' dir='ltr'><em>autern</em></span> 
     </span>
     <span class='ocr_line' id='line_1_5' title="bbox 196 673 1297 755; baseline -0.001 -20"><span class='ocrx_word' id='word_1_28' title='bbox 196 674 305 753; x_wconf 84' lang='lat' dir='ltr'><em>quoad</em></span> <span class='ocrx_word' id='word_1_29' title='bbox 319 673 581 735; x_wconf 79' lang='lat' dir='ltr'><em>circumstantias</em></span> <span class='ocrx_word' id='word_1_30' title='bbox 600 675 725 749; x_wconf 73' lang='lat' dir='ltr'><em>mortis</em></span> <span class='ocrx_word' id='word_1_31' title='bbox 748 695 786 735; x_wconf 92' lang='lat' dir='ltr'><em>ac</em></span> <span class='ocrx_word' id='word_1_32' title='bbox 805 675 945 755; x_wconf 85' lang='lat' dir='ltr'>proinde</span> <span class='ocrx_word' id='word_1_33' title='bbox 969 673 1148 738; x_wconf 87' lang='lat' dir='ltr'><em>Christum</em></span> <span class='ocrx_word' id='word_1_34' title='bbox 1174 674 1297 736; x_wconf 89' lang='lat' dir='ltr'><em>liberum</em></span> 
     </span>
     <span class='ocr_line' id='line_1_6' title="bbox 197 775 897 855; baseline 0.001 -18"><span class='ocrx_word' id='word_1_35' title='bbox 197 775 297 837; x_wconf 85' lang='lat' dir='ltr'><em>fuisse</em></span> <span class='ocrx_word' id='word_1_36' title='bbox 312 777 398 837; x_wconf 90' lang='lat' dir='ltr'><em>circa</em></span> <span class='ocrx_word' id='word_1_37' title='bbox 414 775 605 855; x_wconf 88' lang='lat' dir='ltr'><em>hujusmodi</em></span> <span class='ocrx_word' id='word_1_38' title='bbox 622 775 897 838; x_wconf 76' lang='lat' dir='ltr'><em>circumstantias,</em></span> 
     </span>
    </p>
   </div>
   <div class='ocr_carea' id='block_1_3' title="bbox 194 927 1334 3048">
    <p class='ocr_par' dir='ltr' id='par_1_3' title="bbox 194 927 1334 3048">
     <span class='ocr_line' id='line_1_7' title="bbox 241 927 1297 1009; baseline -0.005 -16"><span class='ocrx_word' id='word_1_39' title='bbox 241 939 307 1009; x_wconf 62' lang='lat'><em>153</em></span> <span class='ocrx_word' id='word_1_40' title='bbox 354 927 414 1008; x_wconf 88' lang='lat' dir='ltr'><em>(B)</em></span> <span class='ocrx_word' id='word_1_41' title='bbox 429 929 534 1008; x_wconf 85' lang='lat' dir='ltr'><em>Juxta</em></span> <span class='ocrx_word' id='word_1_42' title='bbox 555 927 586 987; x_wconf 86' lang='lat' dir='ltr'><em>T</em></span> <span class='ocrx_word' id='word_1_43' title='bbox 582 927 739 988; x_wconf 81' lang='lat' dir='ltr'><em>larnistas</em></span> <span class='ocrx_word' id='word_1_44' title='bbox 765 937 887 1004; x_wconf 89' lang='lat' dir='ltr'><em>autem,</em></span> <span class='ocrx_word' id='word_1_45' title='bbox 904 927 1057 991; x_wconf 89' lang='lat' dir='ltr'><em>Christus</em></span> <span class='ocrx_word' id='word_1_46' title='bbox 1082 927 1149 990; x_wconf 93' lang='lat' dir='ltr'><em>suit</em></span> <span class='ocrx_word' id='word_1_47' title='bbox 1175 927 1254 990; x_wconf 89' lang='lat' dir='ltr'><em>liber</em></span> <span class='ocrx_word' id='word_1_48' title='bbox 1272 929 1297 988; x_wconf 90' lang='lat' dir='ltr'><em>in</em></span> 
     </span>
     <span class='ocr_line' id='line_1_8' title="bbox 196 1030 1297 1112; baseline 0.001 -19"><span class='ocrx_word' id='word_1_49' title='bbox 196 1032 359 1107; x_wconf 84' lang='lat' dir='ltr'><em>omnibus,</em></span> <span class='ocrx_word' id='word_1_50' title='bbox 376 1051 441 1092; x_wconf 91' lang='lat' dir='ltr'><em>non</em></span> <span class='ocrx_word' id='word_1_51' title='bbox 460 1030 566 1093; x_wconf 90' lang='lat' dir='ltr'><em>solum</em></span> <span class='ocrx_word' id='word_1_52' title='bbox 585 1031 670 1092; x_wconf 92' lang='lat' dir='ltr'><em>circa</em></span> <span class='ocrx_word' id='word_1_53' title='bbox 686 1031 950 1093; x_wconf 86' lang='lat' dir='ltr'><em>circumstantias</em></span> <span class='ocrx_word' id='word_1_54' title='bbox 972 1040 1235 1112; x_wconf 89' lang='lat' dir='ltr'><em>praeceptorum,</em></span> <span class='ocrx_word' id='word_1_55' title='bbox 1249 1032 1297 1094; x_wconf 91' lang='lat' dir='ltr'><em>sed</em></span> 
     </span>
     <span class='ocr_line' id='line_1_9' title="bbox 196 1133 1334 1218; baseline 0 -23"><span class='ocrx_word' id='word_1_56' title='bbox 196 1136 296 1196; x_wconf 91' lang='lat' dir='ltr'><em>etiam</em></span> <span class='ocrx_word' id='word_1_57' title='bbox 312 1134 422 1215; x_wconf 91' lang='lat' dir='ltr'><em>quoad</em></span> <span class='ocrx_word' id='word_1_58' title='bbox 440 1134 546 1214; x_wconf 90' lang='lat' dir='ltr'><em>ipsam</em></span> <span class='ocrx_word' id='word_1_59' title='bbox 559 1133 781 1195; x_wconf 90' lang='lat' dir='ltr'><em>substantiam</em></span> <span class='ocrx_word' id='word_1_60' title='bbox 797 1135 962 1214; x_wconf 85' lang='lat' dir='ltr'><em>praecepti.</em></span> <span class='ocrx_word' id='word_1_61' title='bbox 1005 1134 1151 1218; x_wconf 88' lang='lat' dir='ltr'><em>Etenim</em></span> <span class='ocrx_word' id='word_1_62' title='bbox 1165 1135 1213 1216; x_wconf 84' lang='lat' dir='ltr'><em>(a)</em></span> <span class='ocrx_word' id='word_1_63' title='bbox 1224 1133 1298 1198; x_wconf 91' lang='lat' dir='ltr'><em>Scri·</em></span> <span class='ocrx_word' id='word_1_64' title='bbox 1332 1178 1334 1211; x_wconf 68' lang='grc'>;</span> 
     </span>
     <span class='ocr_line' id='line_1_10' title="bbox 196 1220 1298 1317; baseline 0.001 -20"><span class='ocrx_word' id='word_1_65' title='bbox 196 1244 292 1316; x_wconf 91' lang='lat' dir='ltr'><em>ptura</em></span> <span class='ocrx_word' id='word_1_66' title='bbox 318 1246 432 1316; x_wconf 89' lang='lat' dir='ltr'><em>aperte</em></span> <span class='ocrx_word' id='word_1_67' title='bbox 458 1234 606 1296; x_wconf 82' lang='lat' dir='ltr'><em>declarat</em></span> <span class='ocrx_word' id='word_1_68' title='bbox 633 1235 802 1298; x_wconf 85' lang='lat' dir='ltr'><em>Christum</em></span> <span class='ocrx_word' id='word_1_69' title='bbox 834 1235 935 1298; x_wconf 86' lang='lat' dir='ltr'><em>fuisse</em></span> <span class='ocrx_word' id='word_1_70' title='bbox 965 1220 1106 1317; x_wconf 85' lang='lat' dir='ltr'><em>liberum</em></span> <span class='ocrx_word' id='word_1_71' title='bbox 1138 1237 1173 1297; x_wconf 91' lang='lat' dir='ltr'><em>in</em></span> <span class='ocrx_word' id='word_1_72' title='bbox 1202 1248 1298 1298; x_wconf 89' lang='lat' dir='ltr'><em>morte</em></span> 
     </span>
     <span class='ocr_line' id='line_1_11' title="bbox 196 1335 1297 1419; baseline 0.002 -21"><span class='ocrx_word' id='word_1_73' title='bbox 196 1339 378 1411; x_wconf 74' lang='lat' dir='ltr'><em>subeunda,</em></span> <span class='ocrx_word' id='word_1_74' title='bbox 394 1346 430 1399; x_wconf 93' lang='lat' dir='ltr'><em>ut</em></span> <span class='ocrx_word' id='word_1_75' title='bbox 445 1357 490 1398; x_wconf 89' lang='lat' dir='ltr'><em>ex</em></span> <span class='ocrx_word' id='word_1_76' title='bbox 506 1335 604 1399; x_wconf 69' lang='lat' dir='ltr'><em>ditiis</em></span> <span class='ocrx_word' id='word_1_77' title='bbox 620 1347 713 1418; x_wconf 91' lang='lat' dir='ltr'><em>patet</em></span> <span class='ocrx_word' id='word_1_78' title='bbox 727 1359 733 1414; x_wconf 91' lang='lat'>;</span> <span class='ocrx_word' id='word_1_79' title='bbox 760 1339 853 1418; x_wconf 90' lang='lat' dir='ltr'><em>atqui</em></span> <span class='ocrx_word' id='word_1_80' title='bbox 869 1346 1042 1419; x_wconf 91' lang='lat' dir='ltr'><em>acceperat</em></span> <span class='ocrx_word' id='word_1_81' title='bbox 1059 1347 1178 1400; x_wconf 89' lang='lat' dir='ltr'><em>tamen</em></span> <span class='ocrx_word' id='word_1_82' title='bbox 1195 1359 1297 1400; x_wconf 88' lang='lat' dir='ltr'><em>verum</em></span> 
     </span>
     <span class='ocr_line' id='line_1_12' title="bbox 197 1439 1295 1521; baseline -0.001 -20"><span class='ocrx_word' id='word_1_83' title='bbox 197 1440 357 1501; x_wconf 88' lang='lat' dir='ltr'><em>moriendi</em></span> <span class='ocrx_word' id='word_1_84' title='bbox 374 1449 588 1521; x_wconf 86' lang='lat' dir='ltr'><em>praeceptum‚</em></span> <span class='ocrx_word' id='word_1_85' title='bbox 607 1450 643 1501; x_wconf 92' lang='lat' dir='ltr'><em>ut</em></span> <span class='ocrx_word' id='word_1_86' title='bbox 664 1440 762 1502; x_wconf 90' lang='lat' dir='ltr'><em>docet</em></span> <span class='ocrx_word' id='word_1_87' title='bbox 784 1439 975 1520; x_wconf 88' lang='lat' dir='ltr'><em>Scriptura:</em></span> <span class='ocrx_word' id='word_1_88' title='bbox 991 1439 1095 1520; x_wconf 86' lang='lat' dir='ltr'><em>“Ego</em></span> <span class='ocrx_word' id='word_1_89' title='bbox 1120 1460 1215 1520; x_wconf 91' lang='lat' dir='ltr'><em>pono</em></span> <span class='ocrx_word' id='word_1_90' title='bbox 1238 1441 1295 1502; x_wconf 91' lang='lat' dir='ltr'><em>ani-</em></span> 
     </span>
     <span class='ocr_line' id='line_1_13' title="bbox 197 1541 1298 1622; baseline 0 -19"><span class='ocrx_word' id='word_1_91' title='bbox 197 1562 285 1603; x_wconf 91' lang='lat' dir='ltr'><em>mam</em></span> <span class='ocrx_word' id='word_1_92' title='bbox 300 1561 443 1604; x_wconf 89' lang='lat' dir='ltr'><em>meam...</em></span> <span class='ocrx_word' id='word_1_93' title='bbox 460 1542 523 1603; x_wconf 94' lang='lat' dir='ltr'><em>hoc</em></span> <span class='ocrx_word' id='word_1_94' title='bbox 551 1541 743 1602; x_wconf 83' lang='lat' dir='ltr'><em>mandatam</em></span> <span class='ocrx_word' id='word_1_95' title='bbox 764 1543 877 1622; x_wconf 89' lang='lat' dir='ltr'><em>accepi</em></span> <span class='ocrx_word' id='word_1_96' title='bbox 904 1563 923 1603; x_wconf 93' lang='lat' dir='ltr'><em>a</em></span> <span class='ocrx_word' id='word_1_97' title='bbox 948 1541 1045 1603; x_wconf 90' lang='lat' dir='ltr'><em>Patre</em></span> <span class='ocrx_word' id='word_1_98' title='bbox 1069 1549 1149 1603; x_wconf 87' lang='lat' dir='ltr'><em>meo</em></span> <span class='ocrx_word' id='word_1_99' title='bbox 1163 1543 1201 1619; x_wconf 80' lang='lat'><em>”3</em></span> <span class='ocrx_word' id='word_1_100' title='bbox 1227 1563 1298 1622; x_wconf 87' lang='lat' dir='ltr'><em>ergo</em></span> 
     </span>
     <span class='ocr_line' id='line_1_14' title="bbox 197 1643 1298 1726; baseline -0.003 -18"><span class='ocrx_word' id='word_1_101' title='bbox 197 1643 346 1708; x_wconf 89' lang='lat' dir='ltr'><em>Christus</em></span> <span class='ocrx_word' id='word_1_102' title='bbox 370 1644 431 1705; x_wconf 88' lang='lat' dir='ltr'><em>suit</em></span> <span class='ocrx_word' id='word_1_103' title='bbox 450 1644 533 1705; x_wconf 92' lang='lat' dir='ltr'><em>liber</em></span> <span class='ocrx_word' id='word_1_104' title='bbox 552 1643 584 1704; x_wconf 92' lang='lat' dir='ltr'><em>in</em></span> <span class='ocrx_word' id='word_1_105' title='bbox 605 1643 815 1705; x_wconf 90' lang='lat' dir='ltr'><em>observando</em></span> <span class='ocrx_word' id='word_1_106' title='bbox 836 1645 999 1708; x_wconf 87' lang='lat' dir='ltr'><em>moriendi</em></span> <span class='ocrx_word' id='word_1_107' title='bbox 1019 1655 1203 1726; x_wconf 73' lang='lat' dir='ltr'><em>praecepto</em></span> <span class='ocrx_word' id='word_1_108' title='bbox 1224 1656 1257 1708; x_wconf 92' lang='lat' dir='ltr'><em>et</em></span> <span class='ocrx_word' id='word_1_109' title='bbox 1276 1647 1298 1706; x_wconf 85' lang='lat' dir='ltr'><em>si</em></span> 
     </span>
     <span class='ocr_line' id='line_1_15' title="bbox 196 1746 1298 1830; baseline 0.002 -22"><span class='ocrx_word' id='word_1_110' title='bbox 196 1749 242 1809; x_wconf 91' lang='lat' dir='ltr'><em>ita</em></span> <span class='ocrx_word' id='word_1_111' title='bbox 257 1757 316 1817; x_wconf 78' lang='lat' dir='ltr'><em>est,</em></span> <span class='ocrx_word' id='word_1_112' title='bbox 332 1748 377 1808; x_wconf 91' lang='lat' dir='ltr'><em>nil</em></span> <span class='ocrx_word' id='word_1_113' title='bbox 394 1748 535 1828; x_wconf 89' lang='lat' dir='ltr'><em>impedit</em></span> <span class='ocrx_word' id='word_1_114' title='bbox 555 1748 634 1826; x_wconf 88' lang='lat' dir='ltr'><em>quin</em></span> <span class='ocrx_word' id='word_1_115' title='bbox 658 1746 741 1808; x_wconf 91' lang='lat' dir='ltr'><em>liber</em></span> <span class='ocrx_word' id='word_1_116' title='bbox 757 1746 855 1809; x_wconf 88' lang='lat' dir='ltr'><em>fuerit</em></span> <span class='ocrx_word' id='word_1_117' title='bbox 871 1748 971 1809; x_wconf 90' lang='lat' dir='ltr'><em>etiam</em></span> <span class='ocrx_word' id='word_1_118' title='bbox 988 1747 1076 1810; x_wconf 88' lang='lat' dir='ltr'><em>circa</em></span> <span class='ocrx_word' id='word_1_119' title='bbox 1094 1747 1164 1810; x_wconf 91' lang='lat' dir='ltr'><em>alia</em></span> <span class='ocrx_word' id='word_1_120' title='bbox 1185 1768 1298 1830; x_wconf 87' lang='lat' dir='ltr'><em>praece-</em></span> 
     </span>
     <span class='ocr_line' id='line_1_16' title="bbox 196 1848 1298 1932; baseline 0 -20"><span class='ocrx_word' id='word_1_121' title='bbox 196 1860 260 1932; x_wconf 88' lang='lat' dir='ltr'><em>pta.</em></span> <span class='ocrx_word' id='word_1_122' title='bbox 307 1848 356 1930; x_wconf 87' lang='lat' dir='ltr'><em>(b)</em></span> <span class='ocrx_word' id='word_1_123' title='bbox 389 1851 529 1930; x_wconf 87' lang='lat' dir='ltr'><em>Insuper</em></span> <span class='ocrx_word' id='word_1_124' title='bbox 559 1849 585 1908; x_wconf 92' lang='lat' dir='ltr'><em>si</em></span> <span class='ocrx_word' id='word_1_125' title='bbox 613 1851 810 1912; x_wconf 88' lang='lat' dir='ltr'><em>admittatur</em></span> <span class='ocrx_word' id='word_1_126' title='bbox 837 1850 1006 1912; x_wconf 87' lang='lat' dir='ltr'><em>Christum</em></span> <span class='ocrx_word' id='word_1_127' title='bbox 1034 1849 1137 1913; x_wconf 87' lang='lat' dir='ltr'><em>fuisse</em></span> <span class='ocrx_word' id='word_1_128' title='bbox 1166 1851 1298 1914; x_wconf 90' lang='lat' dir='ltr'><em>liberum</em></span> 
     </span>
     <span class='ocr_line' id='line_1_17' title="bbox 195 1952 1299 2035; baseline 0.003 -22"><span class='ocrx_word' id='word_1_129' title='bbox 195 1952 302 2015; x_wconf 90' lang='lat' dir='ltr'><em>solum</em></span> <span class='ocrx_word' id='word_1_130' title='bbox 319 1953 404 2014; x_wconf 93' lang='lat' dir='ltr'><em>circa</em></span> <span class='ocrx_word' id='word_1_131' title='bbox 421 1953 687 2014; x_wconf 87' lang='lat' dir='ltr'><em>circumstantias</em></span> <span class='ocrx_word' id='word_1_132' title='bbox 704 1962 955 2034; x_wconf 70' lang='lat' dir='ltr'><em>praceptorum,</em></span> <span class='ocrx_word' id='word_1_133' title='bbox 972 1961 1051 2015; x_wconf 88' lang='lat' dir='ltr'><em>tunc</em></span> <span class='ocrx_word' id='word_1_134' title='bbox 1073 1952 1206 2016; x_wconf 88' lang='lat' dir='ltr'><em>tollitur</em></span> <span class='ocrx_word' id='word_1_135' title='bbox 1223 1974 1299 2035; x_wconf 84' lang='lat' dir='ltr'><em>prae-</em></span> 
     </span>
     <span class='ocr_line' id='line_1_18' title="bbox 195 2054 1299 2139; baseline -0.001 -21"><span class='ocrx_word' id='word_1_136' title='bbox 195 2057 292 2137; x_wconf 88' lang='lat' dir='ltr'><em>cipua</em></span> <span class='ocrx_word' id='word_1_137' title='bbox 322 2076 397 2137; x_wconf 92' lang='lat' dir='ltr'><em>pars</em></span> <span class='ocrx_word' id='word_1_138' title='bbox 429 2056 619 2117; x_wconf 90' lang='lat' dir='ltr'><em>meritorum</em></span> <span class='ocrx_word' id='word_1_139' title='bbox 652 2055 798 2132; x_wconf 89' lang='lat' dir='ltr'><em>Christi;</em></span> <span class='ocrx_word' id='word_1_140' title='bbox 828 2075 906 2118; x_wconf 87' lang='lat' dir='ltr'><em>nam</em></span> <span class='ocrx_word' id='word_1_141' title='bbox 934 2054 1118 2136; x_wconf 88' lang='lat' dir='ltr'><em>principale</em></span> <span class='ocrx_word' id='word_1_142' title='bbox 1146 2058 1299 2139; x_wconf 85' lang='lat' dir='ltr'><em>meritum</em></span> 
     </span>
     <span class='ocr_line' id='line_1_19' title="bbox 195 2155 1300 2239; baseline 0 -19"><span class='ocrx_word' id='word_1_143' title='bbox 195 2159 378 2220; x_wconf 85' lang='lat' dir='ltr'><em>desumitur</em></span> <span class='ocrx_word' id='word_1_144' title='bbox 401 2178 445 2219; x_wconf 89' lang='lat' dir='ltr'><em>ex</em></span> <span class='ocrx_word' id='word_1_145' title='bbox 466 2159 539 2238; x_wconf 66' lang='lat' dir='ltr'><em>ipsa</em></span> <span class='ocrx_word' id='word_1_146' title='bbox 560 2159 747 2220; x_wconf 73' lang='lat' dir='ltr'><em>substantia</em></span> <span class='ocrx_word' id='word_1_147' title='bbox 768 2155 885 2237; x_wconf 65' lang='lat' dir='ltr'><em>adius3</em></span> <span class='ocrx_word' id='word_1_148' title='bbox 908 2158 1010 2239; x_wconf 87' lang='lat' dir='ltr'><em>atqui,</em></span> <span class='ocrx_word' id='word_1_149' title='bbox 1024 2157 1127 2237; x_wconf 90' lang='lat' dir='ltr'><em>juxta</em></span> <span class='ocrx_word' id='word_1_150' title='bbox 1149 2160 1300 2221; x_wconf 90' lang='lat' dir='ltr'><em>adversa-</em></span> 
     </span>
     <span class='ocr_line' id='line_1_20' title="bbox 195 2257 1300 2337; baseline 0.001 -14"><span class='ocrx_word' id='word_1_151' title='bbox 195 2262 268 2335; x_wconf 87' lang='lat' dir='ltr'><em>rios,</em></span> <span class='ocrx_word' id='word_1_152' title='bbox 291 2261 347 2322; x_wconf 93' lang='lat' dir='ltr'><em>illa</em></span> <span class='ocrx_word' id='word_1_153' title='bbox 372 2260 560 2322; x_wconf 88' lang='lat' dir='ltr'><em>substantia</em></span> <span class='ocrx_word' id='word_1_154' title='bbox 587 2257 681 2323; x_wconf 66' lang='lat' dir='ltr'><em>attus</em></span> <span class='ocrx_word' id='word_1_155' title='bbox 706 2261 737 2321; x_wconf 92' lang='lat' dir='ltr'><em>in</em></span> <span class='ocrx_word' id='word_1_156' title='bbox 765 2260 898 2325; x_wconf 91' lang='lat' dir='ltr'><em>Christo</em></span> <span class='ocrx_word' id='word_1_157' title='bbox 925 2281 991 2323; x_wconf 92' lang='lat' dir='ltr'><em>non</em></span> <span class='ocrx_word' id='word_1_158' title='bbox 1017 2260 1080 2322; x_wconf 86' lang='lat' dir='ltr'><em>fuit</em></span> <span class='ocrx_word' id='word_1_159' title='bbox 1104 2260 1221 2337; x_wconf 89' lang='lat' dir='ltr'><em>libera,</em></span> <span class='ocrx_word' id='word_1_160' title='bbox 1245 2283 1300 2325; x_wconf 90' lang='lat' dir='ltr'><em>nec</em></span> 
     </span>
     <span class='ocr_line' id='line_1_21' title="bbox 196 2362 1300 2444; baseline 0.004 -20"><span class='ocrx_word' id='word_1_161' title='bbox 196 2364 333 2443; x_wconf 91' lang='lat' dir='ltr'><em>proinde</em></span> <span class='ocrx_word' id='word_1_162' title='bbox 350 2363 525 2423; x_wconf 91' lang='lat' dir='ltr'><em>meritoria.</em></span> <span class='ocrx_word' id='word_1_163' title='bbox 571 2363 619 2442; x_wconf 78' lang='lat' dir='ltr'><em>(c)</em></span> <span class='ocrx_word' id='word_1_164' title='bbox 636 2363 798 2437; x_wconf 86' lang='lat' dir='ltr'><em>Tandem,</em></span> <span class='ocrx_word' id='word_1_165' title='bbox 815 2364 841 2423; x_wconf 91' lang='lat' dir='ltr'><em>si</em></span> <span class='ocrx_word' id='word_1_166' title='bbox 864 2362 1061 2424; x_wconf 87' lang='lat' dir='ltr'><em>admittatur</em></span> <span class='ocrx_word' id='word_1_167' title='bbox 1077 2373 1232 2444; x_wconf 89' lang='lat' dir='ltr'><em>systema</em></span> <span class='ocrx_word' id='word_1_168' title='bbox 1248 2366 1300 2427; x_wconf 91' lang='lat' dir='ltr'><em>ad·</em></span> 
     </span>
     <span class='ocr_line' id='line_1_22' title="bbox 195 2463 1301 2544; baseline 0 -18"><span class='ocrx_word' id='word_1_169' title='bbox 195 2465 421 2538; x_wconf 86' lang='lat' dir='ltr'><em>versariorum,</em></span> <span class='ocrx_word' id='word_1_170' title='bbox 437 2465 570 2544; x_wconf 91' lang='lat' dir='ltr'><em>penitus</em></span> <span class='ocrx_word' id='word_1_171' title='bbox 586 2463 712 2525; x_wconf 90' lang='lat' dir='ltr'><em>tollitur</em></span> <span class='ocrx_word' id='word_1_172' title='bbox 728 2464 919 2525; x_wconf 89' lang='lat' dir='ltr'><em>obedientia</em></span> <span class='ocrx_word' id='word_1_173' title='bbox 936 2463 1058 2526; x_wconf 91' lang='lat' dir='ltr'><em>Christi</em></span> <span class='ocrx_word' id='word_1_174' title='bbox 1074 2486 1080 2541; x_wconf 90' lang='lat'><strong>;</strong></span> <span class='ocrx_word' id='word_1_175' title='bbox 1104 2485 1186 2527; x_wconf 91' lang='lat' dir='ltr'><em>nam</em></span> <span class='ocrx_word' id='word_1_176' title='bbox 1210 2467 1301 2530; x_wconf 90' lang='lat' dir='ltr'><em>Chri-</em></span> 
     </span>
     <span class='ocr_line' id='line_1_23' title="bbox 194 2565 1300 2648; baseline 0.002 -20"><span class='ocrx_word' id='word_1_177' title='bbox 194 2577 264 2629; x_wconf 87' lang='lat' dir='ltr'><em>stus</em></span> <span class='ocrx_word' id='word_1_178' title='bbox 291 2587 355 2628; x_wconf 93' lang='lat' dir='ltr'><em>non</em></span> <span class='ocrx_word' id='word_1_179' title='bbox 384 2565 445 2627; x_wconf 89' lang='lat' dir='ltr'><em>fuit</em></span> <span class='ocrx_word' id='word_1_180' title='bbox 470 2566 629 2628; x_wconf 90' lang='lat' dir='ltr'><em>obediens</em></span> <span class='ocrx_word' id='word_1_181' title='bbox 656 2568 687 2626; x_wconf 91' lang='lat' dir='ltr'><em>in</em></span> <span class='ocrx_word' id='word_1_182' title='bbox 714 2569 877 2628; x_wconf 87' lang='lat' dir='ltr'><em>servando</em></span> <span class='ocrx_word' id='word_1_183' title='bbox 905 2576 1080 2647; x_wconf 68' lang='lat' dir='ltr'><em>praecepta,</em></span> <span class='ocrx_word' id='word_1_184' title='bbox 1107 2569 1191 2648; x_wconf 91' lang='lat' dir='ltr'><em>quia</em></span> <span class='ocrx_word' id='word_1_185' title='bbox 1219 2571 1300 2630; x_wconf 92' lang='lat' dir='ltr'><em>circa</em></span> 
     </span>
     <span class='ocr_line' id='line_1_24' title="bbox 195 2658 1299 2754; baseline 0.001 -22"><span class='ocrx_word' id='word_1_186' title='bbox 195 2672 311 2733; x_wconf 93' lang='lat' dir='ltr'><em>eadem</em></span> <span class='ocrx_word' id='word_1_187' title='bbox 328 2691 394 2732; x_wconf 93' lang='lat' dir='ltr'><em>non</em></span> <span class='ocrx_word' id='word_1_188' title='bbox 411 2680 481 2732; x_wconf 88' lang='lat' dir='ltr'><em>erat</em></span> <span class='ocrx_word' id='word_1_189' title='bbox 498 2670 600 2746; x_wconf 91' lang='lat' dir='ltr'><em>liber;</em></span> <span class='ocrx_word' id='word_1_190' title='bbox 624 2671 746 2749; x_wconf 88' lang='lat' dir='ltr'><em>pariter</em></span> <span class='ocrx_word' id='word_1_191' title='bbox 765 2690 831 2732; x_wconf 95' lang='lat' dir='ltr'><em>non</em></span> <span class='ocrx_word' id='word_1_192' title='bbox 856 2669 917 2732; x_wconf 84' lang='lat' dir='ltr'><em>fuit</em></span> <span class='ocrx_word' id='word_1_193' title='bbox 938 2658 1205 2734; x_wconf 52' lang='lat' dir='ltr'><em>obediens&#39;circa</em></span> <span class='ocrx_word' id='word_1_194' title='bbox 1221 2693 1299 2754; x_wconf 85' lang='lat' dir='ltr'><em>prae-</em></span> 
     </span>
     <span class='ocr_line' id='line_1_25' title="bbox 195 2772 1300 2855; baseline 0 -21"><span class='ocrx_word' id='word_1_195' title='bbox 195 2782 366 2852; x_wconf 86' lang='lat' dir='ltr'><em>ceptorum</em></span> <span class='ocrx_word' id='word_1_196' title='bbox 389 2772 654 2833; x_wconf 90' lang='lat' dir='ltr'><em>circumstantias</em></span> <span class='ocrx_word' id='word_1_197' title='bbox 674 2772 751 2850; x_wconf 91' lang='lat' dir='ltr'><em>quia</em></span> <span class='ocrx_word' id='word_1_198' title='bbox 771 2791 837 2832; x_wconf 92' lang='lat' dir='ltr'><em>non</em></span> <span class='ocrx_word' id='word_1_199' title='bbox 860 2772 1025 2832; x_wconf 88' lang='lat' dir='ltr'><em>cadebant</em></span> <span class='ocrx_word' id='word_1_200' title='bbox 1043 2772 1106 2834; x_wconf 90' lang='lat' dir='ltr'><em>sub</em></span> <span class='ocrx_word' id='word_1_201' title='bbox 1123 2783 1300 2855; x_wconf 82' lang='lat' dir='ltr'><em>praecepto,</em></span> 
     </span>
     <span class='ocr_line' id='line_1_26' title="bbox 196 2871 1298 2958; baseline 0.003 -21"><span class='ocrx_word' id='word_1_202' title='bbox 196 2897 256 2938; x_wconf 88' lang='lat' dir='ltr'><em>nec</em></span> <span class='ocrx_word' id='word_1_203' title='bbox 275 2875 414 2958; x_wconf 93' lang='lat' dir='ltr'><em>proinde</em></span> <span class='ocrx_word' id='word_1_204' title='bbox 433 2875 495 2936; x_wconf 91' lang='lat' dir='ltr'><em>sub</em></span> <span class='ocrx_word' id='word_1_205' title='bbox 518 2875 708 2937; x_wconf 77' lang='lat' dir='ltr'><em>obedientia</em></span> <span class='ocrx_word' id='word_1_206' title='bbox 725 2876 856 2955; x_wconf 89' lang='lat' dir='ltr'><em>proprie</em></span> <span class='ocrx_word' id='word_1_207' title='bbox 876 2871 974 2936; x_wconf 71' lang='lat' dir='ltr'><em>dieta</em></span> <span class='ocrx_word' id='word_1_208' title='bbox 1022 2875 1114 2956; x_wconf 90' lang='lat' dir='ltr'><em>Ergo</em></span> <span class='ocrx_word' id='word_1_209' title='bbox 1127 2876 1232 2956; x_wconf 87' lang='lat' dir='ltr'><em>juxta</em></span> <span class='ocrx_word' id='word_1_210' title='bbox 1248 2878 1298 2940; x_wconf 93' lang='lat' dir='ltr'><em>ad·</em></span> 
     </span>
     <span class='ocr_line' id='line_1_27' title="bbox 195 2976 1014 3048; baseline -0.002 -8"><span class='ocrx_word' id='word_1_211' title='bbox 195 2981 363 3048; x_wconf 81' lang='lat' dir='ltr'><em>versarios,</em></span> <span class='ocrx_word' id='word_1_212' title='bbox 380 2980 518 3040; x_wconf 90' lang='lat' dir='ltr'><em>omnino</em></span> <span class='ocrx_word' id='word_1_213' title='bbox 534 2978 662 3039; x_wconf 90' lang='lat' dir='ltr'><em>tollitur</em></span> <span class='ocrx_word' id='word_1_214' title='bbox 678 2977 867 3039; x_wconf 89' lang='lat' dir='ltr'><em>obedientia</em></span> <span class='ocrx_word' id='word_1_215' title='bbox 885 2976 1014 3039; x_wconf 88' lang='lat' dir='ltr'><em>Christi.</em></span> 
     </span>
    </p>
   </div>
   <div class='ocr_carea' id='block_1_4' title="bbox 195 3122 1334 3891">
    <p class='ocr_par' dir='ltr' id='par_1_4' title="bbox 195 3122 1334 3891">
     <span class='ocr_line' id='line_1_28' title="bbox 232 3122 1296 3197; baseline 0.004 -19"><span class='ocrx_word' id='word_1_216' title='bbox 232 3138 286 3192; x_wconf 78' lang='lat'><em>154</em></span> <span class='ocrx_word' id='word_1_217' title='bbox 325 3140 356 3197; x_wconf 82' lang='lat'><em>40</em></span> <span class='ocrx_word' id='word_1_218' title='bbox 372 3125 541 3182; x_wconf 78' lang='lat' dir='ltr'><em>Caaa&#39;lratra</em></span> <span class='ocrx_word' id='word_1_219' title='bbox 561 3124 702 3179; x_wconf 83' lang='lat' dir='ltr'><em>libertatis</em></span> <span class='ocrx_word' id='word_1_220' title='bbox 724 3122 843 3181; x_wconf 80' lang='lat' dir='ltr'><em>Cicrt&#39;sti.</em></span> <span class='ocrx_word' id='word_1_221' title='bbox 883 3123 931 3194; x_wconf 82' lang='lat' dir='ltr'><em>(A)</em></span> <span class='ocrx_word' id='word_1_222' title='bbox 954 3122 1027 3180; x_wconf 85' lang='lat' dir='ltr'><em>Cam</em></span> <span class='ocrx_word' id='word_1_223' title='bbox 1046 3122 1296 3194; x_wconf 76' lang='lat' dir='ltr'><em>impeccabilitate:</em></span> 
     </span>
     <span class='ocr_line' id='line_1_29' title="bbox 196 3209 1295 3284; baseline -0.003 -16"><span class='ocrx_word' id='word_1_224' title='bbox 196 3213 236 3277; x_wconf 80' lang='lat' dir='ltr'><em>(a)</em></span> <span class='ocrx_word' id='word_1_225' title='bbox 250 3212 396 3281; x_wconf 85' lang='lat' dir='ltr'><em>Theologi</em></span> <span class='ocrx_word' id='word_1_226' title='bbox 412 3212 461 3282; x_wconf 89' lang='lat' dir='ltr'><em>qui</em></span> <span class='ocrx_word' id='word_1_227' title='bbox 477 3212 580 3268; x_wconf 91' lang='lat' dir='ltr'><em>dicunt</em></span> <span class='ocrx_word' id='word_1_228' title='bbox 600 3211 752 3268; x_wconf 89' lang='lat' dir='ltr'><em>Christum</em></span> <span class='ocrx_word' id='word_1_229' title='bbox 771 3228 832 3266; x_wconf 91' lang='lat' dir='ltr'><em>non</em></span> <span class='ocrx_word' id='word_1_230' title='bbox 851 3210 941 3266; x_wconf 88' lang='lat' dir='ltr'><em>fuisse</em></span> <span class='ocrx_word' id='word_1_231' title='bbox 960 3209 1087 3266; x_wconf 89' lang='lat' dir='ltr'><em>liberum</em></span> <span class='ocrx_word' id='word_1_232' title='bbox 1102 3210 1132 3266; x_wconf 91' lang='lat' dir='ltr'><em>in</em></span> <span class='ocrx_word' id='word_1_233' title='bbox 1147 3211 1295 3284; x_wconf 88' lang='lat' dir='ltr'><em>praeceptis</em></span> 
     </span>
     <span class='ocr_line' id='line_1_30' title="bbox 195 3297 1334 3370; baseline -0.004 -14"><span class='ocrx_word' id='word_1_234' title='bbox 195 3300 356 3368; x_wconf 86' lang='lat' dir='ltr'><em>servandis,</em></span> <span class='ocrx_word' id='word_1_235' title='bbox 370 3311 413 3355; x_wconf 90' lang='lat' dir='ltr'><em>sat</em></span> <span class='ocrx_word' id='word_1_236' title='bbox 433 3299 519 3356; x_wconf 81' lang='lat' dir='ltr'><em>facile</em></span> <span class='ocrx_word' id='word_1_237' title='bbox 537 3298 697 3355; x_wconf 89' lang='lat' dir='ltr'><em>conciliant</em></span> <span class='ocrx_word' id='word_1_238' title='bbox 716 3297 883 3354; x_wconf 89' lang='lat' dir='ltr'><em>libertatern</em></span> <span class='ocrx_word' id='word_1_239' title='bbox 902 3315 971 3352; x_wconf 90' lang='lat' dir='ltr'><em>cum</em></span> <span class='ocrx_word' id='word_1_240' title='bbox 991 3297 1259 3370; x_wconf 84' lang='lat' dir='ltr'><em>impeccabilitate;</em></span> <span class='ocrx_word' id='word_1_241' title='bbox 1275 3297 1293 3354; x_wconf 88' lang='lat' dir='ltr'><em>si</em></span> <span class='ocrx_word' id='word_1_242' title='bbox 1332 3354 1334 3365; x_wconf 70' lang='grc'>,</span> 
     </span>
     <span class='ocr_line' id='line_1_31' title="bbox 196 3383 1292 3458; baseline -0.002 -14"><span class='ocrx_word' id='word_1_243' title='bbox 196 3388 275 3444; x_wconf 89' lang='lat' dir='ltr'><em>enim</em></span> <span class='ocrx_word' id='word_1_244' title='bbox 289 3387 424 3445; x_wconf 89' lang='lat' dir='ltr'><em>Christus</em></span> <span class='ocrx_word' id='word_1_245' title='bbox 439 3386 491 3442; x_wconf 88' lang='lat' dir='ltr'><em>fuit</em></span> <span class='ocrx_word' id='word_1_246' title='bbox 505 3386 601 3441; x_wconf 91' lang='lat' dir='ltr'><em>solum</em></span> <span class='ocrx_word' id='word_1_247' title='bbox 615 3385 689 3442; x_wconf 90' lang='lat' dir='ltr'><em>liber</em></span> <span class='ocrx_word' id='word_1_248' title='bbox 702 3385 732 3440; x_wconf 91' lang='lat' dir='ltr'><em>in</em></span> <span class='ocrx_word' id='word_1_249' title='bbox 745 3385 871 3452; x_wconf 72' lang='lat' dir='ltr'><em>actibus,</em></span> <span class='ocrx_word' id='word_1_250' title='bbox 888 3384 937 3454; x_wconf 90' lang='lat' dir='ltr'><em>qui</em></span> <span class='ocrx_word' id='word_1_251' title='bbox 959 3402 1019 3440; x_wconf 93' lang='lat' dir='ltr'><em>non</em></span> <span class='ocrx_word' id='word_1_252' title='bbox 1033 3383 1148 3442; x_wconf 91' lang='lat' dir='ltr'><em>cadunt</em></span> <span class='ocrx_word' id='word_1_253' title='bbox 1162 3387 1219 3444; x_wconf 91' lang='lat' dir='ltr'><em>sub</em></span> <span class='ocrx_word' id='word_1_254' title='bbox 1232 3402 1292 3458; x_wconf 81' lang='lat' dir='ltr'><em>pra·</em></span> 
     </span>
     <span class='ocr_line' id='line_1_32' title="bbox 196 3471 1289 3545; baseline -0.005 -15"><span class='ocrx_word' id='word_1_255' title='bbox 196 3484 294 3545; x_wconf 86' lang='lat' dir='ltr'><em>cepto,</em></span> <span class='ocrx_word' id='word_1_256' title='bbox 317 3483 432 3544; x_wconf 86' lang='lat' dir='ltr'><em>poterat</em></span> <span class='ocrx_word' id='word_1_257' title='bbox 454 3473 519 3528; x_wconf 89' lang='lat' dir='ltr'><em>illos</em></span> <span class='ocrx_word' id='word_1_258' title='bbox 544 3472 627 3529; x_wconf 70' lang='lat' dir='ltr'><em>acius</em></span> <span class='ocrx_word' id='word_1_259' title='bbox 653 3472 767 3528; x_wconf 88' lang='lat' dir='ltr'><em>efficere</em></span> <span class='ocrx_word' id='word_1_260' title='bbox 790 3472 835 3529; x_wconf 89' lang='lat' dir='ltr'><em>vel</em></span> <span class='ocrx_word' id='word_1_261' title='bbox 858 3489 920 3527; x_wconf 92' lang='lat' dir='ltr'><em>non</em></span> <span class='ocrx_word' id='word_1_262' title='bbox 941 3471 1056 3541; x_wconf 84' lang='lat' dir='ltr'><em>absque</em></span> <span class='ocrx_word' id='word_1_263' title='bbox 1081 3471 1145 3527; x_wconf 91' lang='lat' dir='ltr'><em>ullo</em></span> <span class='ocrx_word' id='word_1_264' title='bbox 1168 3483 1289 3544; x_wconf 88' lang='lat' dir='ltr'><em>peccato.</em></span> 
     </span>
     <span class='ocr_line' id='line_1_33' title="bbox 196 3556 1289 3631; baseline 0 -18"><span class='ocrx_word' id='word_1_265' title='bbox 196 3563 236 3631; x_wconf 87' lang='lat' dir='ltr'><em>(b)</em></span> <span class='ocrx_word' id='word_1_266' title='bbox 258 3561 411 3616; x_wconf 83' lang='lat' dir='ltr'><em>Thaaa&#39;sta</em></span> <span class='ocrx_word' id='word_1_267' title='bbox 428 3570 538 3624; x_wconf 85' lang='lat' dir='ltr'><em>autem,</em></span> <span class='ocrx_word' id='word_1_268' title='bbox 552 3559 661 3629; x_wconf 87' lang='lat' dir='ltr'><em>quibus</em></span> <span class='ocrx_word' id='word_1_269' title='bbox 681 3559 738 3614; x_wconf 73' lang='lat' dir='ltr'><em>hac</em></span> <span class='ocrx_word' id='word_1_270' title='bbox 757 3559 786 3613; x_wconf 92' lang='lat' dir='ltr'><em>in</em></span> <span class='ocrx_word' id='word_1_271' title='bbox 807 3576 837 3615; x_wconf 91' lang='lat' dir='ltr'><em>re</em></span> <span class='ocrx_word' id='word_1_272' title='bbox 856 3558 1022 3615; x_wconf 88' lang='lat' dir='ltr'><em>assentiunt</em></span> <span class='ocrx_word' id='word_1_273' title='bbox 1041 3556 1162 3628; x_wconf 81' lang='lat' dir='ltr'><em>Suarcz,</em></span> <span class='ocrx_word' id='word_1_274' title='bbox 1180 3559 1289 3620; x_wconf 70' lang='lat' dir='ltr'><em>lesum,</em></span> 
     </span>
     <span class='ocr_line' id='line_1_34' title="bbox 197 3640 1290 3717; baseline -0.005 -14"><span class='ocrx_word' id='word_1_275' title='bbox 197 3647 413 3717; x_wconf 73' lang='lat' dir='ltr'><em>Pescla.aliique,·</em></span> <span class='ocrx_word' id='word_1_276' title='bbox 430 3647 470 3702; x_wconf 88' lang='lat' dir='ltr'><em>ita</em></span> <span class='ocrx_word' id='word_1_277' title='bbox 483 3645 643 3701; x_wconf 90' lang='lat' dir='ltr'><em>conciliant</em></span> <span class='ocrx_word' id='word_1_278' title='bbox 656 3643 824 3700; x_wconf 88' lang='lat' dir='ltr'><em>libertatem</em></span> <span class='ocrx_word' id='word_1_279' title='bbox 843 3660 910 3698; x_wconf 88' lang='lat' dir='ltr'><em>cum</em></span> <span class='ocrx_word' id='word_1_280' title='bbox 930 3640 1201 3713; x_wconf 85' lang='lat' dir='ltr'><em>impeccabilitate:</em></span> <span class='ocrx_word' id='word_1_281' title='bbox 1221 3643 1290 3703; x_wconf 89' lang='lat' dir='ltr'><em>Chri·</em></span> 
     </span>
     <span class='ocr_line' id='line_1_35' title="bbox 197 3727 1289 3802; baseline -0.007 -12"><span class='ocrx_word' id='word_1_282' title='bbox 197 3745 258 3790; x_wconf 92' lang='lat' dir='ltr'><em>stus</em></span> <span class='ocrx_word' id='word_1_283' title='bbox 272 3732 376 3789; x_wconf 90' lang='lat' dir='ltr'><em>habuit</em></span> <span class='ocrx_word' id='word_1_284' title='bbox 390 3748 506 3802; x_wconf 91' lang='lat' dir='ltr'><em>semper</em></span> <span class='ocrx_word' id='word_1_285' title='bbox 519 3731 642 3801; x_wconf 86' lang='lat' dir='ltr'><em>gratiam</em></span> <span class='ocrx_word' id='word_1_286' title='bbox 657 3730 807 3786; x_wconf 88' lang='lat' dir='ltr'><em>efficacem</em></span> <span class='ocrx_word' id='word_1_287' title='bbox 826 3728 864 3784; x_wconf 93' lang='lat' dir='ltr'><em>ad</em></span> <span class='ocrx_word' id='word_1_288' title='bbox 885 3727 998 3785; x_wconf 90' lang='lat' dir='ltr'><em>bonum</em></span> <span class='ocrx_word' id='word_1_289' title='bbox 1012 3728 1196 3801; x_wconf 85' lang='lat' dir='ltr'><em>faciendum,</em></span> <span class='ocrx_word' id='word_1_290' title='bbox 1212 3743 1239 3789; x_wconf 89' lang='lat' dir='ltr'><em>et</em></span> <span class='ocrx_word' id='word_1_291' title='bbox 1251 3728 1289 3784; x_wconf 87' lang='lat' dir='ltr'><em>illa</em></span> 
     </span>
     <span class='ocr_line' id='line_1_36' title="bbox 196 3814 1286 3891; baseline -0.008 -15"><span class='ocrx_word' id='word_1_292' title='bbox 196 3821 287 3891; x_wconf 81' lang='lat' dir='ltr'><em>gratia</em></span> <span class='ocrx_word' id='word_1_293' title='bbox 312 3820 351 3874; x_wconf 89' lang='lat' dir='ltr'><em>illi</em></span> <span class='ocrx_word' id='word_1_294' title='bbox 378 3818 543 3876; x_wconf 89' lang='lat' dir='ltr'><em>debebatur</em></span> <span class='ocrx_word' id='word_1_295' title='bbox 568 3827 689 3889; x_wconf 90' lang='lat' dir='ltr'><em>propter</em></span> <span class='ocrx_word' id='word_1_296' title='bbox 711 3817 853 3873; x_wconf 90' lang='lat' dir='ltr'><em>unionem</em></span> <span class='ocrx_word' id='word_1_297' title='bbox 878 3815 1115 3886; x_wconf 64' lang='lat' dir='ltr'><em>hypostaticam</em></span> <span class='ocrx_word' id='word_1_298' title='bbox 1139 3835 1228 3888; x_wconf 89' lang='lat' dir='ltr'><em>porro</em></span> <span class='ocrx_word' id='word_1_299' title='bbox 1247 3814 1286 3886; x_wconf 80' lang='lat' dir='ltr'><em>qui</em></span> 
     </span>
    </p>
   </div>
   <div class='ocr_carea' id='block_1_5' title="bbox 183 4012 1289 4350">
    <p class='ocr_par' dir='ltr' id='par_1_5' title="bbox 183 4012 1289 4350">
     <span class='ocr_line' id='line_1_37' title="bbox 196 4012 1289 4084; baseline -0.007 -15"><span class='ocrx_word' id='word_1_300' title='bbox 196 4018 280 4069; x_wconf 85' lang='lat' dir='ltr'><em>talem</em></span> <span class='ocrx_word' id='word_1_301' title='bbox 294 4016 529 4082; x_wconf 86' lang='lat' dir='ltr'><em>significationem</em></span> <span class='ocrx_word' id='word_1_302' title='bbox 542 4015 617 4084; x_wconf 92' lang='lat' dir='ltr'><em>apud</em></span> <span class='ocrx_word' id='word_1_303' title='bbox 631 4013 760 4067; x_wconf 74' lang='lat' dir='ltr'><em>auctores</em></span> <span class='ocrx_word' id='word_1_304' title='bbox 775 4030 870 4066; x_wconf 90' lang='lat' dir='ltr'><em>sacros</em></span> <span class='ocrx_word' id='word_1_305' title='bbox 883 4012 1018 4080; x_wconf 88' lang='lat' dir='ltr'><em>obtinere,</em></span> <span class='ocrx_word' id='word_1_306' title='bbox 1029 4031 1056 4066; x_wconf 89' lang='lat' dir='ltr'><em>v.</em></span> <span class='ocrx_word' id='word_1_307' title='bbox 1068 4030 1096 4082; x_wconf 89' lang='lat' dir='ltr'><em>g.</em></span> <span class='ocrx_word' id='word_1_308' title='bbox 1114 4033 1121 4069; x_wconf 75' lang='grc' dir='ltr'>ε</span> <span class='ocrx_word' id='word_1_309' title='bbox 1135 4014 1289 4069; x_wconf 89' lang='lat' dir='ltr'><em>“Dominus</em></span> 
     </span>
     <span class='ocr_line' id='line_1_38' title="bbox 195 4099 1288 4170; baseline 0 -16"><span class='ocrx_word' id='word_1_310' title='bbox 195 4102 271 4155; x_wconf 89' lang='lat' dir='ltr'><em>enim</em></span> <span class='ocrx_word' id='word_1_311' title='bbox 291 4105 424 4170; x_wconf 74' lang='lat' dir='ltr'><em>pracepit</em></span> <span class='ocrx_word' id='word_1_312' title='bbox 444 4102 469 4154; x_wconf 89' lang='lat' dir='ltr'><em>ei</em></span> <span class='ocrx_word' id='word_1_313' title='bbox 493 4112 521 4154; x_wconf 91' lang='lat' dir='ltr'><em>ut</em></span> <span class='ocrx_word' id='word_1_314' title='bbox 542 4101 723 4153; x_wconf 88' lang='lat' dir='ltr'><em>malediceret</em></span> <span class='ocrx_word' id='word_1_315' title='bbox 748 4099 842 4152; x_wconf 90' lang='lat' dir='ltr'><em>David</em></span> <span class='ocrx_word' id='word_1_316' title='bbox 851 4099 886 4162; x_wconf 77' lang='lat'><em>&#39;⁸3</em></span> <span class='ocrx_word' id='word_1_317' title='bbox 913 4099 974 4152; x_wconf 85' lang='lat' dir='ltr'><em>“et</em></span> <span class='ocrx_word' id='word_1_318' title='bbox 996 4101 1132 4167; x_wconf 88' lang='lat' dir='ltr'><em>praecepit</em></span> <span class='ocrx_word' id='word_1_319' title='bbox 1159 4103 1245 4155; x_wconf 83' lang='lat' dir='ltr'><em>turbae</em></span> <span class='ocrx_word' id='word_1_320' title='bbox 1266 4107 1288 4148; x_wconf 90' lang='lat' dir='ltr'><em>ut</em></span> 
     </span>
     <span class='ocr_line' id='line_1_39' title="bbox 192 4181 1285 4257; baseline -0.005 -15"><span class='ocrx_word' id='word_1_321' title='bbox 192 4188 404 4243; x_wconf 88' lang='lat' dir='ltr'><em>discumberent</em></span> <span class='ocrx_word' id='word_1_322' title='bbox 426 4205 509 4257; x_wconf 89' lang='lat' dir='ltr'><em>super</em></span> <span class='ocrx_word' id='word_1_323' title='bbox 528 4188 652 4242; x_wconf 88' lang='lat' dir='ltr'><em>terram”</em></span> <span class='ocrx_word' id='word_1_324' title='bbox 673 4187 714 4252; x_wconf 77' lang='lat' dir='ltr'><em>(ll</em></span> <span class='ocrx_word' id='word_1_325' title='bbox 735 4187 800 4254; x_wconf 84' lang='lat' dir='ltr'><em>Reg.</em></span> <span class='ocrx_word' id='word_1_326' title='bbox 820 4187 900 4248; x_wconf 88' lang='lat' dir='ltr'>XVI,</span> <span class='ocrx_word' id='word_1_327' title='bbox 924 4187 1081 4249; x_wconf 85' lang='lat' dir='ltr'><em>103Matt.</em></span> <span class='ocrx_word' id='word_1_328' title='bbox 1106 4188 1169 4255; x_wconf 86' lang='lat' dir='ltr'><em>XV,</em></span> <span class='ocrx_word' id='word_1_329' title='bbox 1193 4203 1235 4255; x_wconf 82' lang='lat'><em>35;</em></span> <span class='ocrx_word' id='word_1_330' title='bbox 1252 4181 1285 4236; x_wconf 84' lang='lat' dir='ltr'><em>Cl.</em></span> 
     </span>
     <span class='ocr_line' id='line_1_40' title="bbox 183 4271 854 4350; baseline 0.007 -20"><span class='ocrx_word' id='word_1_331' title='bbox 183 4280 279 4333; x_wconf 65' lang='lat' dir='ltr'><em>trau.</em></span> <span class='ocrx_word' id='word_1_332' title='bbox 300 4280 370 4348; x_wconf 78' lang='lat' dir='ltr'><em>vu,</em></span> <span class='ocrx_word' id='word_1_333' title='bbox 387 4280 433 4350; x_wconf 71' lang='lat'><em>363</em></span> <span class='ocrx_word' id='word_1_334' title='bbox 455 4279 492 4345; x_wconf 71' lang='lat' dir='ltr'><em>X,</em></span> <span class='ocrx_word' id='word_1_335' title='bbox 507 4291 567 4348; x_wconf 79' lang='lat'>3-5·‚</span> <span class='ocrx_word' id='word_1_336' title='bbox 586 4276 675 4329; x_wconf 75' lang='lat' dir='ltr'><em>Mau.</em></span> <span class='ocrx_word' id='word_1_337' title='bbox 687 4271 854 4338; x_wconf 55' lang='lat' dir='ltr'><em>xxxa-tt.</em></span> 
     </span>
    </p>
   </div>
   <div class='ocr_carea' id='block_1_6' title="bbox 0 0 1346 4634">
    <p class='ocr_par' dir='ltr' id='par_1_6' title="bbox 0 0 1346 4634">
     <span class='ocr_line' id='line_1_41' title="bbox 0 0 1346 4634; baseline 0 0"><span class='ocrx_word' id='word_1_338' title='bbox 0 0 1346 4634; x_wconf 95' lang='lat' dir='ltr'><em> </em></span> 
     </span>
    </p>
   </div>
  </div>
 </body>
</html>
