2684 4634
190 170 258 223 ³⁴8
640 171 779 223 CAPUT
797 171 856 220 111.

235 370 270 418 20
288 356 404 419 Status
418 362 545 419 natura
555 355 697 437 integra.
747 357 808 419 Ille
834 358 941 418 status
957 353 1104 418 'includit
1131 351 1290 436 quidquid

190 469 240 522 est
256 459 435 541 positivum
451 459 484 520 in
501 468 590 521 statu
607 468 734 521 naturae
750 480 850 540 purae,
862 469 895 521 et
908 460 1041 540 insuper
1053 458 1282 520 immunitatem

191 584 211 624 a
225 561 481 642 cancnpz'scentz'rl,
498 561 540 624 ab
559 563 755 643 ignorantia,
771 561 1018 634 infirmitatibus
1034 571 1067 624 et
1084 571 1202 632 morte,
1221 561 1285 622 licet

192 665 363 746 integritas
378 664 509 747 proprie
526 664 694 746 loquendo
713 666 898 747 specialiter
916 665 1164 727 immunitatem
1181 685 1201 726 a
1217 684 1284 726 con·

190 768 394 848 cupiscentia
410 768 572 847 designet.

236 884 270 950 30
299 869 415 932 Status
441 880 568 932 natura
592 870 774 934 innocentis.
833 870 893 934 Ille
923 880 1030 933 status
1060 869 1288 952 complettitur

191 971 351 1053 quidquid
371 979 424 1032 est
444 971 624 1051 positivum
647 972 680 1033 in
701 981 790 1035 statu
813 983 940 1036 naturae
960 995 1061 1055 purae,
1081 976 1139 1037 sed
1161 976 1289 1056 insuper

192 1075 415 1155 integritatem
432 1084 568 1149 naturae,
584 1093 644 1135 nec
661 1094 727 1136 non
743 1075 989 1138 destinationem
1011 1077 1171 1158 adfinem
1187 1088 1289 1158 snper-

192 1177 384 1252 naturalem,
399 1185 433 1238 et
449 1176 559 1238 media
575 1179 848 1259 supernaturalia,
864 1180 997 1254 scilicet,
1013 1181 1156 1261 gratiam
1174 1178 1289 1243 saneti·

192 1279 357 1354 ficantem,
372 1278 510 1341 virtutes
526 1278 660 1356 infusas,
676 1289 736 1342 etc.
785 1281 845 1343 Ille
867 1291 974 1343 status
993 1283 1035 1344 de
1056 1280 1144 1345 fatto
1164 1283 1290 1344 exstitit

192 1385 225 1444 in
256 1382 393 1444 Adamo
418 1404 424 1442 :
455 1391 592 1444 vocatur
622 1391 729 1445 status
760 1393 886 1446 natura
914 1384 1089 1446 innocentis
1119 1385 1199 1466 quia
1228 1406 1288 1447 non

193 1495 323 1567 poterat
349 1485 528 1547 subsistere
550 1486 648 1547 simul
673 1506 748 1548 cum
772 1495 930 1567 peccato;
955 1497 1059 1550 status
1072 1488 1219 1568 jnstz'tia
1237 1508 1287 1550 seu

192 1587 378 1653 santtitatis
397 1588 577 1670 an'ginalzlr,
595 1589 673 1670 quia
695 1589 738 1651 ab
760 1590 896 1672 origine,
916 1588 1018 1653 homo
1036 1591 1147 1672 justus
1173 1592 1289 1654 consti-

193 1702 284 1756 tutus
298 1700 349 1753 est
359 1703 379 1753 1.
1220 1751 1221 1754 ,

235 1808 272 1874 4⁰
288 1794 403 1857 Status
424 1803 553 1856 natura
573 1793 670 1874 lapsa
695 1804 726 1856 at
750 1805 911 1875 reparata.
959 1795 1020 1858 Ille
1041 1804 1149 1858 status
1173 1797 1205 1858 in
1228 1816 1289 1877 quo

192 1919 280 1962 nunc
304 1917 482 1973 versamur,
508 1897 659 1959 consistit
683 1899 716 1959 in
741 1917 782 1959 eo
808 1899 897 1978 quod
925 1898 1027 1961 homo
1058 1909 1209 1962 remanet
1239 1901 1289 1962 de-

194 2005 336 2065 stinatus
359 2003 400 2064 ad
425 2000 524 2062 finem
550 2001 856 2081 supernaturalem
883 2003 941 2064 sed
958 2002 1056 2065 simul
1073 2002 1220 2084 incapax
1240 2023 1290 2084 per

193 2128 229 2168 se
258 2106 345 2168 hunc
376 2103 475 2166 finem
507 2105 705 2187 attingendi,
731 2125 833 2186 quum
863 2116 1017 2168 nascatur
1041 2106 1195 2187 originali
1222 2127 1290 2188 pec·

194 2218 270 2272 cato
310 2204 471 2283 infestus3
512 2207 617 2289 possit
655 2216 776 2283 tamen,
806 2227 865 2289 per
895 2207 1074 2284 Christum,
1105 2229 1291 2290 recuperare

195 2312 345 2393 gratiam,
368 2330 434 2372 non
456 2318 569 2372 autem
592 2309 681 2373 dona
704 2311 998 2392 praeternaturalia,
1019 2310 1139 2373 saltem
1161 2312 1195 2374 in
1216 2333 1291 2394 prae-

194 2417 279 2478 senti
296 2416 371 2476 vita.

242 2533 275 2598 50
292 2518 406 2582 Status
423 2525 550 2578 natura
564 2517 660 2597 lapsa
682 2537 743 2577 nan
763 2526 922 2597 reparata
938 2516 1053 2578 fuisset
1073 2517 1171 2579 idem·
1185 2529 1291 2593 status,

196 2624 253 2685 sed
284 2621 409 2701 absque
436 2618 503 2680 ulla
529 2617 766 2699 redemptione.
814 2619 865 2679 De
896 2616 984 2681 fauo
1015 2618 1069 2680 ille
1100 2628 1209 2682 status
1233 2639 1290 2682 non

196 2727 335 2800 exstitit,
350 2744 453 2805 quum
470 2724 582 2785 statim
600 2731 676 2803 post
692 2723 821 2805 lapsum
841 2724 932 2784 Deus
948 2723 1136 2805 promiserit
1154 2725 1290 2787 Redem-

197 2824 336 2913 ptorem'.

226 2990 287 3046 lv.
306 2988 361 3044 De
377 2982 635 3059 possibilitate
651 2981 848 3038 hominem
867 2980 1045 3039 elevandi
1062 2952 1110 3040 ad
1128 2987 1268 3060 statum

565 3078 902 3162 supernaturalem
912 3094 933 3134 2.

243 3229 308 3308 148.
356 3226 507 3309 Quaestio
524 3235 573 3286 est
589 3235 698 3286 utrum
712 3224 801 3285 bona
816 3234 927 3286 creata
944 3233 977 3286 et
993 3223 1096 3300 finita,
1107 3246 1183 3305 quae
1197 3241 1287 3306 neque

199 3335 241 3396 ab
262 3332 396 3394 homine
420 3349 526 3409 neque
553 3327 595 3388 ab
622 3325 686 3387 alia
712 3330 922 3407 quacumque
943 3331 1092 3388 creatura
1111 3329 1286 3409 exiguntur,

199 3437 328 3520 possint
343 3433 490 3516 gratuito
506 3431 665 3493 divinitus
681 3429 811 3491 homini
836 3428 976 3491 conferri
991 3451 998 3505 ;
1021 3449 1088 3504 seu,
1105 3430 1178 3492 aliis
1194 3426 1286 3492 verbis

236 3678 243 3699 1
259 3649 393 3706 Nonnulli
407 3647 530 3715 theologi
543 3646 629 3700 alium
644 3655 748 3699 statum
767 3645 943 3714 distinguunt
956 3645 985 3698 in
999 3662 1054 3715 quo
1067 3646 1154 3700 homo
1168 3647 1286 3700 adfinem

201 3737 440 3808 supernaturalem
463 3735 660 3798 destinaretur.
680 3732 836 3801 mediisque
859 3732 1042 3786 instrueretur
1064 3733 1101 3786 ad
1123 3734 1199 3787 hunc
1219 3733 1287 3785 finem

192 3825 404 3894 attingendum,
421 3824 528 3891 absque
541 3821 693 3890 privilegiis
707 3831 815 3873 naturae
829 3820 952 3888 integrae.

235 3911 401 3977 2Theologi
421 3908 577 3977 generatim
596 3909 670 3961 hanc
690 3907 875 3977 quaestionem
895 3906 1057 3974 expendunt
1076 3905 1123 3960 ubi
1144 3907 1180 3960 de
1200 3907 1291 3959 vision

201 4003 262 4054 Dei.
301 3998 343 4051 Cf.
361 3999 389 4049 S.
409 3997 517 4059 Thoan,
537 3989 557 4061 l,
572 4013 599 4065 q.
620 4010 658 4060 12,
672 4012 696 4046 a.
714 4010 740 4059 13
760 3996 791 4047 C.
810 3996 891 4047 Gent.
907 3995 922 4047 l.
940 3995 996 4057 ΙΙΙ,
1012 4011 1034 4047 c.
1051 4007 1143 4062 50-573
1164 3996 1291 4048 Salmanl.

201 4089 236 4139 de
250 4086 367 4138 Visione
383 4085 445 4149 Dei,
457 4084 529 4152 disp.
544 4085 569 4146 l;
588 4081 739 4147 Maazella
754 4099 780 4133 n.
796 4083 846 4145 827
861 4099 902 4149 sq.
911 4099 918 4148 ;
937 4082 1084 4145 Palna'eri,
1099 4081 1137 4135 th.
1152 4083 1197 4147 36;
1210 4083 1295 4155 Arna.

204 4175 281 4226 curn.
302 4172 454 4240 Qzazrterly
467 4173 590 4235 Revz'ew,
601 4171 650 4238 jul.
670 4171 745 4237 1893,
760 4187 786 4237 p.
803 4169 866 4232 62&
889 4171 1048 4238 Matz'gnan,
1064 4169 1104 4221 La
1118 4170 1257 4237 Question
1269 4169 1298 4222 du

207 4260 378 4314 Surnaturel.
