2684 4634
216 181 280 232 236
666 183 804 234 CAPUT
821 184 864 232 11.

215 362 358 424 ditiones
374 383 460 424 verae
486 363 730 442 generationis:
754 374 804 427 est
829 365 927 440 enim,
951 365 1001 447 (a)
1017 366 1116 447 origo
1138 365 1299 429 viventisa

214 466 349 542 vivente,
374 487 451 528 nam
478 468 627 531 Verbum
655 469 805 550 procedit
828 489 886 550 per
911 469 1049 531 modum
1075 467 1299 544 intelledtionis

215 589 289 648 quae
305 579 356 632 est
371 571 522 650 operatio
537 571 648 634 vitalis
665 581 698 634 et
714 571 873 652 supponit
896 579 967 633 tum
992 571 1197 652 principium
1219 572 1300 634 vitale

214 681 285 732 tum
304 673 481 735 terminum
498 674 652 750 vitalem;
679 674 730 756 (b)
746 695 766 736 a
781 675 944 757 principio
966 676 1144 758 consimile,
1160 697 1236 738 nam
1259 676 1301 738 illa

214 776 381 856 processio
397 786 447 839 est
464 777 659 852 immanem,
669 797 707 838 ac
722 777 861 858 proinde
872 777 1022 840 Verbum
1034 788 1188 840 remanet
1198 779 1230 840 in
1244 779 1301 840 Deo

213 887 246 939 et
262 878 292 938 ei
308 876 452 958 perfecte
463 878 673 960 conjungitur
684 900 743 962 per
753 881 1042 962 participationem
1054 892 1185 944 naturae
1198 881 1300 944 divine

213 999 313 1060 quam
332 981 429 1043 Pater
446 981 507 1062 ipsi
524 979 631 1044 active
648 984 767 1064 tradit;
796 980 849 1068 (e)
865 984 897 1045 in
913 983 1167 1047 similitudinem
1184 994 1299 1058 nature,

212 1102 290 1144 nam
307 1083 456 1145 Verbum
474 1087 622 1164 procedit
638 1105 696 1166 per
711 1086 799 1147 viam
817 1084 1072 1148 intellectionis:
1092 1085 1167 1166 jam
1180 1107 1256 1149 vero
1266 1086 1298 1148 in-

212 1183 366 1261 reflectio,
380 1207 417 1247 en
433 1185 554 1248 nnlnrd
574 1186 643 1263 snei,
659 1189 767 1250 tendit
792 1190 833 1251 ad
860 1188 1109 1270 producendam
1136 1189 1297 1270 imaginem

212 1287 334 1368 objecti
350 1289 497 1369 cogitati,
514 1310 597 1371 quae,
614 1291 646 1351 in
671 1311 749 1354 casu
777 1291 942 1372 praesenti‚
958 1301 1009 1353 est
1034 1291 1208 1355 simillima
1234 1293 1297 1363 Dee

209 1390 309 1471 juxta
325 1391 422 1468 illud;
448 1391 643 1473 “Splendor
658 1393 773 1474 gloriae
789 1402 822 1456 et
845 1392 950 1476 figura
973 1394 1175 1459 substantiae
1198 1394 1296 1477 ejus”t

213 1496 304 1576 Ergo
320 1495 488 1576 processio
504 1496 605 1559 Verbi
622 1505 673 1559 est
688 1517 765 1559 vera
782 1497 960 1578 generatio
1000 1562 1004 1569 ,

247 1640 300 1696 125.
341 1627 387 1683 Ex
404 1626 463 1683 hoc
482 1627 570 1699 igitur
588 1628 687 1699 colligi
710 1638 806 1700 potest
825 1627 936 1684 Filium
951 1626 1091 1700 generari
1100 1628 1251 1701 inlelleein,
1264 1646 1295 1685 nn

210 1714 412 1786 intelligendo:
429 1714 486 1771 hoc
500 1715 624 1786 quidem
638 1716 676 1773 ad
690 1715 780 1773 fidem
795 1733 856 1772 non
870 1715 1005 1793 pertinet,
1019 1716 1072 1774 sed
1085 1717 1295 1775 communitera

210 1800 356 1872 theologis
370 1801 495 1858 docetur
513 1810 616 1858 contra
635 1801 828 1867 Durandunn
844 1811 873 1859 et
892 1820 928 1859 ex
947 1802 1098 1874 Scriptura
1118 1821 1171 1874 per
1187 1803 1295 1861 modurn

210 1886 410 1944 conclusionis
429 1886 613 1958 theologicae
637 1888 742 1945 merito
773 1887 917 1945 infertur².
958 1887 1049 1944 Filius
1080 1888 1163 1946 enim
1194 1898 1295 1946 vocatur

218 1974 337 2030 Verbum
357 1983 387 2031 et
407 1974 559 2044 Sapientia
582 1975 675 2031 Patris
695 1978 806 2046 (snpra,
826 1993 855 2031 n.
871 1975 981 2045 67·69):
1001 1991 1091 2046 porro
1111 1975 1177 2032 haee
1196 1975 1255 2033 duo
1268 1972 1294 2030 ad

211 2062 395 2119 intellectum
409 2063 585 2133 referuntur;
604 2080 674 2119 nam
688 2060 823 2118 Verbum
841 2069 886 2117 est
904 2059 1045 2132 primario
1064 2068 1093 2118 et
1113 2060 1296 2135 principaliter

210 2147 331 2205 interior
354 2148 456 2204 neentis
477 2159 653 2221 conceptus;
672 2147 781 2220 pariter
802 2144 948 2219 sapientia
970 2145 1089 2218 proprie
1110 2147 1141 2202 iii
1162 2145 1296 2205 intelleitu

210 2233 326 2292 residet.
368 2233 460 2305 Quod
474 2234 575 2292 Patres
589 2235 697 2293 diserte
710 2235 857 2292 affirmant
862 2256 869 2302 ;
888 2233 930 2290 sic
944 2234 973 2292 S.
991 2233 1110 2305 Gregnr.
1121 2233 1216 2291 Naz.³
1226 2232 1296 2291 ratio-

210 2339 279 2378 nem
292 2320 421 2378 reddens
434 2338 489 2378 cur
500 2320 592 2378 Filius
605 2331 727 2378 vocetur
746 2321 760 2375 ὁ
780 2321 861 2393 λόγος
875 2320 1041 2392 (Verbum),
1057 2321 1098 2378 ait
1112 2343 1119 2380 :
1143 2323 1161 2352 “
1170 2322 1297 2394 quoniam

210 2407 253 2463 sic
266 2425 298 2464 se
310 2405 401 2463 habet
413 2406 452 2463 ad
466 2407 593 2472 Patrem,
609 2407 684 2463 sicut
698 2406 812 2463 verbnm
825 2407 867 2462 nd
877 2405 1078 2481 iniellei'ium''.

245 2493 307 2554 Hic
319 2503 419 2550 autem
434 2492 555 2550 ulterius
569 2492 799 2564 progrediuntur
812 2492 954 2565 theologi,
967 2502 996 2550 et
1016 2492 1170 2564 inquirunt
1189 2512 1225 2553 ex
1242 2511 1298 2565 quen

209 2598 275 2635 rum
288 2597 385 2635 rernm
398 2579 553 2650 cognitione
566 2579 700 2636 Verbum
719 2599 736 2636 a
756 2581 842 2636 Patre
861 2580 1012 2652 procedat.
1053 2579 1169 2638 Omnes
1188 2581 1298 2654 quidem

208 2665 467 2724 conceduntillud
481 2666 644 2736 procedere
657 2666 761 2724 saltem
776 2685 811 2723 ex
824 2665 997 2738 cognitione
1010 2666 1147 2725 essentiae
1160 2667 1266 2726 divinae
1275 2664 1298 2723 ct

208 2753 426 2811 attributorum.
467 2752 527 2809 Sed
540 2753 672 2823 quidam,
690 2751 850 2824 praesertim
872 2753 971 2810 Scetns
989 2762 1019 2810 et
1040 2753 1174 2824 Vesqrien,
1189 2764 1297 2812 conteu-

208 2841 284 2897 dunt
296 2839 430 2896 Verbum
445 2856 505 2895 non
519 2838 682 2909 procedere
687 2838 860 2909 formaliter
877 2857 912 2896 ex
931 2838 1102 2910 cognitione
1121 2840 1297 2907 relationum

208 2945 260 2983 seu
292 2943 496 2996 personarum,
522 2943 620 2995 neque
652 2943 687 2982 ex
719 2924 890 2995 cognitione
916 2921 1115 2996 possibilium.
1157 2926 1298 2983 Themisie

207 3022 316 3081 autem,
329 3031 397 3068 cum
411 3011 511 3080 multis
524 3012 588 3067 aliis
601 3012 756 3083 theologis,
771 3021 874 3070 tenent
883 3012 1017 3069 Verbum
1028 3012 1192 3083 procedere
1196 3013 1297 3085 ferme

207 3100 274 3154 liter
286 3116 321 3154 ex
334 3098 505 3168 cognitione
519 3116 580 3154 non
594 3098 690 3155 solum
706 3097 815 3155 divinae
834 3097 970 3155 essentiae
989 3098 1042 3156 sed
1062 3097 1152 3155 etiam
1172 3115 1298 3170 persona

208 3204 272 3241 rum
286 3184 452 3241 divinarum
466 3203 501 3240 ac
514 3202 610 3240 rerum
625 3183 819 3255 possibilium.
861 3184 948 3254 Nam,
966 3193 998 3242 ut
1011 3183 1107 3255 arguit
1126 3185 1153 3242 S.
1170 3181 1294 3252 Dodorfi

207 3271 339 3330 Verbum
353 3270 514 3328 formaliter
526 3271 662 3343 procedit
675 3290 691 3327 a
705 3271 877 3341 cognitione
887 3270 1022 3326 omnium
1033 3288 1136 3328 eorum
1147 3289 1215 3343 quae
1226 3273 1297 3329 Deus

207 3358 374 3415 necessario
396 3375 430 3414 ac
451 3375 504 3428 per
525 3375 556 3415 se
575 3356 807 3428 contemplatum
825 3356 908 3428 atqui
929 3357 1012 3415 Deus
1029 3356 1123 3414 'unico
1143 3357 1250 3416 intuitu
1266 3355 1297 3413 ab

206 3456 317 3503 aeterno
330 3445 550 3516 contemplatur
562 3463 646 3500 suam
660 3444 817 3502 essentiam
838 3452 868 3500 et
888 3442 990 3501 omnia
1009 3441 1120 3515 quaein
1134 3443 1170 3501 ed
1190 3454 1253 3502 sunt
1268 3442 1299 3498 uc'
1336 3432 1340 3507 ξ

206 3541 461 3603 repraesentantur,
481 3531 497 3586 i.
519 3549 542 3588 e.
565 3540 627 3587 tum
650 3529 765 3588 divinas
786 3547 937 3600 personas
955 3538 1018 3587 tum
1038 3529 1209 3603 possibilia3
1226 3546 1297 3601 ergo.
1337 3518 1340 3589 ἶ

207 3617 351 3674 Praeterea
364 3617 495 3687 quidam,
513 3627 545 3673 ut
561 3617 642 3673 linin
658 3626 687 3673 et
710 3616 838 3686 Wilnsse,
855 3615 971 3673 addunt
991 3614 1126 3679 Verbum
1146 3617 1297 3689 procedere
1338 3654 1340 3665 .

205 3704 295 3761 etiam
315 3703 475 3760 formaliter
497 3721 533 3760 ex
555 3703 726 3774 cognitione
745 3712 944 3760 creaturarum
964 3702 1137 3773 futurarum,
1161 3712 1299 3777 quatenus

207 3791 278 3862 ipsae
291 3790 380 3846 etiam
395 3789 425 3844 in
439 3790 539 3846 divinet
558 3790 684 3847 essentia
704 3799 963 3862 repraesentantur3
982 3790 1064 3862 quod
1078 3799 1180 3849 tamen
1200 3797 1299 3864 negant

206 3877 339 3948 plerique
352 3877 378 3931 T
381 3877 524 3946 homistae,
543 3876 613 3947 quia
626 3887 767 3934 creaturae
777 3879 936 3935 existentes
947 3876 1065 3935 non'nisi
1075 3879 1266 3951 contingenter
1273 3870 1298 3934 'el

204 3963 422 4028 cerreemiinnier
434 3964 462 4018 in
477 3963 578 4020 divinit
592 3964 720 4022 essentiii
733 3973 987 4039 repraesentantur.

240 4097 427 4164 ¹Hebr.l3.
1047 4141 1050 4145 J

240 4184 249 4205 ²
264 4184 304 4235 Cf.
320 4183 483 4250 intermedii,
499 4183 537 4237 th.
552 4183 596 4249 263
618 4182 711 4245 Persii,
728 4200 753 4235 n.
767 4184 816 4251 518
831 4201 871 4252 sq.
958 4208 960 4212 ¹
1152 4210 1176 4257 „5

244 4279 253 4309 ³
268 4272 344 4324 Orat.
358 4270 400 4340 36.
415 4301 448 4306 —
461 4269 471 4297 ⁴
484 4271 513 4321 S.
530 4271 555 4321 T
553 4269 623 4322 nerii.
641 4272 663 4332 l,
679 4288 705 4338 q.
723 4283 765 4336 34,
779 4289 802 4323 a.
818 4286 845 4337 3;
865 4271 899 4338 cf.
915 4271 1053 4357 Bz'llnart‚
1066 4271 1137 4353 diss.
1153 4288 1221 4345 5,·a.
1233 4291 1261 4345 3..
