2684 4634
406 161 463 211 DE
481 160 733 211 mvltmn'rts
751 158 937 212 CHRISTI.
1159 160 1220 211 417

157 356 220 429 31.
255 341 332 429 (C)
340 342 595 408 Rationalistco1
630 358 696 407 non
720 344 827 407 solum
859 342 978 407 divinit
965 352 1067 423 tatem
1097 341 1219 406 Christi

116 455 234 527 aperte
261 457 396 528 negant,
410 449 469 512 sed
492 449 593 511 etiam
618 449 688 530 ejus
711 448 857 512 divinam
883 448 1100 511 missionem:
1120 445 1220 527 juxta

118 548 219 645 10303,
236 533 386 613 Christus
409 560 460 614 est
482 540 616 631 quidem
642 549 896 633 perfeftissimus
912 553 969 627 vir,
985 560 1018 613 et
1033 546 1219 614 doetrinam

118 636 235 715 docuit
252 648 443 718 Graecorum
460 665 561 737 atque
575 657 803 718 Romanorum
817 656 980 737 sapientia
992 653 1098 716 multo
1111 651 1220 715 excel-

120 755 296 839 lentiorem
322 758 463 840 ideoque
495 746 584 821 inter
607 758 760 821 humanit
747 760 825 822 tatis
856 756 1083 821 benefadtores
1111 775 1221 819 recen-

119 859 182 922 seri
211 869 331 941 potest,
346 862 404 925 sed
428 882 536 944 neque
558 862 651 925 Deus
673 883 780 945 neque
802 863 934 925 divinus
958 861 1088 943 legatus
1112 858 1221 921 vocari

120 973 244 1044 potest,
256 985 359 1051 quum
375 967 485 1029 omnis
500 967 758 1050 supernaturalis
772 967 975 1030 interventus
992 965 1110 1031 rationi
1128 982 1222 1045 repu-

120 1075 230 1146 gnet:
261 1087 403 1155 quorum
424 1090 549 1133 errores
570 1069 640 1151 jam
664 1069 909 1133 confutavimus
934 1071 966 1132 in
997 1069 1026 1131 T
1025 1090 1049 1131 r.
1074 1069 1117 1129 de
1133 1066 1223 1129 Vera

123 1168 309 1251 Religione.
432 1180 446 1185 ”

166 1370 216 1437 32
265 1355 331 1445 (D)
343 1360 495 1425 Tandem
502 1362 618 1447 Judaei
627 1362 732 1440 multi,
747 1360 1007 1425 Rationalisticis
1025 1356 1223 1441 praejudiciis

124 1462 256 1540 imbuti,
280 1467 489 1533 contendunt
516 1487 591 1531 cum
611 1466 777 1531 Salvador
787 1479 809 1543 ²,
831 1465 999 1529 Christum
1027 1461 1108 1524 nihil
1134 1460 1223 1522 aliud

123 1588 200 1631 esse
216 1570 278 1632 nisi
295 1570 506 1636 fundatorem
522 1572 661 1654 alicujus
677 1568 786 1646 sectae,
801 1566 988 1632 doetrinam
1005 1567 1048 1628 ab
1064 1567 1137 1647 ipso
1160 1574 1225 1625 tra·

125 1672 235 1736 ditam
258 1694 331 1739 esse
350 1675 492 1757 judaicae
515 1676 683 1758 religionis
706 1684 740 1738 et
762 1674 973 1737 orientalium
1004 1676 1224 1752 systematum

125 1778 413 1857 commixtionem,
430 1781 584 1844 eumdem
602 1780 720 1842 merito
736 1779 835 1841 fuisse
851 1798 871 1840 a
885 1775 1012 1859 Judaeis
1027 1774 1224 1835 damnatum

126 1888 290 1961 tanquam
314 1881 626 1964 blasphematorem,
643 1894 676 1947 et
693 1882 885 1964 religionem
902 1879 945 1941 ab
961 1878 1034 1959 ipso
1051 1876 1225 1938 fundatam

128 2004 212 2046 mox
237 1986 473 2050 destruendam
495 2008 567 2050 esse
590 2007 648 2070 per
669 1985 908 2048 exaltationem
928 1981 994 2045 veri
1011 1979 1154 2053 Messias,
1170 1977 1226 2058 qui

128 2086 211 2150 nihil
228 2087 318 2152 aliud
335 2100 385 2153 est
401 2091 462 2154 nisi
479 2091 621 2173 populus
639 2090 709 2172 ipse
721 2089 884 2171 judaicus.

81 2282 83 2288 ·
174 2250 303 2315 Contra
329 2252 402 2316 illos
430 2274 554 2317 errores
580 2255 790 2317 divinitatem
809 2252 930 2316 Christi
960 2253 991 2314 in
1016 2249 1227 2332 sequentibus

130 2354 277 2418 articulis
292 2356 604 2434 demonstrabimus,
620 2369 661 2435 et,
678 2368 715 2423 ut
739 2366 935 2440 argumenta
951 2356 1137 2419 efficaciora
1152 2355 1229 2429 sint,

130 2457 223 2521 libris
241 2458 420 2542 Scriptura*
441 2471 572 2525 utemur
588 2482 654 2525 non
672 2474 708 2527 ut
731 2461 907 2543 inspiratis
924 2459 982 2521 sed
1000 2459 1107 2521 solum
1127 2467 1163 2520 ut
1179 2456 1227 2518 hi·

130 2563 262 2624 storicis
273 2572 308 2625 et
323 2561 585 2654 substantialiter
597 2567 689 2628 veris.
729 2565 890 2630 Ordinem
908 2563 1101 2625 historicum
1114 2581 1228 2641 seque·

132 2685 215 2742 mur,
231 2663 352 2729 thesim
376 2667 639 2732 demonstrando
657 2693 664 2731 ε
692 2681 724 2730 10
740 2690 784 2731 ex
793 2668 974 2750 prophetiis
986 2667 1027 2729 V.
1041 2665 1131 2728 Test.
1148 2664 1229 2725 divi-

131 2770 274 2833 nitatem
291 2770 362 2851 ejus
378 2772 669 2848 annuntiantibus;
694 2784 729 2834 20
744 2792 787 2834 ex
805 2773 877 2853 ipso
888 2770 1009 2834 Christi
1027 2766 1206 2831 testimonio
1215 2788 1229 2837 ,·

134 2881 167 2954 3⁰
190 2895 236 2936 ex
259 2875 428 2938 miracolis
454 2877 574 2958 quibus
605 2897 698 2939 suam
730 2875 938 2937 divinitatem
972 2870 1230 2946 demonstravit;

131 2992 169 3057 40
202 2999 248 3041 ex
270 2979 496 3061 Apostolorum
524 2979 772 3063 praedicatione
824 2991 857 3057 5⁰
889 2997 932 3038 ex
960 2975 1031 3058 fide
1059 2975 1229 3057 primaevoe

133 3081 290 3146 Ecclesiae.

169 3306 531 3372 ¹Rationalismihistoria-
545 3317 735 3388 praecipuique
754 3333 860 3371 errores
880 3315 907 3369 in
927 3317 972 3367 Tr.
996 3315 1031 3368 de
1044 3314 1120 3367 Vera
1142 3314 1231 3380 Relig.

134 3402 173 3472 (n.
186 3402 282 3472 2o38)
294 3415 480 3473 exponuntur,
508 3405 543 3458 cf.
559 3405 657 3474 Locky,
672 3404 788 3472 History
807 3403 839 3456 of
855 3401 1040 3455 Rationalism
1058 3400 1086 3451 in
1104 3400 1232 3467 Europe;

140 3492 311 3563 Wgouroux,
328 3493 369 3545 La
382 3492 464 3548 Bible
481 3503 510 3548 et
529 3494 570 3547 les
585 3493 775 3546 Decouvertes
796 3489 954 3554 modernos,
967 3497 987 3540 t.
1005 3488 1026 3553 I,
1043 3486 1179 3554 Esquisse
1198 3487 1234 3539 de

134 3577 232 3633 l'Hist.
248 3578 286 3633 du
296 3579 507 3648 Rationalisme,
520 3598 548 3650 p.
567 3580 656 3644 1-1o8;
671 3581 725 3633 Les
739 3577 834 3631 Livres
847 3577 935 3628 saints
948 3585 976 3629 et
987 3575 1015 3626 la
1028 3573 1154 3641 critique,
1163 3583 1182 3626 t.
1193 3572 1231 3625 11.

137 3667 311 3737 Huiusmodi
322 3685 431 3724 errores
449 3686 509 3739 prae
527 3670 628 3723 ceteris
648 3667 836 3737 propagarunt
850 3665 976 3726 Sti-auu,
994 3664 1054 3715 Das
1073 3661 1154 3714 leben
1168 3661 1234 3728 Jesu

135 3755 254 3811 kritisch
275 3756 431 3822 berbeited,
456 3757 535 3827 18353
568 3758 675 3822 Renon,
689 3755 742 3808 Vie
763 3754 799 3806 de
819 3752 910 3820 10303,
930 3751 1007 3816 1863;
1033 3749 1136 3816 Seeley,
1159 3749 1235 3802 Ecce

137 3845 243 3910 Homo,
259 3845 337 3915 18633
355 3843 453 3900 audior
465 3862 623 3914 anonymus
636 3843 728 3911 operis
741 3839 953 3910 Supernaturol
962 3837 1101 3906 Religion.

170 3931 343 4000 ’Solvador,
358 3932 549 4001 Jesus-Christ
567 3942 594 3985 et
608 3949 639 3984 sa
651 3929 787 3985 doetrine.
827 3930 871 3981 Ea
889 3944 952 3996 quae
969 3924 1037 3978 dicit
1056 3924 1091 3977 de
1104 3924 1235 3977 condem-

136 4019 253 4074 natione
266 4018 371 4075 Christi
391 4036 408 4072 a
422 4018 600 4074 Sanhedritis
623 4017 733 4072 erudite
754 4015 898 4069 confutata
920 4023 984 4067 sunt
1001 4030 1018 4064 a
1030 4012 1139 4079 Dtpin,
1152 4007 1236 4079 Jesus

137 4106 243 4162 devant
265 4106 374 4177 Caiphe
394 4118 423 4163 et
444 4107 543 4171 Pilate,
565 4093 643 4159 Paris
667 4103 733 4158 1828
755 4102 900 4173 (anglicez
928 4101 992 4154 The
1013 4098 1076 4153 trial
1098 4096 1129 4150 of
1145 4098 1236 4165 Jesus,

139 4195 255 4262 Bostou,
270 4191 349 4263 1839)
356 4212 364 4259 ;
382 4189 521 4256 Lirnonn,
532 4193 637 4246 Valeur
649 4191 685 4245 de
697 4188 881 4244 1’Assemblee
894 4187 942 4258 qui
955 4201 1099 4256 01000000
1111 4184 1139 4238 la
1157 4182 1238 4252 peine

138 4281 174 4336 de
182 4292 258 4336 mort
267 4293 364 4335 contre
371 4278 400 4350 J.
410 4281 456 4346 Χ,
469 4279 551 4334 Paris
566 4280 630 4335 1881
635 4297 646 4351 ,·
666 4280 803 4348 perrone,
815 4278 851 4335 de
866 4277 1013 4333 incarnat.
1024 4291 1056 4329 n.
1072 4272 1121 4338 180
1135 4287 1184 4339 su,-

234 4395 361 4438 sruoms
371 4394 401 4439 11.
417 4419 442 4426 -
457 4409 489 4454 η
