2684 4634
120 169 182 218 310
566 170 707 222 CAPUT
723 170 766 218 11.

122 350 240 413 invitis.
286 349 337 432 (b)
353 353 384 413 in
398 353 572 432 appetitum
581 352 769 428 sensibilem,
782 352 950 434 passiones
963 349 1208 421 commovendo,

122 462 155 514 et
170 453 325 516 humores
341 457 487 536 eorporis
510 454 646 518 humani
671 455 880 537 disponendo
896 456 943 516 ita
959 463 996 516 ut
1011 453 1056 515 ad
1081 471 1207 534 peccan-

120 554 201 615 dum
218 556 416 620 inclinemur.
470 556 643 632 Attamen,
659 560 691 620 in
709 558 772 620 illis
788 557 943 619 omnibus
960 557 1103 631 casibus,
1118 555 1206 616 homo

122 666 229 720 servat
245 679 336 722 suam
353 659 549 734 libertatem,
565 669 598 722 et
622 670 741 741 potest,
757 681 831 722 cum
848 660 956 750 gratia
974 659 1048 733 Dei,
1063 657 1203 720 tentatio·

122 781 198 822 nem
215 783 390 844 superare:
414 764 565 827 “Fidelis
581 773 631 826 est
643 765 745 838 Deua,
760 763 816 843 qui
834 783 899 824 non
914 762 1062 843 patietur
1073 780 1131 822 vos
1147 768 1203 820 ten-

122 865 183 925 tari
199 885 298 948 supra
313 868 345 930 id
362 868 451 949 quod
469 868 616 948 potestis
634 869 690 929 sed
708 866 805 929 saciet
821 866 921 928 etiam
938 885 1014 927 cum
1033 862 1202 927 tentatione

122 978 318 1047 proventum
330 971 344 995 ”
356 983 375 1032 ¹.

164 1101 211 1165 94
259 1098 291 1169 3⁰
305 1091 461 1155 Remedio
475 1101 584 1154 contro
600 1089 788 1153 tentationes
800 1088 980 1150 diobolicas.

173 1191 328 1273 (A)Ante
341 1196 546 1258 tentationem
564 1219 575 1257 .·
598 1191 774 1273 “Vigilate
790 1200 823 1253 et
839 1200 940 1265 orate,
953 1198 989 1253 ut
1006 1210 1075 1251 non
1091 1185 1201 1250 intretis
1245 1208 1247 1229 ³

122 1295 154 1356 in
170 1299 389 1360 tentationem
400 1300 453 1362 ''²:
480 1299 530 1380 (a)
551 1297 754 1378 vigilandum
776 1305 836 1370 est,
851 1295 1014 1365 videlicet,
1030 1314 1129 1375 super
1144 1310 1202 1353 sen·

121 1417 177 1459 sus
193 1408 263 1461 tum
280 1401 436 1477 internos,
452 1412 523 1465 tum
547 1409 714 1474 externos,
730 1400 816 1479 quia,
832 1418 876 1460 ex
903 1395 1010 1472 dietis,
1027 1396 1092 1458 illis
1115 1395 1204 1458 utitur

121 1502 273 1565 diabolus
289 1507 330 1567 ad
349 1526 408 1568 nos
425 1506 618 1581 tentandos;
650 1501 700 1584 (b)
716 1503 879 1565 orandum
903 1510 962 1577 est,
979 1501 1058 1581 quia
1079 1496 1205 1581 propriis

121 1605 244 1667 viribus
267 1607 461 1671 infirmiores
485 1629 599 1671 sumus
615 1609 656 1669 ad
674 1606 873 1669 vincendum
889 1604 1071 1677 diabolum,
1088 1603 1206 1682 Deique

122 1704 309 1785 indigemus
324 1710 440 1788 gratia,
456 1729 530 1789 quae
547 1728 605 1789 per
620 1708 805 1768 orationem
822 1705 998 1773 obtinetur.

170 1809 231 1892 (B)
240 1811 282 1873 In
298 1813 369 1894 ipsa
383 1815 576 1876 tentatione:
603 1811 763 1874 debemus
774 1810 817 1872 ab
829 1809 924 1872 initio
936 1809 1098 1883 resistere,
1107 1816 1142 1869 et
1151 1823 1206 1867 non

121 1912 290 1994 disputare
306 1937 381 1978 cum
398 1916 553 1979 diabolo:
577 1936 671 1977 secus
682 1915 769 1976 enim
786 1911 895 1974 abillo
908 1912 1059 1992 sophista
1075 1911 1207 1972 vincere·

121 2036 202 2080 mur.
250 2018 285 2082 Si
299 2021 441 2082 tentatio
457 2029 583 2101 urgeat,
593 2020 634 2080 ad
651 2018 835 2081 orationem
848 2025 1042 2089 recurratur,
1052 2023 1094 2089 et,
1107 2013 1134 2075 si
1144 2032 1207 2095 pos·

121 2118 215 2181 sibile
230 2121 282 2196 sit,
297 2125 338 2185 ad
355 2123 560 2206 spiritualem
573 2119 742 2184 ditiorem.

165 2220 220 2300 (C)
236 2223 320 2286 Post
333 2227 538 2288 tentationem
559 2250 570 2288 :
604 2223 648 2284 nil
665 2221 812 2286 vidioriae
828 2221 1080 2300 nobismetipsis
1096 2217 1206 2281 tribua·

122 2343 204 2396 mus,
227 2328 284 2388 sed
303 2328 377 2390 Deo
396 2329 519 2408 gratias
543 2328 727 2400 reddamus
752 2325 844 2406 cujus
865 2344 927 2406 ope
952 2321 1094 2386 vidtores
1115 2319 1206 2383 evasi·

122 2447 195 2488 mus
213 2452 219 2491 :
243 2450 345 2507 secus,
362 2432 451 2494 brevi
469 2433 500 2493 in
518 2453 620 2494 novas
637 2431 838 2493 tentationes
855 2427 1075 2489 incideremus
1085 2438 1106 2489 ³.

214 2568 262 2625 11.
280 2569 334 2628 De
350 2570 571 2627 obsessione
587 2574 625 2626 et
640 2568 885 2639 possessione
901 2558 1126 2624 diabolicae

163 2697 210 2764 95.
268 2696 299 2744 10
313 2684 441 2746 Notio·
471 2684 530 2764 (A)
547 2683 706 2746 Obsessio
722 2691 773 2744 est
795 2679 883 2744 aerio
906 2681 1079 2757 daemonis,
1095 2682 1148 2762 qui
1169 2679 1201 2741 ab

121 2792 217 2846 extra
239 2786 340 2849 veluti
367 2787 498 2849 obsidet
521 2797 553 2849 et
578 2787 753 2867 impugnat
775 2783 918 2845 hominis
937 2804 1067 2864 corpuS,
1082 2782 1201 2846 diversis

123 2886 282 2950 molestiis
299 2889 378 2951 iilud
397 2889 579 2964 afficiendo,
596 2890 760 2971 simulque
776 2889 922 2950 animam
938 2889 1096 2969 gravibus
1111 2897 1201 2951 tenta·

122 2990 268 3051 tionibus
284 2994 450 3066 vexando
466 3002 502 3054 ut
519 2991 655 3055 refertur
670 3015 698 3054 v.
715 3013 745 3073 g.
762 2992 795 3053 in
811 2991 947 3053 historia
964 2991 996 3054 S.
1015 2974 1163 3055 Antonii.

165 3093 225 3174 (Β)
245 3096 412 3158 Possessio
428 3107 478 3157 est
497 3095 585 3159 aeno
601 3095 772 3169 daemonis
788 3094 843 3174 qui
866 3113 986 3174 corpus
1002 3092 1145 3156 hominis
1166 3095 1203 3154 in-

122 3204 197 3271 trat,
213 3197 245 3258 in
267 3197 323 3259 iiio
350 3198 489 3273 habitat,
505 3199 616 3280 ibique
644 3207 808 3279 operatur,
825 3196 977 3259 sensibus
1001 3207 1035 3259 et
1062 3194 1203 3260 membris

122 3301 256 3375 utend0,
279 3302 495 3383 insolitosque
519 3301 611 3365 attus
639 3303 861 3383 producendo
909 3301 1013 3382 Signa
1044 3302 1202 3364 diabolica

123 3405 348 3482 possessionis,
366 3403 465 3484 juxta
481 3405 616 3467 Ritnnle
633 3405 833 3478 Romanum,
849 3413 928 3467 sunt
942 3405 1086 3484 “ignota
1106 3405 1203 3486 lingua

123 3506 211 3588 loqui
228 3507 376 3589 pluribus
395 3509 502 3570 verbis
519 3508 569 3569 vel
588 3506 780 3586 loquentem
798 3506 992 3587 intelligere,
1005 3507 1162 3571 distantia
1179 3511 1203 3566 et

156 3672 197 3727 1Ι
206 3676 267 3729 Cor.
284 3677 319 3737 Χ,
335 3691 375 3743 13.
391 3706 425 3713 —
437 3675 540 3728 ”tran
555 3673 663 3737 XXVI,
676 3687 718 3741 41.

157 3764 245 3829 sQuae
265 3764 309 3816 hic
331 3765 452 3817 breviter
471 3762 636 3832 exponimus
654 3760 742 3813 fusius
761 3761 888 3830 exposita
908 3760 1036 3816 invenies
1057 3762 1085 3815 in
1108 3761 1202 3817 Conci.

121 3853 199 3904 Rom.
214 3852 229 3903 l.
244 3868 267 3904 c.
284 3870 309 3904 n.
323 3866 397 3917 olo:
418 3851 492 3919 apud
506 3850 634 3911 Sekrmn,
647 3864 691 3915 op.
708 3848 755 3900 cit.
768 3851 781 3907 §
793 3849 849 3902 CC.
866 3865 907 3918 sq.

155 3938 214 3991 «Cf.
231 3936 371 4007 Titianis,
389 3938 424 3990 de
439 3934 641 3997 Daemoniacis;
663 3937 697 3986 I).
715 3936 830 4002 Culmet,
842 3937 994 3991 Nouvelles
1004 3936 1118 3992 dissert.
1136 3939 1204 3991 Diss.

120 4043 167 4078 sur
179 4026 218 4078 les
232 4042 364 4093 possess..
375 4041 400 4077 a.
413 4039 439 4081 2:
460 4024 586 4084 Selorum,
599 4022 689 4074 instit.
701 4022 785 4075 theol.
799 4033 879 4090 myst.
890 4020 904 4092 ἓ
916 4024 1058 4093 CCVsq.;
1078 4025 1165 4091 Ribet,
1175 4027 1208 4078 La

122 4112 264 4179 Mysrique
277 4112 379 4167 divine.
393 4122 411 4162 r.
428 4111 481 4167 ΙΙΙ.
493 4127 516 4163 c.
529 4124 604 4175 9·1r:
624 4111 714 4173 Kena,
725 4109 896 4178 Cyelopedia
915 4111 947 4163 oi
957 4110 1078 4164 Biblical
1091 4111 1209 4180 Literat.‚

120 4200 205 4251 verbo
217 4200 232 4250 I
236 4201 396 4261 innutrita-n·
415 4195 527 4263 Transi,
544 4196 675 4250 Miracles
685 4196 716 4248 os
723 4196 757 4251 O.
772 4197 855 4260 Lord,
866 4198 1008 4267 Appieton
1023 4199 1092 4267 1890
1099 4217 1145 4270 pp.
1158 4202 1209 4267 161,

120 4290 180 4356 246.
196 4288 247 4352 33⁴)
259 4301 312 4340 etc.
