2684 4634
364 179 421 229 DE
438 180 691 230 ATTRIBUTIS
711 173 885 230 mvmrs.
1113 181 1170 232 115

63 360 357 442 S.Aagasaaas1
382 364 500 425 merito
523 365 591 425 ait:
629 364 721 425 “Est
751 384 830 444 ergo
855 365 947 425 Deus
970 384 1028 446 per
1051 362 1170 426 cuneta

62 463 235 529 diffusus..
253 466 285 526 in
302 465 373 527 solo
389 466 475 528 coelo
491 474 589 541 totuS,
606 477 639 530 et
656 468 687 528 in
705 466 776 529 sola
792 472 877 529 terra
895 476 1006 530 totus:
1029 476 1063 530 et
1080 467 1170 529 nullo

64 577 246 631 contentus
264 568 345 645 loc0,
361 569 419 633 sed
437 569 470 630 in
487 569 597 649 seipso
613 567 735 648 ubique
751 566 868 630 totus.''

107 756 158 819 39.
205 738 266 821 (B)
282 739 429 804 Raltoree.
476 740 577 814 Deus,
594 748 709 820 utpote
726 760 825 801 causa
838 740 952 821 prima,
966 741 997 801 in
1015 739 1168 802 omnibus

65 843 167 904 rebus
183 844 253 924 agit
269 844 311 906 ad
328 864 384 905 eas
409 843 648 925 producendas,
665 843 909 904 conservandas
933 852 966 905 et
990 844 1168 923 regendas;

65 945 161 1025 atqui
185 966 252 1008 non
275 956 386 1027 potest
409 966 506 1027 agere
530 945 585 1008 ubi
610 968 676 1008 non
699 956 749 1009 est
757 969 764 1024 ;
802 956 934 1027 oportet
957 948 1044 1008 enim
1069 966 1168 1007 omne

64 1067 171 1126 agens
194 1045 351 1129 conjungi
375 1048 405 1109 ei
429 1048 461 1109 in
486 1048 575 1129 quod
600 1049 791 1112 immediate
814 1052 892 1131 agit,
909 1061 942 1112 et
965 1050 1167 1117 suavirtute

65 1150 149 1212 illud
167 1153 375 1233 contingere3
396 1152 543 1232 jamvero
559 1154 662 1215 virtus
688 1153 751 1214 Dei
775 1153 817 1215 ab
841 1153 910 1232 ejus
934 1152 1076 1214 essentia
1100 1171 1166 1212 non

64 1255 288 1338 distinguitur,
299 1265 336 1318 ut
353 1256 528 1337 probatum
545 1266 595 1319 est
612 1257 667 1320 ubi
680 1258 722 1318 de
735 1256 961 1337 simplicitate;
985 1275 1063 1335 ergo
1074 1255 1166 1315 Deus

64 1369 115 1420 est
126 1359 160 1421 in
172 1359 327 1422 omnibus
338 1361 438 1422 etiam
450 1381 508 1440 per
517 1362 702 1423 essentiam.
751 1361 868 1440 Neque
878 1359 941 1421 hoc
953 1359 1166 1420 Pantheismo

64 1461 165 1536 favet,
182 1471 219 1524 ut
241 1463 373 1544 quidam
399 1462 630 1524 Rationalistae
654 1465 870 1535 contendunt,
886 1483 963 1524 nam
981 1461 1166 1524 substantia

63 1566 188 1641 divina,
215 1566 292 1628 licet
319 1566 441 1647 ubique
468 1587 621 1647 praesenS,
648 1577 698 1630 est
726 1568 768 1629 ab
795 1566 948 1628 omnibus
972 1565 1165 1627 substantiis

63 1668 184 1730 creatis
202 1669 331 1730 realiter
348 1667 513 1744 distincta,
524 1689 590 1730 nec
614 1669 745 1748 proprie
769 1669 800 1728 in
825 1668 871 1727 eis
895 1667 1091 1740 continetur,
1107 1665 1164 1727 sed

64 1772 178 1854 potius
195 1794 251 1835 eas
267 1775 423 1850 continet,
440 1783 476 1836 ut
493 1771 579 1836 redte
594 1773 640 1834 ait
659 1771 693 1834 S.
716 1770 878 1833 Tlroaear2.

97 1955 141 2007 40.
180 1938 209 2009 3⁰
221 1939 298 1996 Solo.
313 1939 375 2010 diff.
415 1939 564 2011 Objicitur
577 1939 699 2011 quidem
715 1939 813 1995 Deum
827 1955 891 1995 esse
904 1937 933 1992 in
947 1935 1024 1992 coelo
1037 1944 1161 2006 tantum,

64 2024 104 2082 ita
117 2035 150 2081 ut
164 2026 204 2083 de
217 2025 294 2083 coelo
313 2027 483 2097 descendat,
501 2025 623 2098 quando
642 2025 779 2082 homines
797 2025 913 2082 visitat:
937 2023 1115 2080 “Dominus
1134 2024 1163 2078 in

62 2113 142 2170 coelo
155 2113 242 2170 sedes
255 2114 340 2183 eius”
348 2135 355 2184 3
378 2115 397 2144 “
407 2115 562 2172 descendit
574 2123 674 2171 autem
686 2111 842 2180 Dominus,
852 2120 884 2167 ut
893 2111 1004 2168 videret
1015 2109 1163 2167 civitatem

63 2209 91 2256 et
104 2201 254 2256 turrim''³.
295 2201 352 2258 Sed
366 2202 471 2259 merito
485 2201 681 2273 respondetur
696 2199 793 2256 Deum
805 2217 868 2256 esse
878 2199 908 2255 in
919 2199 996 2256 coelo
1006 2217 1061 2254 aaa
1072 2198 1164 2253 excla-⁴

62 2285 128 2355 sive,
144 2287 200 2344 sed
212 2287 382 2357 excellenter,
397 2289 466 2358 quia
480 2288 520 2345 ibi
534 2287 676 2359 potentiae
688 2304 722 2342 ac
736 2286 948 2342 munificentiae
967 2303 1033 2342 suae·
1046 2284 1162 2342 divitias

63 2373 226 2445 perfeetius
236 2373 367 2445 exhibet,
384 2377 401 2402 “
413 2375 604 2432 Descendere
614 2373 729 2440 dicitur,
736 2372 776 2428 ait
786 2372 815 2428 S.
827 2372 1032 2443 Aregeerliaas⁴,
1041 2371 1163 2442 quando

62 2480 165 2518 curam
180 2462 320 2520 humanae
338 2462 499 2534 fragilitatis
518 2463 627 2520 babere
647 2460 804 2532 dignatur'’
812 2480 820 2532 3
839 2461 959 2531 insuper
977 2460 1163 2531 metaphorice

62 2550 189 2621 propius
201 2551 317 2608 accedit
329 2551 436 2608 animae
449 2551 557 2619 oranti,
567 2559 712 2621 quatenus
726 2549 789 2618 ejus
802 2566 905 2619 preces
924 2548 1061 2605 exaudire
1080 2566 1162 2619 para-

62 2646 109 2693 tus
129 2646 185 2706 est,
209 2639 290 2708 juxta
312 2637 402 2695 illud:
434 2639 557 2708 “prope
579 2646 622 2694 est
645 2636 791 2692 Dominus
814 2635 1020 2692 invocantibus
1042 2635 1160 2702 eum''⁵;

62 2723 156 2780 modo
171 2723 292 2794 speciali
308 2725 337 2781 in
351 2725 451 2782 anima
461 2726 531 2796 justi
546 2724 659 2782 habitat
672 2735 814 2796 tanquam
828 2724 941 2780 amicus
954 2733 982 2780 et
1001 2722 1157 2793 protetlor,

63 2821 94 2866 ut
108 2810 287 2881 probabitur
299 2812 328 2868 in
352 2813 401 2869 Tr.
417 2813 451 2868 ale
468 2813 533 2869 Deo
555 2813 655 2882 Trina,
669 2816 708 2882 (n.
728 2813 800 2884 165),
818 2812 871 2868 sed
890 2811 954 2869 haec
972 2810 1073 2868 omnia
1092 2828 1159 2866 cum

63 2896 196 2966 perfetta
210 2897 266 2954 Dei
281 2897 477 2956 immensitate
490 2918 550 2956 non
564 2910 705 2971 pugnant.

95 3072 136 3123 41.
178 3065 207 3122 4⁰
222 3052 392 3109 Corollaria.
435 3054 551 3111 Divinae
559 3054 720 3124 praesentiae
733 3053 930 3110 consideratio
943 3063 987 3110 est
1000 3053 1160 3111 maximum

64 3137 179 3194 virtutis
193 3137 384 3210 incentivum,
398 3141 480 3211 juxta
493 3141 584 3198 illud:
605 3143 621 3170 “
632 3141 759 3198 Ambula
773 3161 870 3199 coram
885 3160 940 3211 me,
953 3152 981 3198 et
991 3152 1055 3199 esto
1069 3144 1160 3212 perfe-

64 3224 175 3290 ttus''⁶;
194 3224 342 3296 siquidem
355 3227 395 3297 (a)
405 3227 546 3296 gaudiam
560 3228 660 3284 affert:
681 3228 747 3298 quis
766 3230 845 3286 enim
865 3230 895 3285 iu
913 3229 1001 3286 rebus
1019 3231 1160 3300 angustis,

64 3313 107 3369 vel
121 3313 248 3384 quando
260 3314 438 3372 tentationes
451 3326 618 3385 occurrunt,
632 3316 763 3372 laetitiam
777 3336 836 3374 non
851 3317 1008 3387 concipiet,
1023 3317 1045 3372 si
1066 3336 1160 3375 recor-

63 3400 151 3457 detur
164 3400 194 3456 in
208 3401 306 3458 animat
319 3401 380 3471 sua,
394 3402 423 3458 in
437 3403 527 3460 corde
540 3422 604 3469 suo,
619 3403 649 3459 in
663 3403 802 3460 omnibus
814 3404 922 3461 animae
934 3403 1043 3461 viribus
1056 3406 1160 3463 adesse

63 3488 165 3545 Deum
179 3489 277 3560 ipsum
290 3508 383 3546 unum
394 3500 422 3548 et
431 3491 550 3558 trinum,
561 3510 650 3562 quem
661 3491 859 3562 protedtorem
868 3501 896 3548 et
905 3491 1042 3548 solatium
1051 3492 1160 3550 habere

62 3576 174 3646 possit?
192 3576 233 3646 (b)
246 3575 396 3633 hilariora
410 3577 536 3634 excitat:
556 3578 613 3635 “Si
627 3579 705 3635 enim
722 3578 803 3635 Deus
817 3597 876 3634 non
897 3578 992 3634 solum
1012 3579 1087 3635 intra
1106 3598 1159 3637 nos

61 3673 112 3731 est,
130 3662 236 3720 intime
250 3681 304 3721 nos
317 3673 476 3736 penetrans
489 3675 517 3722 et
531 3675 707 3736 sustentans
720 3666 773 3723 sed
786 3665 874 3722 etiam
889 3665 1021 3735 undique
1035 3656 1159 3724 exterius

61 3751 228 3809 circumdat
241 3761 270 3808 et
282 3751 383 3823 ambit,
401 3753 468 3823 quis
481 3754 589 3824 poterit
603 3754 690 3811 nobis
705 3749 821 3819 nocere,
837 3754 891 3810 nisi
906 3753 969 3824 ipse
982 3753 1013 3810 id
1032 3755 1159 3825 peculia-

60 3837 130 3894 riter
142 3839 311 3910 permittat?
329 3838 421 3910 Quod
435 3840 458 3896 si
472 3841 645 3912 permiserit,
662 3851 741 3898 certe
755 3842 793 3898 de
806 3859 896 3896 marm
911 3840 1002 3911 ipsius
1016 3841 1160 3912 patienter

61 3936 90 3981 et
101 3924 229 3982 libenter
241 3924 386 3982 debemus
398 3925 542 3997 accipere,
556 3928 605 3998 qui
620 3928 688 3984 facit
702 3937 733 3984 ut
747 3927 935 3998 diligentibus
949 3928 1046 3998 ipsum
1060 3929 1159 3994 omnia

96 4111 171 4179 ¹Ep.
187 4110 224 4164 ad
239 4110 363 4164 Dardan.
379 4128 404 4164 n.
422 4126 504 4177 14—
517 4119 527 4142 ²
540 4114 569 4167 S.
591 4114 685 4168 Tleom.
700 4131 726 4184 q.
741 4115 766 4182 8,
783 4132 806 4168 a.
825 4132 847 4177 1,
864 4114 901 4166 ad
915 4128 938 4166 2.
950 4145 984 4151 -
996 4121 1006 4152 ³
1020 4116 1065 4169 Pr.
1083 4115 1117 4179 Χ,
1133 4128 1145 4182 5
1152 4134 1158 4178 ;

61 4199 131 4251 Gen.
149 4198 201 4264 XI,
216 4211 238 4266 5.
254 4227 287 4236 -
301 4199 310 4230 ⁴
322 4200 412 4253 Serm.
429 4212 464 4263 70
477 4197 512 4252 de
526 4207 658 4268 tempore,
679 4217 704 4253 n.
727 4199 752 4256 6.
769 4231 804 4239 -
822 4200 832 4236 ⁵
848 4200 896 4255 Ps.
918 4199 1055 4269 exunt,
1075 4199 1119 4253 rb.
1133 4230 1170 4238 —

59 4284 71 4315 ⁶
85 4286 148 4337 Gerr,
161 4285 255 4347 XVII,
270 4300 291 4334 ι.
