2684 4634
520 177 576 229 DE
595 176 781 228 HOMINE.

395 469 399 476 Ι
443 398 471 454 1.
500 397 621 455 Falsae
644 396 861 455 sententiae.

148 522 242 584 Inter
255 522 354 585 falsas
364 523 555 597 sententias,
568 516 644 586 aliae*
654 530 793 605 peccant
806 542 864 604 per
876 542 1041 598 excessum,
1053 542 1197 604 exagge-

100 625 204 689 rando
220 637 395 708 peccatum
412 626 581 710 originale,
597 626 670 689 aliae
685 646 743 707 per
758 627 921 706 deficiam.

141 781 210 848 186.
261 798 292 848 1⁰
307 788 376 849 Per
385 807 550 850 excessum.
595 787 654 868 (A)
669 786 835 867 Imprimis
847 786 994 850 lraretica
1006 797 1055 850 est
1068 796 1198 849 senten-

100 890 144 951 tia
160 887 319 952 Matuta
332 889 468 970 Illyrici,
485 890 621 953 Lutheri
645 889 807 970 discipuli,
823 891 879 971 qui
903 893 1017 954 docuit
1040 889 1199 972 originale

100 1001 275 1073 peccatum
293 1013 364 1055 esse
379 995 487 1075 ipsam
504 994 624 1056 animae
640 993 861 1055 substantiam
886 993 1106 1057 essentialiter
1128 1014 1198 1055 cor-

100 1104 244 1176 ruptam,
261 1116 332 1158 esse
347 1096 449 1160 veluti
466 1098 645 1179 imaginem
662 1096 786 1160 diaboli
803 1097 836 1158 in
860 1099 972 1160 animat
995 1099 1198 1179 impressam.

100 1193 195 1260 Talis
211 1201 377 1263 sententia
392 1202 529 1264 omnino
545 1201 722 1282 rejicienda
738 1210 798 1276 est,
814 1201 892 1282 quia
907 1201 958 1282 (a)
971 1202 1128 1282 supponit
1141 1201 1199 1262 ali-

99 1321 203 1381 quam
231 1301 452 1367 substantiam
479 1324 551 1366 esse
579 1304 721 1367 malam:
754 1303 843 1385 quod
872 1313 923 1368 est
953 1305 1089 1386 praecise
1111 1325 1199 1367 error

100 1403 385 1484 Manichaeorum3
416 1406 468 1489 (b)
493 1407 571 1469 facit
597 1408 706 1469 Deum
733 1400 902 1470 auttorem
926 1409 1075 1489 peccati:
1110 1408 1199 1471 solus

100 1508 190 1569 enirn
209 1508 303 1570 Deus
318 1519 429 1590 potest
446 1530 555 1573 creare
571 1512 717 1572 animam
734 1519 900 1572 nostram:
924 1512 950 1572 si
968 1511 1067 1592 igitur
1079 1512 1199 1573 animae

100 1620 225 1673 nostrae
242 1611 429 1676 substantia
445 1623 495 1676 est
511 1613 607 1689 mala,
619 1614 711 1677 Deus
727 1623 778 1677 est
794 1611 908 1676 audior
921 1614 1007 1677 mali.
1054 1613 1201 1676 Aliunde

101 1712 178 1776 talis
195 1713 323 1778 theoria
338 1715 437 1780 hodie
453 1737 472 1778 a
488 1717 653 1798 plerisque
671 1717 935 1779 Protestantibus
951 1716 1119 1796 rejicitur1.

144 1876 214 1955 187.
263 1873 329 1963 (B)
356 1879 552 1960 Rejicienda
574 1889 626 1943 est
650 1881 772 1961 pariter
800 1889 836 1943 ut
862 1881 1010 1944 haeretica
1036 1883 1201 1944 sententia

103 1977 370 2044 Lutuurauoruru
385 1992 419 2045 et
438 1982 705 2059 calvinistarum,
721 1983 777 2064 qui
801 1984 922 2046 docent
945 1982 1103 2063 originale
1126 2003 1201 2064 pec-

105 2092 212 2146 catum
231 2087 411 2149 consistere
427 2089 460 2150 in
476 2088 673 2151 hereditarii
688 2089 894 2169 corruptione,
912 2095 945 2150 et
961 2087 1143 2167 praesertim
1168 2087 1200 2148 in

104 2187 359 2268 concupiscentii,
376 2212 450 2272 quae
466 2191 590 2254 Adami
608 2191 739 2272 culpam
756 2191 932 2253 subsecuta
944 2198 1020 2250 est2.
1067 2188 1200 2251 Etenim

108 2289 151 2370 (a)
170 2290 346 2373 Scriptura
362 2294 478 2357 sedulo
494 2295 667 2375 distinguit
683 2295 768 2356 inter
792 2302 965 2376 peccatum
990 2301 1023 2354 et
1048 2293 1201 2373 concupi-

106 2394 277 2472 scentiam,
293 2405 326 2460 et
342 2397 440 2461 docet
455 2397 542 2477 hanc
559 2418 624 2459 non
642 2418 713 2460 esse
729 2406 909 2479 peccatum,
922 2396 984 2457 nisi
998 2397 1132 2476 quando
1145 2397 1201 2459 ob-

105 2497 242 2559 tinuerit
257 2519 456 2564 consensum
473 2501 674 2564 voluntatis:
698 2499 772 2562 talis
796 2510 846 2562 est
871 2499 957 2562 enirn
974 2519 1089 2561 sensus
1105 2498 1202 2579 hujus

104 2607 241 2665 textus:
264 2605 530 2688 “Unusquisque
545 2625 624 2667 vero
639 2612 787 2667 tentatur
809 2624 828 2665 a
852 2602 1119 2683 concupiscentia
1144 2607 1202 2664 sua

102 2703 291 2769 abstraaus
304 2717 338 2770 et
347 2707 486 2786 illectus;
509 2709 630 2772 deinde
642 2708 918 2789 concupiscentia,
930 2726 1031 2788 quum
1044 2726 1203 2788 concepe-

100 2810 142 2871 rit
160 2809 195 2889 (i.
213 2830 241 2872 e.
258 2814 393 2892 quando
417 2813 546 2876 accedit
570 2831 751 2875 consensus
775 2810 969 2891 voluntatis)
987 2811 1073 2891 parit
1090 2831 1203 2892 pecca-

100 2913 230 2975 tum'’³.
275 2915 431 2996 Jamvero
446 2917 473 2978 si
490 2916 758 2998 concupiscentia
769 2935 832 2978 non
845 2917 888 2978 sit
901 2924 1084 2997 peccatum,
1097 2934 1203 2976 essen-

100 3016 149 3084 tia
168 3023 298 3103 peccati
316 3022 485 3104 originalis
503 3023 534 3085 in
550 3027 589 3085 ea
606 3011 723 3104 reponi
737 3021 859 3102 nequit.
906 3019 1126 3100 Respondent
1138 3019 1205 3100 qui·
1316 3039 1319 3043 ¹

100 3125 183 3185 dem
203 3124 429 3188 Protestantes
445 3125 747 3206 concupiscentiam
769 3144 841 3186 esse
866 3132 1050 3204 peccatum,
1066 3123 1143 3204 quia
1159 3123 1205 3185 ita

137 3332 147 3364 1
164 3322 206 3375 Ci
223 3322 327 3392 Sciraffi
340 3324 446 3378 Creeds
460 3324 491 3378 of
501 3323 710 3390 Christendom,
723 3323 776 3377 vol.
792 3321 817 3387 Ι,
834 3321 848 3392 ξ
862 3336 903 3391 45,
920 3341 946 3391 p.
961 3323 1012 3378 268
1025 3341 1065 3393 sq.

136 3408 148 3438 2
162 3409 180 3436 “
191 3410 264 3463 Item
278 3410 380 3464 docent
393 3411 469 3481 quod
482 3421 546 3481 post
560 3411 669 3480 lapsum
683 3411 754 3463 Adae
768 3426 866 3463 omnes
880 3410 1041 3463 homines..
1058 3422 1208 3464 nascantur

101 3513 172 3550 cum
184 3505 313 3565 peccato,
325 3497 379 3551 hoc
391 3508 444 3562 est,
459 3498 520 3552 sine
533 3507 610 3551 metu
625 3496 689 3563 Dei,
703 3495 764 3550 sine
779 3496 881 3550 fiducia
894 3513 961 3563 erga
977 3498 1077 3564 Deum,
1096 3508 1123 3551 et
1143 3516 1206 3552 cum

102 3582 349 3652 concupiscenti&
368 3585 499 3656 quodque
511 3584 557 3639 hic
571 3586 684 3639 morbus
698 3601 747 3638 seu
760 3584 858 3638 vitium
872 3583 986 3652 originis
1006 3601 1069 3638 vere
1089 3585 1125 3638 sit
1144 3603 1207 3654 pec·

102 3680 212 3734 catum,
228 3669 366 3726 damnans
379 3681 407 3726 et
419 3672 540 3726 afferens
553 3688 627 3724 nunc
641 3687 753 3741 quoque
765 3681 901 3724 aeternam
912 3680 1031 3723 mortem
1040 3669 1084 3722 his
1095 3670 1140 3739 qui
1151 3688 1207 3723 non

103 3767 293 3813 renascuntur
305 3772 356 3827 per
369 3757 546 3829 Baptismum
566 3768 593 3812 et
614 3757 748 3828 Spiritum
769 3759 819 3811 S.’'
856 3757 1008 3826 (Confessio
1027 3757 1207 3825 Augustuuu,

103 3856 157 3898 art.
177 3845 217 3910 ΙΙ,
230 3844 306 3913 apud
320 3845 424 3914 Scitaffi
439 3862 483 3915 op.
501 3845 547 3899 cit.
564 3845 618 3898 vol.
635 3846 711 3913 ll,p.
724 3845 752 3909 8;
772 3844 804 3897 cf.
820 3861 865 3912 pp.
880 3857 923 3910 97,
938 3859 997 3911 213,
1007 3858 1069 3909 400,
1079 3857 1139 3910 440,
1148 3859 1207 3911 492,

107 3948 167 4002 530,
181 3930 243 3999 767,
259 3933 320 4000 808,
333 3932 403 4001 816).
443 3932 483 3987 cf.
497 3933 632 3999 Maricla,
648 3930 829 4000 Symbolism‚
846 3948 870 3999 p.
885 3933 906 3998 1,
918 3948 940 3984 c.
956 3948 980 3984 2.
1020 3931 1065 3983 Ab
1079 3931 1132 3984 hic
1147 3948 1208 3984 sen·

105 4020 195 4075 tentia
208 4036 266 4072 non
285 4019 353 4074 satis
371 4019 487 4074 recessit
505 4021 633 4087 Hermes,
648 4018 693 4088 qui
715 4019 804 4072 tenuit
824 4018 959 4086 originale
979 4028 1127 4086 peccatum
1146 4035 1209 4071 esse

105 4105 374 4175 concupiscentiam,
394 4123 458 4176 quae
475 4123 540 4160 non
564 4116 608 4160 est
633 4115 789 4176 peccatum,
813 4105 915 4170 aiebat,
938 4104 988 4157 sed
1011 4104 1210 4172 peccaminosa

105 4195 238 4266 qualitas.

139 4275 220 4350 ³Jac.
236 4281 258 4345 l,
273 4292 356 4348 14-15.
