2684 4634
124 188 188 237 268
579 183 718 234 CAPUT
736 183 761 230 1.

165 373 210 440 15.
258 363 346 425 Hinc
358 363 477 425 mirum
489 383 554 424 non
568 371 618 425 est
628 362 829 425 creationem
842 381 885 424 ex
897 361 1002 424 nihilo
1011 382 1088 424 esse
1099 362 1215 441 dogma

121 466 206 543 fidei,
219 467 289 547 jam
307 486 502 548 expressum
520 467 551 528 in
569 466 666 528 variis
684 464 872 546 Symbolis:
896 464 1034 527 “Credo
1052 465 1086 526 in
1104 463 1215 533 Deum,

119 580 290 633 creatorem
313 568 388 632 coeli
412 578 446 632 et
469 569 600 645 terrae'',
615 577 649 630 et
674 568 780 649 magis
803 567 962 649 explicite
986 565 1162 629 definitum
1185 566 1214 626 in

121 675 155 739 C.
173 675 327 738 Lateran.
344 674 367 736 I
374 674 405 738 V
416 682 450 734 et
476 672 628 735 Vaticano
640 696 652 736 .·
674 678 876 752 “utramque
891 671 929 734 de
945 671 1049 735 nilu'lo
1072 668 1216 733 condidit

120 790 302 842 creaturam
314 779 330 805 ”
346 778 466 860 (supra,
485 798 513 838 n.
535 777 573 858 1).

164 901 208 966 16.
255 917 290 966 2⁰
304 900 472 966 Mundum
490 924 552 965 non
568 903 608 965 ab
622 912 746 979 oeterno,
761 902 820 964 sed
831 902 867 964 in
882 911 1027 982 tempore,
1043 921 1100 963 seu
1108 900 1215 981 potius

118 1030 190 1072 cum
206 1009 456 1091 temporefuisse
471 1018 631 1071 creatum¹
648 1017 740 1089 patet
756 1028 800 1069 ex
819 1006 895 1069 Gen.
915 1007 939 1082 Ι,
959 1024 970 1067 1
988 1027 995 1068 :
1018 1011 1034 1037 “
1045 1004 1088 1067 In
1098 1004 1215 1085 princi-

24 1133 28 1141 ’
112 1113 169 1195 pio
184 1114 307 1177 creavit
324 1114 416 1176 Deus
432 1112 554 1174 coelum
571 1121 604 1175 et
621 1112 776 1190 terram'';
799 1130 876 1173 narn
886 1109 1090 1192 principium
1103 1108 1215 1171 intelli-

119 1217 151 1298 gi
169 1216 269 1279 debet
284 1218 325 1278 de
342 1216 503 1299 principio
521 1216 701 1297 temporis:

166 1315 229 1403 (A)
248 1319 340 1381 Talis
356 1328 406 1382 est
422 1319 510 1381 enim
527 1339 639 1381 sensus
653 1318 767 1381 obvius
782 1318 880 1399 hujus
897 1317 995 1393 vocis,
1012 1317 1070 1397 qui
1088 1316 1216 1378 aliunde

120 1423 255 1483 minime
272 1430 445 1503 repugnat,
461 1424 519 1485 sed
538 1422 649 1503 potius
665 1431 810 1484 contextu
826 1419 1052 1498 confirmatur;
1077 1440 1154 1482 nam
1178 1419 1216 1480 ah

119 1544 159 1586 eo
176 1525 336 1607 principio
353 1534 569 1587 numerantur
585 1525 706 1587 deinde
722 1525 793 1586 dies
806 1545 875 1599 sex,
888 1524 944 1604 qui
957 1525 1216 1605 quomodocum-

119 1646 184 1708 que
207 1627 472 1710 interpretentur,
495 1627 621 1708 aliquot
646 1627 805 1709 temporis
829 1626 1002 1690 intervalla
1024 1628 1216 1710 designant3

119 1751 226 1794 serrno
243 1732 344 1813 igitur
359 1740 410 1794 est
426 1732 468 1793 de
484 1731 579 1792 initio
592 1730 761 1812 temporis,
771 1750 828 1793 seu
841 1731 884 1793 de
896 1729 990 1794 initio
1002 1751 1143 1812 operum
1158 1731 1216 1792 Dei

119 1834 307 1911 visibilium,
324 1853 464 1915 quorum
483 1832 637 1896 formatio
655 1831 740 1894 inira
756 1826 959 1897 describitur.

163 1935 222 2017 (B)
245 1936 338 1998 Locis
353 1935 527 2017 parallelis
550 1936 673 2017 pariter
696 1936 946 2018 comprobatur3
968 1957 1047 2000 nam
1064 1936 1137 2000 haec
1162 1957 1216 1999 ex·

119 2039 245 2119 pressio
261 2039 321 2100 “in
331 2038 517 2119 principz'o'²
535 2059 578 2100 ex
598 2038 674 2101 Gen.
693 2039 783 2117 11,4
805 2037 953 2102 redditur
976 2060 1034 2122 per
1057 2044 1073 2072 “
1084 2039 1120 2102 in-
1135 2040 1217 2114 dz'e’'‚

119 2147 184 2223 qua
201 2152 291 2205 certe·
305 2143 499 2224 designatur
514 2151 655 2224 tempus.
703 2144 864 2205 Praeterea
880 2143 1081 2226 ubicumque
1096 2143 1218 2206 creatio

119 2254 408 2321 commemoratur,
433 2245 513 2307 talia
544 2246 644 2308 verba
675 2245 875 2310 adhibentur
905 2245 1025 2328 quibus
1056 2247 1217 2309 mundum

120 2348 250 2410 initium
267 2347 422 2410 habuisse
438 2357 529 2410 certo
545 2357 693 2426 constat;
716 2370 745 2412 v.
766 2369 795 2430 g.
809 2372 816 2412 ι
841 2349 1064 2431 “Priusquam
1089 2359 1218 2412 montes

19 2434 22 2440 ’
120 2449 235 2512 fierent
251 2457 309 2512 aut
325 2450 523 2512 formaretur
538 2459 625 2512 terra
640 2459 674 2512 et
690 2451 802 2513 orbis''
860 2451 1053 2514 “Dominus
1070 2454 1219 2533 possedit

119 2573 173 2614 me
197 2554 229 2614 in
254 2550 348 2614 initio
372 2553 498 2615 viarum
523 2573 666 2628 suarum,
683 2561 864 2633 antequam
889 2555 1073 2636 quidquam
1098 2555 1219 2618 faceret

119 2677 138 2718 a
155 2655 316 2738 principio
327 2656 342 2681 '²
401 2655 541 2736 “Elegit
558 2676 618 2717 nos
637 2657 669 2718 in
694 2657 767 2738 ipso
790 2666 865 2719 ante
887 2658 1005 2722 mundi
1023 2659 1220 2722 constitutio-

119 2761 243 2824 nem'’².

162 2863 219 2946 (C)
238 2862 379 2925 Accedit
391 2863 534 2925 Petrum
548 2863 739 2937 aullorilan
756 2864 870 2927 scribit
882 2864 970 2926 enim
986 2863 1020 2926 S.
1034 2864 1221 2930 Basiliam:

118 2967 315 3048 “Quoniam
340 2967 435 3029 multi
458 2967 682 3048 opinabantur
706 2968 867 3030 mundum
893 2967 967 3029 Deo
989 2987 1061 3028 esse
1085 2979 1221 3031 coaeter-

117 3092 220 3133 num...
238 3071 280 3133 ad
295 3072 432 3133 istorum
446 3070 618 3132 hominum
631 3059 773 3133 errorem
786 3071 970 3136 tollendum
983 3071 1138 3133 consulto
1149 3072 1220 3134 haec

118 3176 218 3239 verba
234 3176 333 3256 elegit
350 3185 383 3238 et
399 3175 507 3238 dixit:
530 3176 572 3238 ln
581 3176 787 3257 principia..’'
827 3177 899 3238 Nec
916 3175 1011 3239 aliter
1029 3174 1063 3237 S.
1080 3175 1219 3238 Ambro-

50 3307 55 3318 ·
117 3279 228 3340 sius4:
252 3283 268 3308 “
280 3280 318 3340 In
337 3280 477 3341 exordio
495 3280 619 3354 mundi,
636 3280 772 3360 quando
789 3279 858 3341 fieri
874 3279 1009 3361 coepit''.
1058 3279 1218 3342 Nonnulli

120 3384 233 3444 Patres
250 3381 487 3444 intellexerunt
504 3383 640 3462 quidem
658 3382 692 3443 in
701 3382 864 3463 principio
881 3382 1000 3448 eodem
1018 3383 1121 3445 modo
1138 3385 1218 3445 acsi

119 3493 204 3546 esset
232 3485 266 3545 in
299 3484 434 3559 Verl0⁵,·
459 3485 516 3548 sed
541 3485 598 3548 illa
621 3485 789 3567 expositio
811 3486 881 3570 jam
906 3486 1081 3568 antiquata
1104 3496 1164 3562 est,
1187 3497 1219 3551 et

153 3681 216 3735 ¹Cf.
231 3668 351 3748 Pdlrz'ai,
371 3681 407 3736 de
425 3680 568 3751 interpret.
592 3681 685 3736 Scriot
710 3692 728 3736 t.
747 3700 768 3750 2¹¹
788 3699 814 3753 q.
831 3682 853 3736 Ῑ.
866 3700 890 3737 a.
912 3698 936 3748 1;
952 3683 1105 3751 1Ραὶηιίινί,
1118 3685 1159 3739 th.
1178 3700 1219 3755 13;

117 3770 267 3835 Mursella,
281 3787 308 3821 n.
321 3770 355 3821 80
369 3786 425 3838 sq:
444 3770 538 3836 Perdi,
553 3788 580 3822 n.
600 3771 630 3837 58
645 3788 688 3839 sq.

152 3851 220 3910 2Ps.
238 3858 400 3920 LXXXIX,
418 3872 444 3921 ²3
463 3858 549 3910 Prov.
566 3859 651 3923 Vlll,
666 3873 710 3926 225
730 3858 833 3926 Ephes.
853 3859 875 3927 l,
891 3872 916 3924 4.

152 3943 204 3994 ³5.
221 3943 309 3995 Basil.
325 3943 352 3994 in
367 3944 570 4008 Hexaemeron,
594 3961 669 3996 nom.
695 3945 716 4011 l,
732 3944 773 4012 56.
813 3945 878 4015 Alia
890 3943 1052 4003 testimonia
1066 3945 1129 4015 lege
1143 3947 1218 4016 apud

117 4030 277 4095 Petavium,
291 4031 307 4083 l.
326 4031 348 4095 l,
362 4048 384 4082 c.
402 4031 423 4096 I,
437 4047 464 4082 n.
484 4046 513 4084 12
528 4048 570 4099 sq.

151 4117 325 4182 ⁴Hexaern.,
340 4118 357 4168 1.
376 4118 396 4183 l,
414 4134 436 4170 e.
452 4132 477 4181 4.

152 4200 161 4232 ⁵
176 4202 215 4254 Cf.
231 4205 260 4255 S.
282 4203 330 4254 Tlr.
348 4204 368 4268 l,
382 4221 407 4271 q.
422 4205 465 4267 46,
480 4221 505 4256 a.
523 4219 546 4270 3.
564 4235 597 4242 -
612 4204 667 4256 Hic
680 4221 736 4257 non
750 4205 937 4274 expendimus
950 4204 1143 4276 quaestionem
1157 4209 1216 4277 phi-

119 4286 291 4356 losophicam
304 4288 375 4395 inqer
388 4290 533 4358 theologos
546 4290 690 4358 agitatam,
705 4301 797 4345 utrum
810 4291 931 4346 mundus
943 4293 981 4346 ab
1000 4303 1108 4347 aeterno
1125 4295 1216 4349 creari
