2684 4634
195 152 251 201 DE
269 151 530 201 EXISTENTIA
550 151 690 202 TRIUM
710 149 1017 218 PERSONARUM.
1097 149 1157 200 193

47 330 224 396 ἃίἢεειῐιεε
248 333 318 414 jam
334 355 413 396 vero
427 335 536 415 gratia
551 354 618 395 non
644 343 754 414 potest
777 334 847 395 dari
871 333 933 395 nisi
958 333 989 394 in
1014 332 1157 406 nomine,

49 456 109 498 seu
125 437 258 512 virtute,
274 459 330 501 seu
347 435 545 515 audioritate
562 437 657 513 Dei1;
680 457 759 518 ergo
775 445 841 498 tres
857 456 1015 516 personae,
1028 436 1060 496 in
1078 456 1157 516 qua-

51 560 125 601 rum
156 542 291 603 nomine
317 542 416 605 datur
438 543 553 622 gratia,
577 549 654 603 sunt
681 540 810 602 realiter
836 541 937 616 Deus,
960 560 998 602 ac
1021 538 1158 620 proinde

51 644 154 706 unius
170 645 292 707 divinae
308 655 435 708 naturae
452 643 623 725 aequaliter
640 643 824 724 participes,

102 807 154 873 41.
203 792 257 853 Ex
273 792 499 873 Apostolorum
508 790 743 873 predicatione.
790 790 931 853 Constat
954 791 1041 851 enim
1066 789 1159 870 Apo-

54 894 171 969 stolos
183 896 296 957 statim
313 904 390 976 post
403 896 632 969 Pentecosten,
644 893 850 956 diuinitatem
866 893 991 956 Christi
1001 876 1167 973 praedicass

54 998 143 1060 visse
159 1019 200 1059 ex
206 1000 358 1079 professo,
374 1008 407 1061 et
422 999 630 1061 divinitatem
649 997 797 1076 Spiritus
814 997 932 1059 Santra·
951 994 1030 1056 dulci
1052 1006 1158 1076 oppor-

56 1102 207 1177 tunitate,
220 1122 257 1165 ae
269 1103 409 1184 proinde
421 1112 487 1165 tres
498 1122 655 1184 personas
667 1103 699 1162 in
711 1103 786 1163 Deo
796 1102 978 1182 agnovisse.
1026 1101 1079 1162 Ita
1090 1121 1119 1161 v.
1129 1120 1159 1180 g.

59 1205 91 1268 S.
108 1205 243 1281 Petrus,
259 1206 292 1267 in
308 1207 415 1288 primi
431 1206 677 1287 praedicatione,
693 1225 794 1285 quam
818 1207 859 1268 ad
883 1206 1019 1287 Judaeos
1034 1203 1159 1279 habuit,

57 1317 173 1390 aperte
190 1308 337 1370 declarat
353 1308 521 1372 Christum
539 1328 611 1370 esse
627 1308 719 1370 illum
737 1328 835 1387 quem
854 1308 963 1370 David
980 1307 1159 1369 Dominum

57 1409 87 1488 (i.
99 1429 126 1470 e.
141 1408 267 1489 Deum)
279 1417 407 1486 vocat2;
434 1410 467 1470 in
479 1407 624 1471 secunda
637 1409 874 1489 praedicatione
885 1407 1053 1471 Christum
1064 1415 1160 1469 vocat

57 1512 262 1574 “Auliorem
278 1512 409 1586 virdo
433 1511 511 1574 alibi
528 1533 604 1574 eum
620 1521 718 1574 vocat
734 1517 751 1543 “
761 1512 939 1573 Dominum
955 1510 1098 1572 omm'um
1109 1510 1160 1580 '’4,·

57 1635 159 1694 porro
168 1615 240 1676 haec
252 1615 362 1676 omnia
374 1614 434 1677 soli
449 1616 523 1677 Deo
536 1615 754 1691 conveniunt;
777 1635 863 1696 erge.
909 1614 945 1676 S.
955 1612 1085 1675 Paulus
1094 1632 1159 1672 non

58 1718 171 1779 minus
195 1717 317 1781 diserte
340 1718 550 1780 divinitatem
575 1717 696 1781 Christi
721 1717 828 1792 docet,
851 1718 892 1779 de
915 1737 955 1777 eo
978 1715 1160 1777 scribenss:

58 1819 155 1900 “Qui
172 1828 223 1881 est
235 1840 332 1901 super
344 1819 456 1882 omnia
470 1821 562 1881 Deus
575 1818 769 1906 benedielus
780 1819 812 1880 in
826 1818 969 1880 saecula''
977 1842 984 1898 ;
1011 1817 1161 1881 “Omnia

58 1940 118 2002 per
136 1923 255 2002 ipsum,
270 1931 304 1984 et
320 1923 352 1983 in
370 1922 444 2004 ipso
459 1932 569 1984 creata
585 1923 693 1998 sunt'',
709 1932 746 1985 ut
763 1922 865 1983 fusius
880 1919 1162 1983 demonstrabitur

58 2026 92 2086 in
116 2025 169 2086 Tr.
186 2024 224 2087 de
249 2024 347 2087 Verbo
361 2024 535 2089 Incarnato
551 2026 594 2108 (n.
612 2027 733 2107 63-65).
779 2026 927 2088 Aliunde
944 2025 1043 2086 iidem
1067 2024 1161 2105 Apo-

58 2127 139 2190 stoli
154 2127 362 2190 divinitatem
381 2127 527 2209 Spiritils
544 2130 579 2194 S.
596 2151 662 2192 non
679 2131 817 2193 obscure
840 2130 1110 2212 praedicaverunt,
1124 2138 1161 2191 ut

59 2251 104 2292 ex
130 2231 268 2293 articulo
291 2233 441 2312 sequenti
465 2233 600 2313 patebit.
648 2235 722 2296 Imo
747 2254 813 2295 non
837 2233 958 2295 desunt
981 2241 1104 2306 textus,
1128 2233 1160 2293 in

59 2333 183 2414 quibus
199 2343 264 2396 tres
281 2334 402 2396 divinae
418 2355 568 2416 personae
593 2337 690 2398 simul
715 2345 1011 2399 connumerantur:
1034 2336 1160 2416 “Justi-

60 2435 151 2498 ficati
167 2439 246 2499 estis
261 2438 294 2498 in
311 2437 438 2500 nentina
453 2438 591 2500 Domini
604 2439 707 2501 nostri
724 2439 759 2522 J
779 2439 909 2515 corileti,
926 2449 958 2501 et
975 2439 1007 2500 in
1031 2439 1160 2519 Spiritu

58 2541 131 2603 Dei
144 2542 272 2605 nostri...
318 2541 385 2623 Qui
402 2551 513 2603 autern
530 2541 704 2605 confirmat
721 2563 781 2604 nos
794 2543 964 2606 vobiscum
977 2543 1009 2604 in
1027 2543 1161 2618 contro,

60 2646 168 2726 etqui
186 2647 284 2708 unxit
298 2666 360 2708 nos
375 2645 475 2722 Deus,
490 2647 546 2726 qui
562 2655 596 2708 et
619 2646 763 2727 signavit
786 2666 846 2708 nos
870 2655 903 2707 et
925 2647 1017 2708 dedit
1041 2646 1161 2727 pignus

63 2747 213 2832 Spiritrls
228 2751 260 2812 in
274 2749 429 2812 cordibus
442 2751 564 2812 nostris
576 2751 592 2776 '’
599 2749 621 2812 ⁶.
669 2750 724 2812 Ex
741 2750 791 2812 his
808 2750 980 2812 omnibus7
996 2748 1162 2829 colligitur

97 2963 105 2985 ¹
121 2959 206 3013 Ratio
219 2976 268 3014 cur
281 2962 409 3015 Christus
424 2962 541 3015 voluerit
554 2961 608 3016 hie
621 2962 710 3015 format
723 2962 782 3015 dari
795 2961 965 3029 baptismum
979 2961 1028 3015 fuit
1048 2961 1101 3014 “ut
1114 2961 1161 3014 de·

60 3049 181 3103 clararet
200 3048 275 3101 unde
292 3049 351 3102 vim
369 3049 527 3118 baptismus
546 3050 671 3117 haberet,
689 3049 820 3102 nimirum
839 3066 872 3101 ex
892 3050 975 3102 Patre
993 3049 1040 3118 qui
1061 3048 1161 3102 Filium

59 3151 143 3188 suum
156 3133 242 3201 misit,
252 3145 282 3188 ut
295 3153 345 3204 pro
358 3135 520 3189 hominibus
533 3146 699 3201 moreretur3
719 3154 751 3189 ex
761 3135 841 3201 Filio,
850 3135 897 3204 qui
906 3135 1077 3205 baptismum
1086 3137 1161 3190 insti-

59 3218 122 3284 tuit,
132 3227 162 3272 et
176 3218 387 3286 quodammodo
401 3218 539 3287 sanguine
550 3219 683 3286 irrigavit,
697 3228 725 3272 et
743 3218 871 3285 fertilem,
885 3219 1006 3285 uberem,
1020 3219 1163 3272 efficacem

58 3302 165 3368 effecit3
184 3321 218 3358 ex
232 3304 335 3374 Spiritu
350 3306 391 3372 S.,
402 3305 458 3374 qui,
469 3306 541 3360 sicut
551 3323 624 3375 aqua
633 3305 805 3358 extrinsecus
816 3321 939 3372 corpora,
949 3305 987 3358 ita
998 3306 1057 3373 ipse
1066 3305 1162 3358 intrin-

60 3407 143 3445 secus
157 3391 268 3444 animos
281 3390 486 3445 sanstificando
499 3393 574 3445 lavat
582 3393 595 3419 '³
608 3390 779 3457 (Moldonat.
795 3390 822 3443 in
836 3391 862 3443 h.
876 3391 913 3456 l).
939 3454 940 3457 Ἴ
953 3392 1035 3458 Quod
1048 3391 1162 3460 quidem

60 3477 198 3547 implicite
210 3479 296 3533 tradit
310 3481 340 3534 S.
358 3480 470 3532 Paulus
484 3479 515 3545 (J
525 3480 586 3533 Cor.
607 3481 629 3546 Ι,
646 3479 744 3546 12-13),
759 3478 826 3531 dum
841 3478 1000 3531 Corinthios
1015 3480 1162 3547 reprehen-

59 3565 141 3632 dens,
155 3565 257 3620 asserit
271 3582 321 3619 eos
335 3583 392 3619 non
407 3566 435 3619 in
449 3566 563 3620 nomine
576 3566 694 3635 alicujus
708 3575 852 3628 creaturae,
868 3565 918 3616 sed
933 3564 959 3616 in
973 3566 1087 3619 nomine
1107 3566 1161 3619 Dei

59 3651 219 3720 baptizatos
231 3668 302 3706 esse.

94 3746 105 3768 ²
117 3740 181 3792 Au.
198 3741 237 3806 ΙΙ,
251 3754 337 3809 34.-
349 3744 359 3775 ³
372 3739 434 3795 Ao.
453 3741 509 3806 ΙΙΙ,
526 3740 704 3807 15.-⁴Aii.
720 3740 756 3804 X,
771 3739 810 3805 36,
824 3769 858 3776 -
870 3742 880 3776 ⁵
893 3739 971 3790 Rom.
990 3739 1040 3803 IX,
1054 3752 1081 3806 53
1102 3739 1158 3792 Col.

62 3829 83 3893 l,
102 3828 141 3880 16.
157 3825 246 3879 ›-⁶J
256 3828 317 3880 Cor.
332 3828 383 3892 Vl,
401 3842 444 3893 113
462 3828 500 3879 II
513 3824 577 3881 Cor.
597 3828 619 3892 l,
636 3840 726 3879 21-22.

95 3915 104 3946 ⁷
120 3914 312 3970 Celeberrimo
324 3924 400 3969 textu
416 3915 446 3966 S.
456 3915 583 3982 Joarmt's
596 3913 695 3981 (IJoa.
713 3914 747 3976 V,
764 3912 791 3980 7)
805 3912 848 3965 usi
862 3930 918 3965 non
932 3929 1035 3978 sumuS,
1049 3912 1162 3981 quiade

58 4003 120 4072 ejus
140 4001 317 4070 genuinitate
335 4001 395 4070 jam
414 4017 431 4054 a
449 4001 539 4054 tribus
559 4000 669 4054 saeculis
689 4000 954 4053 controvertebatur.
992 3999 1165 4051 Adversarii

53 4090 249 4160 genuinitatzh
261 4089 301 4142 sic
314 4097 453 4157 arguunt:
473 4098 565 4142 textus
580 4088 625 4140 ille
639 4088 720 4141 deest
733 4088 760 4139 in
775 4086 907 4139 omnibus
920 4086 1054 4138 codicibus
1062 4089 1164 4154 graecis

58 4177 107 4247 qui
121 4176 218 4246 aliqua
229 4174 396 4230 auttoritate
408 4175 544 4242 gaudent;
563 4191 630 4227 nam
652 4188 708 4243 193,
729 4174 830 4243 quibus
849 4173 884 4226 60
903 4170 1066 4226 letiionaria
1084 4189 1163 4226 acce·

58 4266 139 4332 dunt,
153 4281 188 4319 eo
201 4272 306 4331 carent,
319 4263 387 4318 durn
399 4278 415 4329 4
430 4272 538 4317 tantum
551 4262 630 4315 illum
644 4261 796 4328 continent,
810 4277 844 4314 ex
857 4259 958 4330 quibus
972 4260 1028 4314 duo
1038 4259 1163 4330 juniores

180 4383 305 4429 Sunorsrs
317 4382 349 4428 11.
361 4406 385 4415 -
403 4395 429 4439 ¹3
