2684 4634
117 163 183 213 274
453 213 457 221 ,
578 162 718 213 CAPUT
736 162 760 212 1.

117 369 191 430 quae
223 346 344 429 pariter
369 345 553 408 maximam
579 342 791 431 altitudinem·
820 343 1011 423 attigerunt.
1061 344 1099 406 ln
1131 341 1216 404 hisce

118 451 228 514 stratis
243 449 382 531 sepultae
403 450 546 510 inventae
570 455 648 509 sunt
667 446 869 525 vegetalium
886 455 919 509 et
935 446 1132 511 animalium
1149 445 1216 509 reli·

119 555 205 636 quiae
220 551 423 634 petrificatae,
438 571 520 631 quas
531 550 666 630 sossilia
685 558 828 612 vocant:
851 551 941 630 quod
963 550 1100 631 quidem
1121 550 1217 630 longa

119 661 271 740 tempora
300 657 466 739 supponit,
496 675 573 717 nam
605 654 719 716 multae
749 654 959 717 inveniuntur
988 655 1116 736 species
1147 675 1216 737 quae

120 761 262 842 amplius
286 781 352 822 non
381 760 540 834 existunt,
563 767 596 820 et
622 777 697 837 quae
721 758 767 819 ita
790 766 868 819 sunt
892 758 1063 839 dispositae
1092 767 1129 821 ut
1156 777 1217 820 una

120 866 212 928 alteri
240 864 447 941 successerit;
479 863 545 923 imo
570 863 707 942 inregrae
732 861 849 924 insulae
874 875 917 932 ex
945 862 1216 925 animalculorum

120 970 321 1033 coacervatis
345 967 489 1048 reliquiis
514 975 601 1028 natae
625 974 711 1041 sunt,
726 966 842 1047 quales
859 976 935 1029 sunt
952 967 1070 1039 insulae
1093 956 1217 1029 madre-

120 1076 241 1158 poricae
271 1084 304 1137 et
334 1073 504 1149 coralicae3
534 1079 623 1133 creta
653 1055 734 1150 ipsa,
757 1070 856 1151 cujus
878 1071 1029 1152 ingentes
1057 1071 1164 1133 moles
1189 1071 1217 1132 in

122 1189 216 1242 terrae
231 1177 409 1241 visceribus
426 1184 570 1251 exstant,
586 1172 667 1235 nihil
683 1173 771 1235 aliud
794 1183 844 1236 est
866 1175 927 1236 nisi
946 1174 1218 1237 animalculorum

121 1279 286 1342 acervatio
296 1290 316 1341 1.
362 1277 445 1358 Quis
476 1297 553 1339 vero
583 1278 697 1340 credat
726 1287 830 1340 strata
859 1279 915 1342 illa
941 1269 1121 1357 terrestria,
1148 1268 1218 1342 cum

122 1382 276 1444 omnibus
303 1379 468 1441 fossilibus
493 1379 536 1440 ibi
562 1380 713 1456 inventis
740 1378 815 1443 cum
840 1382 985 1463 reliquiis
1014 1372 1166 1448 escarum
1189 1383 1217 1443 in

122 1485 301 1549 stomachis
322 1482 515 1545 animalium
538 1485 683 1564 repertis,
700 1485 891 1548 immediate
917 1486 1083 1567 simulque
1106 1508 1126 1548 a
1150 1487 1219 1548 Deo

122 1599 233 1653 creata
254 1589 371 1651 fuisse?
418 1587 539 1649 Nonne
560 1597 638 1649 tunc
656 1588 748 1649 Deus
764 1599 856 1650 esset
866 1581 1046 1671 deceptor?
1094 1589 1166 1652 Nec
1181 1588 1220 1650 ad

124 1693 317 1756 miraculum
335 1690 512 1771 confugere
534 1690 611 1752 licet
624 1713 631 1767 ;
654 1712 741 1768 nam,
758 1701 793 1754 ut
808 1689 905 1754 redte
927 1693 974 1755 ait
996 1692 1031 1755 5.
1054 1693 1221 1768 Thomas²‚

123 1798 183 1859 “in
201 1796 307 1878 prima
323 1795 530 1858 institutione
546 1803 670 1856 naturae
686 1814 752 1856 non
769 1795 927 1876 quaeritur
943 1796 1151 1870 miraculum,
1166 1795 1221 1858 sed

124 1902 202 1983 quid
220 1909 338 1962 natura
361 1916 468 1961 rerum
492 1897 623 1974 habeat,
640 1907 676 1961 ut
693 1898 903 1979 Augustinus
917 1900 997 1962 dicit
1015 1896 1071 1984 (de
1089 1899 1168 1962 Gen.
1183 1897 1226 1960 ad

123 2005 169 2067 lit.
187 2003 205 2066 l.
224 2004 268 2078 II,
283 2023 309 2064 c.
330 1997 362 2085 1)
377 2002 401 2063 ''.
417 2039 458 2047 -
476 2000 622 2063 Aliunde
638 2001 799 2065 diluvium
816 2023 882 2064 non
899 2012 1010 2084 potest
1024 2003 1096 2066 haec
1112 2003 1224 2065 omnia

124 2109 292 2192 explicare
302 2129 309 2185 ;
333 2127 410 2168 nam
433 2107 556 2169 sossilia
573 2108 618 2169 ita
634 2103 797 2189 disposita
813 2108 1033 2181 inveniuntur,
1049 2115 1086 2169 ut
1100 2107 1224 2168 violen-

124 2201 193 2277 tam
210 2211 492 2294 perturbationem
509 2212 626 2274 saltem
643 2208 861 2275 universalem
878 2212 1069 2287 excludant,
1079 2212 1138 2273 sed
1156 2232 1225 2273 suc-

124 2318 285 2379 cessivum
301 2335 511 2397 progressum
529 2315 698 2395 postulent
713 2340 720 2396 ;
743 2313 912 2398 praeterea,
927 2316 953 2377 si
973 2315 1087 2386 omnia
1102 2314 1227 2377 sossilia

126 2430 203 2482 sunt
226 2419 492 2502 postadamitica,
515 2428 603 2498 certe
627 2420 711 2482 inter
737 2441 776 2481 ea
805 2415 942 2482 inveniri
965 2419 1126 2482 deberent
1152 2439 1228 2480 ossa

123 2525 287 2607 humana:
311 2543 408 2605 porro
432 2522 522 2584 nulla
544 2523 678 2585 inventa
700 2533 778 2585 sunt
801 2518 969 2586 instratis
992 2522 1147 2585 tertiariis
1171 2531 1228 2584 aut

123 2627 383 2711 'antiquioribus;
404 2628 539 2689 tandem
556 2628 641 2688 inter
656 2648 772 2689 omnes
788 2627 957 2709 geologos,
972 2628 1072 2689 etiam
1088 2626 1229 2688 catholi-

126 2733 194 2809 cos'
207 2731 362 2794 convenit
378 2731 484 2793 multo
500 2731 666 2812 longiores
682 2731 836 2811 periodos
853 2731 972 2813 requiri
988 2731 1030 2792 ad
1047 2739 1228 2793 stratorum

122 2836 389 2902 'efformationem
406 2856 506 2916 quam
524 2835 566 2897 ab
582 2834 646 2897 illis
663 2834 852 2898 audloribus
868 2835 1067 2898 conceditur.
1135 2872 1137 2876 ·

170 2986 219 3052 26.
267 2987 432 3049 Posterius
449 2996 560 3049 autem
585 2987 734 3071 pluribus
756 2988 864 3049 etiam.
880 2986 1009 3051 laborat
1024 2977 1230 3051 difficultati·

127 3093 208 3156 bus:
232 3093 281 3174 (a)
302 3113 382 3155 vers
401 3109 418 3154 2
439 3102 563 3155 statum
589 3103 684 3155 terrae
711 3093 867 3155 describit
890 3102 1069 3172 antequam
1094 3090 1230 3153 formari

129 3197 294 3276 inciperet,
312 3216 376 3257 non
394 3205 504 3258 autem
522 3205 647 3258 statum
664 3196 705 3258 ad
723 3216 820 3276 quem
838 3205 914 3276 post
930 3195 1052 3257 multas
1067 3194 1231 3255 vicissitu-

129 3302 222 3363 dines
238 3321 297 3382 per
312 3300 600 3380 supervenientem
617 3300 841 3363 turbationem
858 3297 993 3362 redadta
1008 3298 1124 3361 suerit:
1150 3297 1231 3360 nihil

129 3406 215 3467 enim
240 3405 271 3464 in
297 3412 392 3465 textu
410 3413 467 3465 aut
483 3412 643 3464 contextu
669 3403 769 3465 talem
791 3394 1074 3484 perturbationem
1094 3403 1229 3464 indicat.

132 3504 188 3592 (b)
208 3508 320 3571 Strata
336 3507 460 3586 telluris
477 3506 601 3567 nullam
618 3505 877 3569 destrudtionem
893 3506 1084 3586 hujusmodi
1100 3507 1230 3569 univer·

129 3613 231 3674 salem
248 3612 438 3685 ostendunt,
454 3630 514 3672 nec
530 3611 773 3691 separationem
799 3613 884 3673 inter
905 3609 1029 3673 sossilia
1045 3603 1230 3693 specierum

129 3715 370 3779 destrudtarum
387 3724 420 3776 et
435 3717 616 3796 specierum
634 3713 822 3780 actualium.
868 3716 914 3798 (c)
931 3716 1043 3779 Minus
1060 3716 1231 3798 probabile

1091 3866 1230 3873 *-

165 3957 172 3978 ¹
188 3941 259 3995 Vide
273 3941 364 3994 varios
380 3939 523 4008 Geologiae
536 3937 800 4008 autlores‚.quorum
815 3937 958 3992 dodlrinas
969 3939 1110 3994 contrahit
1119 3941 1231 4009 Corluy,

129 4045 173 4097 op.
190 4028 234 4081 cit.
250 4029 285 4081 de
302 4030 437 4093 Hexaem,
453 4029 474 4091 I,
489 4044 514 4095 p.
535 4028 601 4092 1873
621 4026 777 4095 praesertim
790 4028 828 4079 Α.
844 4027 877 4079 de
889 4027 1063 4096 Lapparent,
1080 4027 1178 4082 Traite
1197 4027 1232 4080 de

130 4116 272 4184 Geologie‚
288 4132 311 4168 2.
329 4133 354 4184 p.
372 4112 438 4168 setl.
457 4116 478 4179 l,
492 4132 515 4167 c.
533 4131 567 4178 23
584 4115 697 4182 Abre'ge
717 4116 752 4168 de
773 4115 916 4183 Geologie.
933 4115 949 4171 Ι.
967 4133 992 4181 2,
1005 4133 1031 4187 p.
1049 4129 1099 4184 159
1109 4135 1116 4180 ;
1139 4117 1232 4183 Danu,

131 4203 202 4255 Neu
215 4203 359 4255 text-book
372 4202 403 4254 of
414 4202 549 4270 Geology,
562 4214 593 4269 4ξι
607 4202 671 4255 edit.
686 4219 713 4270 p.
729 4217 771 4270 93.

161 4281 214 4340 ²8.
235 4288 283 4341 le.
301 4289 322 4355 1,
336 4306 362 4357 q.
379 4290 421 4353 67,
435 4288 538 4353 a.4ad
554 4303 587 4356 3;
607 4306 634 4358 q.
651 4290 692 4354 68,
708 4306 731 4341 a.
748 4289 813 4342 2ad
830 4305 850 4345 1.
