2684 4634
203 174 272 232 508
668 183 807 233 CAPUT
825 182 866 232 11.
903 185 906 189 ’

202 360 332 420 confusae
350 371 379 417 et
398 359 592 431 impermixtae
605 374 777 419 manserunt
795 379 865 418 cum
884 359 1214 432 suis-proprietatibus;
1235 360 1306 431 atqui

202 444 420 516 omnipotentia
438 444 611 516 simpliciter
630 456 674 503 est
693 447 857 518 proprietas
871 446 924 502 soli
940 456 1052 503 naturae
1065 445 1179 503 divinae
1200 463 1308 516 compe·

202 542 276 599 tens
295 550 387 602 quum
407 549 505 589 veram
526 532 704 590 infinitatem
726 534 887 605 importet;
908 534 1054 605 (potentia
1079 533 1163 589 enim
1187 533 1307 604 sequitur

203 629 343 688 naturam,
356 618 543 690 proindeque
556 618 671 676 infinita
684 619 817 690 potentia
831 619 977 676 infinitam
987 617 1137 690 'supponit
1157 619 1304 688 naturam);

202 721 271 775 ergo
285 714 395 761 naturae
408 703 667 763 humanaeChristi
682 705 902 762 communicata
915 724 975 761 non
990 705 1053 762 tuit.
1093 705 1140 776 (S.
1156 706 1210 761 Ile.
1225 723 1251 776 q.
1270 721 1299 775 13,

201 799 275 851 a.1l.

237 890 291 946 157.
332 891 361 934 2⁰
370 879 483 935 Anima
497 878 611 936 Cltrt'sti
620 880 724 935 habuit
729 880 854 952 propriu
868 881 974 936 uirtute
986 880 1251 937 excellentessimam
1260 889 1299 949 pn-

202 973 333 1044 testatem.
374 966 501 1034 Etenim,
521 977 643 1038 propter
661 967 804 1025 unionem
825 967 1051 1039 hypostaticam,
1071 967 1113 1024 ad
1133 978 1247 1024 tantam
1265 966 1300 1023 di·

201 1055 344 1126 gnitatem
358 1053 460 1112 evecta
473 1064 526 1119 est,
540 1065 573 1111 ut
586 1054 666 1125 ipsos
680 1056 812 1126 Angelos
826 1055 882 1112 sub
896 1056 953 1112 hoc
966 1054 1104 1126 respetiu
1124 1055 1212 1112 facile
1225 1071 1300 1125 supe·

202 1152 256 1207 ret;
275 1140 356 1212 atqui
370 1140 504 1211 potentia
517 1140 642 1210 alicujus
655 1141 732 1198 entis
745 1141 851 1198 merito
869 1143 933 1210 ejus
951 1141 1086 1212 dignitati
1103 1141 1299 1212 proportiona-

202 1238 248 1284 tur
256 1247 263 1297 3
282 1245 360 1297 erg0‚
373 1245 442 1283 cum
457 1226 487 1284 S.
505 1226 614 1283 Thema
626 1228 806 1284 concludere
820 1228 889 1285 licet
902 1229 930 1298 (3
943 1246 972 1300 p.
984 1246 1012 1299 q.
1028 1245 1067 1298 13,
1076 1245 1103 1283 a.
1119 1229 1146 1297 2)
1158 1227 1299 1285 Christum

203 1313 366 1385 potentiam
386 1312 525 1370 habuisse
544 1313 610 1369 “ad
631 1314 696 1369 illos
715 1314 838 1370 effeetus
858 1314 1018 1383 iaciendos,
1041 1313 1093 1384 qui
1113 1323 1185 1370 sunt
1203 1313 1300 1370 animae

202 1400 421 1466 convenientes
437 1410 508 1470 puta
521 1399 560 1456 ad
573 1398 801 1470 gubernandum
820 1417 928 1471 corpus
942 1411 971 1457 et
984 1401 1022 1457 ad
1035 1399 1244 1470 disponendos
1257 1399 1301 1455 hu·

203 1504 306 1543 manos
318 1485 410 1554 aetus,
423 1496 452 1542 et
471 1485 558 1542 etiam
578 1485 617 1542 ad
637 1485 866 1543 illuminandum
880 1504 933 1558 per
944 1486 1046 1557 gratiae
1058 1496 1087 1542 et
1101 1486 1235 1544 scientiae
1250 1486 1299 1556 ple-

202 1573 368 1630 nitudinem
382 1590 486 1629 omnes
499 1582 646 1629 creaturas
659 1572 816 1630 rationales
825 1573 849 1628 ''.

238 1661 291 1726 158:
331 1675 361 1730 3⁰
373 1659 482 1715 Anima
500 1659 620 1724 Christi,
642 1666 676 1714 ut
692 1659 914 1715 instrumentum
935 1660 1023 1728 Verbi,
1049 1660 1185 1715 “habnt't
1203 1661 1299 1716 instru-

202 1747 350 1803 mentalem
363 1747 497 1803 rn‘rtutem
511 1747 552 1802 ad
561 1764 654 1802 omnes
667 1745 879 1802 immutationes
893 1747 1080 1802 nu'rneulosas
1084 1746 1249 1816 faciendas,
1263 1765 1300 1804 or-

201 1834 345 1892 dinabiles
364 1833 402 1890 ad
422 1833 639 1890 Incarnationis
659 1833 761 1903 finem,
785 1833 836 1904 qui
859 1845 903 1891 est
926 1834 1088 1891 instaurare
1111 1834 1229 1903 omnia,
1248 1834 1302 1890 sive

201 1938 268 1993 quae
282 1921 310 1977 in
324 1920 416 1986 coelis,
430 1920 490 1976 sive
503 1936 570 1990 quae
583 1919 613 1975 in
627 1920 709 1976 terris
724 1931 792 1976 sunt
803 1921 818 1946 '²
831 1921 874 1989 (S.
892 1920 944 1976 tn.
959 1920 976 1976 l.
993 1921 1030 1988 c.)
1068 1920 1300 1977 Instrumentum

200 2009 279 2071 enim
302 2025 468 2078 congruum
490 2024 554 2064 esse
574 2006 664 2063 debet
687 2007 738 2062 fini
761 2016 882 2078 propter
904 2025 994 2078 quem
1020 2007 1202 2073 assumitur;
1226 2006 1301 2079 atqui

201 2097 276 2166 fluia,
295 2105 415 2167 propter
433 2111 523 2164 quem
543 2094 673 2149 humana
692 2104 797 2150 natura
814 2105 967 2166 assumpta
988 2094 1051 2162 fuit,
1068 2093 1143 2150 nihil
1163 2094 1246 2152 aliud
1264 2104 1302 2151 est

201 2183 255 2241 nisi
268 2181 384 2253 generis
397 2179 518 2236 humani
533 2178 720 2245 restaurati03
739 2195 809 2247 ergo
823 2175 950 2233 decebat
962 2175 1181 2235 humanitatem
1197 2180 1299 2239 Christi

201 2267 452 2328 instrumentalem
467 2265 575 2322 habere
589 2265 727 2321 virtutem
740 2262 778 2319 ad
793 2262 841 2318 illa
855 2261 995 2319 miracula
1009 2262 1145 2320 facienda
1159 2283 1229 2336 quae
1239 2267 1303 2323 huic

200 2353 377 2427 reparationi
401 2352 565 2408 necessaria
587 2361 677 2407 erant.
717 2350 832 2405 Revera
854 2348 941 2420 Jesus
962 2349 1054 2405 multa
1076 2351 1204 2420 patravit
1224 2353 1304 2409 mira·

200 2444 275 2512 cula,
292 2460 326 2498 ex
340 2439 427 2498 dietis
446 2439 495 2496 ubi
517 2440 555 2496 de
574 2440 637 2509 ejus
653 2437 815 2504 divinitate,
830 2446 859 2493 et
873 2435 994 2506 quidem
1009 2436 1163 2495 mediante
1177 2439 1304 2497 humana

201 2529 304 2586 naturai
316 2526 476 2596 assumpta,
489 2537 521 2582 ut
534 2543 570 2582 ex
583 2525 627 2580 his
641 2535 670 2581 et
683 2522 829 2579 similibus
843 2521 939 2578 verbis
952 2521 1119 2592 colligitur:
1133 2526 1256 2583 “virtus
1269 2527 1303 2583 de

200 2617 250 2673 illo
263 2615 360 2672 exibat
374 2623 403 2669 et
416 2611 539 2669 sanabat
553 2629 657 2668 omnes
669 2611 703 2677 ’';
725 2608 850 2679 “tetigit
864 2627 912 2665 me
924 2608 1032 2686 aliquis
1045 2631 1052 2675 ;
1071 2628 1139 2665 nam
1162 2629 1222 2684 ego
1238 2614 1302 2670 novi

200 2703 334 2760 virtutem
351 2701 389 2758 de
408 2718 453 2757 me
472 2699 576 2756 exiisse
587 2698 620 2734 ’²1
631 2718 639 2768 ;
658 2716 751 2767 quum
771 2714 841 2753 vero
861 2696 992 2752 humana
1010 2688 1115 2754 natura
1129 2698 1258 2773 incapax
1270 2702 1303 2758 sit

199 2789 371 2860 hujusmodi
394 2804 526 2858 operum,
550 2784 667 2841 nonnisi
694 2782 955 2840 instrumentaliter
972 2783 1166 2855 operabatur.
1213 2789 1303 2846 Addit

198 2888 297 2935 autem
318 2875 346 2931 S.
365 2873 479 2930 Doctor
493 2873 523 2940 (l.
539 2873 602 2940 cit.)
616 2871 830 2926 humanitatem
845 2869 955 2926 Christi
969 2887 1029 2927 non
1043 2869 1188 2929 habuisse
1202 2874 1303 2932 instru-

200 2962 358 3021 mentalem
379 2970 556 3032 potestatem
579 2967 726 3013 creaturas
748 2955 953 3012 annihilandi:
983 2956 1048 3013 talis
1071 2957 1152 3014 enim
1176 2972 1302 3031 potestas

199 3048 332 3107 creativae
346 3046 486 3118 potentiae
500 3044 720 3114 correspondet,
735 3054 763 3098 et
782 3044 858 3098 sicut
878 3042 957 3098 solus
978 3043 1060 3099 Deus
1080 3061 1183 3102 creare
1196 3057 1298 3118 potest,

199 3139 238 3195 ita
252 3136 331 3192 solus
344 3146 492 3191 creaturas
505 3133 535 3188 in
550 3131 672 3187 nihilum
687 3131 828 3201 redigere.

234 3223 460 3291 Nonnunquam
473 3229 604 3291 potestas
623 3217 763 3273 miracula
783 3217 917 3287 patrandi
940 3217 1205 3277 instrumentaliter
1217 3223 1298 3279 etiam

198 3309 308 3368 sanetis
320 3306 563 3374 communicatur,
580 3304 632 3360 sed
653 3305 681 3359 in
702 3303 820 3361 Christo
840 3303 888 3358 illa
907 3303 1040 3373 potentia
1054 3305 1151 3362 multo
1165 3319 1297 3378 praestan·

198 3397 253 3455 tior
272 3394 326 3461 suit
344 3393 413 3464 quia
426 3402 493 3449 erat
511 3393 554 3461 (a)
575 3389 808 3459 uniuersalium
827 3390 927 3446 omnia
946 3390 1056 3446 scilicet
1076 3392 1222 3451 miracula
1240 3413 1297 3452 sese

197 3484 366 3551 extendens
384 3499 451 3552 quae
464 3479 573 3535 finibus
587 3478 803 3534 Incarnationis
818 3478 954 3533 inservire
969 3488 1124 3549 poterant3
1140 3481 1183 3550 (b)
1194 3483 1294 3553 exped-

198 3570 316 3638 tissima,
334 3586 402 3623 nam
419 3568 483 3623 solo
502 3565 591 3634 tactu,
607 3563 698 3620 verbo
716 3564 760 3619 vel
781 3573 854 3618 nutu
871 3562 1012 3619 miracula
1029 3564 1188 3634 patrabat3
1208 3570 1244 3640 (c)
1260 3569 1293 3624 itt

190 3655 324 3730 propera,
341 3665 373 3710 ut
385 3653 449 3711 aliis
463 3653 600 3710 eamdem
614 3649 833 3706 communicare
847 3659 953 3719 posset.

231 3745 341 3802 Utrum
355 3760 423 3799 vero
437 3741 604 3797 humanitas
617 3738 727 3796 Christi
742 3738 893 3793 moraliter
900 3747 1015 3793 tantum
1028 3738 1074 3794 vel
1089 3741 1182 3798 etiam
1190 3742 1293 3814 physice

196 3830 233 3888 ad
248 3829 383 3886 facienda
396 3828 537 3890 miracula
550 3835 736 3882 concurreret
750 3824 917 3894 disputatur
936 3825 1012 3882 inter
1031 3825 1171 3884 Scotistas
1184 3841 1214 3887 et
1230 3829 1289 3886 Tn-

196 3917 319 3973 rm'stns:
344 3915 454 3986 priores
480 3923 582 3971 tenent
607 3913 670 3982 ejus
696 3911 911 3968 humanitatem
935 3912 1087 3968 ruraliter
1107 3916 1290 3974 solummodo

194 4021 376 4070 concurrere,
390 4013 536 4072 quatenus
549 4001 588 4057 ad
602 4000 721 4067 tactum,
736 3999 858 4055 verbum
873 4009 924 4055 aut
938 4001 1121 4057 voluntatem
1137 4005 1213 4075 eJ'nS,
1229 4002 1288 4062 divi·

194 4109 232 4147 na
245 4090 334 4146 virtus
349 4100 455 4160 praesto
475 4100 518 4144 est
537 4087 576 4144 ad
596 4106 670 4159 opus
690 4086 917 4158 producendum
932 4110 938 4154 ;
955 4088 1037 4157 juxta
1053 4092 1231 4162 posteriores,
1246 4091 1286 4147 hu·
1332 4098 1337 4228 Ι

227 4277 235 4306 ¹
249 4272 314 4322 Luc.
331 4272 380 4335 Vl,
395 4271 423 4332 8;
442 4272 527 4335 Vlll,
540 4271 582 4334 46.
