2684 4634
188 173 250 224 188
653 170 794 222 CAPUT
811 170 836 220 1.

188 354 278 428 dicit,
294 373 360 416 una
375 353 492 428 deitas
509 373 574 415 una
598 353 703 416 virtus
729 353 898 433 utriusque
923 370 1073 432 personae
1098 348 1292 411 manifesta-

188 456 288 518 tur'’1.
335 457 407 519 Nec
430 455 494 519 dici
520 465 631 538 potest
655 456 708 518 hic
732 455 843 517 Deum
868 453 992 534 alloqui
1016 451 1185 534 Angelos;
1213 471 1291 512 nam

189 557 279 621 nulla
294 578 403 640 neque
426 557 604 640 praecessit,
620 578 727 639 neque
750 557 899 638 sequitur
922 553 1130 636 Angelorum
1151 554 1290 616 *mentio

188 661 345 738 Aliunde,
360 673 397 725 ut
413 672 509 726 notat
523 662 732 743 Augustinus
739 674 761 738 ²,
773 661 874 724 homo
886 662 927 724 ad
942 659 1123 742 imaginem
1137 659 1213 735 Dei,
1225 679 1290 720 non

189 764 382 846 angelorum
399 763 506 828 satius
522 774 579 828 cst.

222 940 263 992 32.
302 925 342 997 (b)
362 924 398 982 In
420 925 496 982 libro
515 924 730 981 [νίιηιενθνιιηι8
749 922 896 981 invenitur
914 921 1040 979 formula
1059 921 1289 987 benedittionis

188 1027 279 1081 quam
292 1008 462 1067 sacerdotes
475 1022 563 1080 super
576 1008 721 1080 populum
735 1008 906 1078 recitabant,
923 1019 952 1067 et
966 1009 995 1065 in
1009 1026 1068 1080 qua
1086 1018 1131 1066 ter
1149 1009 1293 1080 repetitur

188 1114 299 1154 nomen
312 1097 447 1169 Jehovae3
466 1095 548 1168 atqui
562 1094 694 1153 Rabbini
713 1096 836 1166 quidam
856 1106 886 1154 et
906 1097 1006 1154 Patres
1026 1096 1056 1153 in
1077 1095 1292 1154 hoc'videruut

188 1183 317 1255 aliquam
339 1182 596 1241 adumbrationem
617 1181 745 1255 mysterii
761 1176 927 1253 Trinitatis,
943 1181 1104 1254 praesertIm
1124 1199 1220 1254 quum
1239 1181 1291 1239 tria

188 1268 278 1340 dona,
294 1288 360 1345 quae
375 1288 426 1341 per
439 1269 516 1326 hanc
529 1269 770 1328 benedictionem
784 1270 1002 1342 impertiuntur,
1017 1269 1130 1328 scilicet
1142 1269 1288 1334 custodia,

189 1355 391 1414 misericordia
404 1365 433 1414 et
446 1373 504 1427 pax
516 1355 630 1428 optime
647 1357 876 1428 approprientur
890 1357 984 1415 tribus
1003 1355 1111 1415 divinis
1131 1355 1286 1428 personist.

190 1443 306 1501 Eodem
321 1461 408 1501 sensu
424 1444 525 1501 Patres
538 1443 673 1500 nonnulli
687 1445 893 1504 intellexerunt
906 1445 1050 1503 visionem
1063 1445 1145 1517 apud
1158 1445 1290 1502 Isaiam⁵

188 1530 320 1597 relatam,
336 1530 365 1587 in
380 1531 439 1602 qua
452 1530 565 1588 scilicet
579 1530 662 1588 Deus
675 1531 750 1590 trina
762 1532 963 1605 appellatione
980 1533 998 1560 “
1007 1531 1143 1598 Sanctus,
1154 1531 1288 1599 Sanetus,

189 1617 316 1674 Sanetus
325 1617 341 1642 '²
361 1634 378 1673 a
399 1616 553 1689 Seraphim
574 1618 725 1686 salutatur,
740 1630 770 1677 et
789 1620 908 1679 auditur
926 1638 983 1678 vox
1002 1619 1125 1676 Domini
1145 1618 1287 1677 dicentis:

193 1707 300 1776 “quem
320 1706 444 1776 mittam,
460 1715 490 1762 et
510 1705 575 1776 quis
595 1705 649 1762 ibit
669 1707 788 1765 nobzsl''
800 1708 900 1767 ⁴Unde
921 1707 949 1765 S.
964 1707 1150 1764 Ambrosiusl
1170 1705 1288 1764 scribit:

191 1792 302 1864 “Quid
316 1792 372 1850 sibi
385 1792 446 1851 vult
459 1792 515 1849 sub
529 1810 589 1850 uno
602 1793 724 1852 nomine
736 1795 899 1852 sanctitatis
912 1796 988 1852 tuna
999 1794 1154 1867 repetitio?
1171 1794 1204 1852 Si
1217 1794 1289 1852 trina

189 1878 334 1951 repetitio,
358 1896 411 1936 cur
429 1896 488 1936 una
509 1877 657 1938 laudatio?
676 1881 705 1938 Si
721 1900 783 1938 una
801 1882 944 1949 laudatio,
965 1900 1017 1940 cur
1038 1882 1115 1939 trina
1137 1880 1290 1954 repetitio?

189 1967 281 2024 Trina
294 1967 438 2039 repetiti0,
452 1968 579 2034 cur,³nisi
593 1967 660 2040 quia
674 1969 768 2042 Pater,
781 1980 810 2027 et
821 1968 912 2026 Filius
922 1978 951 2027 et
961 1968 1087 2042 Spiritus
1097 1968 1125 2026 S.
1134 1967 1289 2026 sandiitate

190 2072 283 2111 unum
297 2057 382 2110 sunt?
402 2053 472 2110 Non
486 2053 559 2111 dixit
572 2057 672 2125 semel,
689 2072 726 2112 ne
746 2055 853 2112 Filium
873 2065 1070 2128 sequestraret
1077 2075 1085 2128 3
1105 2074 1166 2113 non
1184 2055 1238 2122 bis,
1253 2073 1288 2112 ne

191 2139 298 2197 Filium
312 2140 488 2212 praeteriret;
508 2159 568 2198 non
581 2151 693 2212 quater,
710 2159 747 2199 ne
760 2152 907 2200 creaturas
919 2143 1144 2216 conjungeret''.

224 2301 264 2354 33.
305 2284 343 2354 (c)
358 2282 471 2341 Iterum
485 2284 515 2340 in
528 2283 605 2342 libro
622 2284 796 2356 Sapientiae⁷
816 2281 967 2343 Salomoni
988 2285 1127 2344 tribuitur
1145 2286 1211 2344 haec
1229 2304 1288 2343 ora·

190 2372 249 2429 tio:
270 2372 379 2429 “Deus
393 2385 509 2443 patrum
523 2389 667 2439 meorum,
680 2371 732 2444 qui
742 2371 834 2430 fecisti
845 2373 946 2431 omnia
964 2373 1050 2431 Verbo
1057 2383 1118 2444 tu0,
1131 2382 1162 2431 et
1172 2373 1289 2445 Saltim-

190 2460 233 2516 tiu
246 2458 298 2516 tua
310 2458 488 2516 constituisti
502 2459 688 2530 hominem'';
706 2460 788 2530 atqui
802 2460 985 2518 conferendo
998 2460 1047 2518 illa
1059 2459 1149 2518 verba
1167 2478 1238 2518 curn
1256 2460 1288 2516 iis

190 2565 257 2618 quae
270 2547 299 2602 in
311 2545 399 2604 Novo
412 2546 493 2603 Test.
510 2546 699 2604 inveniuntur
710 2545 787 2605 circa
800 2546 934 2605 Verbum
947 2546 1091 2613 divinum,
1106 2548 1177 2605 satis
1189 2556 1290 2618 aperte

189 2633 361 2706 agnoscitur
373 2633 403 2691 in
417 2634 539 2706 praeiato
558 2643 639 2692 textu
659 2632 790 2692 secunda
811 2652 937 2705 persona
956 2635 1006 2692 SS.
1021 2626 1188 2706 Trinitatis3
1207 2635 1290 2693 tertia

190 2735 290 2784 autem
304 2725 394 2797 paulo
408 2724 528 2782 inferius
548 2725 605 2795 (17)
625 2724 815 2795 designatur:
838 2723 996 2780 “Sensum
1017 2733 1100 2780 tuum
1120 2723 1188 2795 quis
1206 2724 1286 2792 sciet,

191 2813 245 2870 nisi
260 2824 290 2870 tu
305 2812 422 2871 dederis
442 2812 617 2884 sapientiam
640 2821 669 2868 et
689 2811 804 2868 miseris·
823 2810 968 2888 Spiritum
988 2810 1128 2867 Sanflum
1147 2820 1233 2868 tuum
1253 2812 1290 2869 de

189 2898 338 2956 altissimis
347 2899 379 2955 ²⁷?
398 2899 464 2956 Nec
483 2908 583 2956 tamen
604 2917 639 2956 ex
658 2899 716 2954 hoc
736 2908 817 2955 certo
837 2897 985 2969 colligitur
998 2897 1083 2955 realis
1096 2916 1290 2969 personarum

190 2985 350 3053 distinetio,
379 3002 472 3054 quum
497 2983 597 3040 stridte
621 2984 774 3056 quuendo
799 2986 838 3044 de
862 2985 969 3045 dlvinis
993 2985 1142 3044 attributis
1158 2975 1289 3058 'intelligi

190 3072 290 3129 valeat.

224 3235 263 3286 34.
304 3216 343 3286 (d)
357 3215 448 3272 Aliud
461 3225 669 3285 argumentum
683 3216 847 3273 desumitur
859 3234 895 3273 ex
908 3215 1087 3287 theophaniis
1099 3215 1130 3272 in
1140 3215 1290 3289 Scriptura

190 3304 295 3362 relatis.
336 3302 384 3359 Sic
397 3302 532 3374 Jehovah
546 3300 654 3358 dicitur
666 3299 838 3371 apparuisse
851 3299 981 3356 Abrahae
993 3299 1023 3356 in
1037 3299 1111 3357 valle
1126 3299 1289 3359 Mambrefl:

194 3392 356 3464 “apparuit
373 3390 400 3447 ei
419 3388 601 3456 Dominus'',
621 3387 781 3458 statimque
800 3387 939 3445 additur:
970 3388 1129 3459 “cumque
1147 3388 1291 3491 elevasset

226 3587 233 3608 ¹
254 3585 420 3647 Faustinus,
441 3582 477 3635 de
499 3580 608 3646 Trinit,
631 3593 683 3649 5-7.
703 3610 737 3617 -
757 3579 822 3633 Alia
844 3582 959 3634 Patrum
978 3578 1140 3634 testimonia
1158 3581 1223 3637 vide
1243 3599 1286 3650 ap.

191 3674 298 3735 Petav,
310 3670 356 3722 lib.
373 3670 412 3732 II,
425 3686 449 3721 c.
466 3680 490 3736 7,
506 3685 532 3719 n.
547 3681 601 3734 4-9.

226 3765 234 3787 ²
249 3761 293 3811 De
304 3756 386 3810 Civit.
401 3754 464 3821 Dei,
477 3756 525 3808 lib.
541 3755 619 3820 XVI,
633 3771 656 3806 c.
670 3755 695 3818 6,
709 3770 734 3804 n.
752 3771 772 3805 1.

225 3849 334 3899 iqum.
350 3847 399 3911 VI,
414 3845 502 3912 23·26.

226 3933 235 3962 ⁴
249 3935 290 3987 Cl.
307 3933 413 3999 Draclz,
427 3930 583 3984 Harmonia
597 3930 632 3983 de
645 3929 759 3996 I'Eglise
773 3939 800 3981 et
814 3929 889 3981 dela
903 3930 1079 3996 Synagogue,
1091 3929 1145 3981 vol.
1162 3930 1217 3998 l,p.
1229 3943 1289 3995 371-

191 4036 253 4089 379,
273 4021 300 4072 in
314 4021 368 4071 hoc
382 4035 465 4087 opere
478 4019 566 4070 multa
579 4016 703 4069 invenire
716 4026 758 4069 est
772 4016 807 4069 de
821 4015 875 4069 fide
885 4014 1062 4083 antiquorum
1071 4015 1253 4070 rabbinorum
1263 4016 1290 4070 in

191 4108 370 4169 Trinitatem,
391 4123 445 4157 non
459 4105 552 4156 omnia
565 4114 658 4156 tamen
674 4103 775 4171 aequali
788 4101 955 4155 audioritate
968 4101 1102 4170 gaudent.

226 4195 303 4247 ⁵Isa.
318 4195 366 4257 VI,
384 4207 434 4258 1-9.
449 4223 481 4228 -
495 4189 505 4221 l
520 4193 564 4243 De
584 4191 646 4256 tide,
667 4190 712 4243 lib.
736 4191 773 4256 II,
793 4207 816 4242 c.
841 4206 881 4255 12,
895 4207 920 4242 n.
941 4203 998 4254 107.
1010 4218 1047 4236 ··-
1060 4186 1071 4218 ⁷
1083 4191 1152 4258 Sap.
1171 4191 1221 4258 IX,
1238 4206 1288 4244 1·2.

90 4344 94 4350 ι
192 4281 327 4334 --⁸Gen.
346 4281 458 4343 XVIII,
475 4298 483 4330 1
501 4295 541 4348 sq.
