2684 4634
118 172 182 225 238
565 170 705 222 CAPUT
722 168 764 218 11.

116 350 236 415 bnr...'’1
282 353 300 385 “
311 350 348 413 In
363 349 526 431 principio
539 360 609 412 erat
621 347 845 425 Verbum...''2';
872 366 947 427 quae
959 343 1096 427 quidem
1106 345 1202 406 omnia

116 474 135 516 a
159 454 323 536 plerisque
350 453 500 515 Patribus
523 452 565 515 de
588 454 713 515 aeternt
736 450 838 514 Verbi
862 448 1079 531 generatione
1100 446 1202 510 intelli·

116 567 247 639 guntur,
263 577 307 620 cx
324 577 424 638 supra
439 555 545 620 ditiis.
660 611 663 615 .
894 610 897 617 .

160 660 217 741 (C)
234 660 374 742 Insuper
386 656 478 721 aetus
489 679 556 739 quo
569 658 661 722 Deus
673 657 860 722 efformavit
870 654 1054 719 humanam
1067 664 1204 718 naturam

117 764 238 827 (Thristi
256 764 288 825 in
305 764 379 825 sinu
404 763 439 825 B.
457 762 574 824 Mariae
598 762 747 843 Virginis
774 781 840 823 non
864 770 915 823 est
936 781 1014 824 vera
1038 760 1205 842 generatio,

116 868 194 949 quia
209 866 399 929 humanitas
416 866 538 929 Christi
556 886 622 928 non
639 874 689 927 est
705 865 855 946 ejusdem
872 872 1001 927 naturae
1013 885 1055 926 ac
1069 864 1167 937 Deus,
1177 881 1205 923 ac

117 968 255 1051 proinde
270 968 383 1032 deficit
399 969 517 1031 ultima
541 969 689 1031 conditio
712 970 753 1031 ad
777 969 1028 1050 generationem
1053 967 1206 1049 requisita,

117 1074 240 1136 scilicet
257 1070 440 1136 similitudo
456 1081 595 1152 naturae;
622 1092 701 1153 ergo
717 1071 864 1135 Verbum
878 1091 942 1134 non
955 1067 1083 1134 fattum
1095 1079 1145 1132 est
1153 1067 1205 1130 Dei

117 1174 201 1239 filius
218 1176 249 1236 in
268 1175 340 1257 ipso
358 1174 601 1237 incarnationis
619 1175 766 1250 instanti,
781 1174 839 1237 sed
857 1174 932 1236 talis
952 1172 1024 1254 jam
1049 1182 1122 1235 erat
1142 1180 1206 1233 ante

116 1278 244 1340 saecula.

161 1416 225 1481 128
275 1412 391 1494 Neque
407 1413 471 1475 dici
487 1412 576 1475 valet
593 1414 734 1489 Patrem,
745 1422 862 1494 utpote
875 1413 949 1475 Filii
959 1412 1206 1494 principiumeo

117 1538 188 1581 csse
204 1516 359 1599 priorem3
383 1535 471 1593 nam,
488 1526 524 1578 ut
540 1517 586 1578 ait
605 1516 641 1579 S.
662 1515 692 1578 T
689 1517 829 1592 lumass,
852 1516 979 1578 “Pater
1001 1515 1096 1577 nulio
1119 1514 1206 1577 modo

117 1629 166 1683 est
183 1620 271 1701 prior
285 1619 368 1681 Filio
379 1619 664 1700 immoderatione,
675 1639 782 1700 neque
792 1616 923 1695 naturri,
933 1619 1206 1700 nequeintcllecir,

117 1738 225 1801 neque
239 1718 406 1799 degnitute.
455 1719 493 1782 In
513 1723 610 1784 Patre
625 1722 714 1783 enim
731 1732 764 1784 et
781 1721 867 1784 Filio
883 1742 949 1784 non
965 1743 1146 1803 possumus
1157 1721 1206 1783 nisi

116 1824 184 1887 rluu
199 1822 427 1885 considerare:
451 1824 502 1886 vel
520 1824 553 1887 id
569 1826 659 1906 quod
676 1824 867 1887 absolutum
883 1835 943 1897 est,
958 1836 993 1886 et
1007 1825 1074 1887 hoc
1089 1827 1207 1906 utrique

117 1946 295 1991 commune
310 1935 379 1988 est:
403 1927 492 1988 unde
506 1947 550 1989 ex
566 1927 629 1990 hoc
646 1947 730 1990 unus
747 1947 812 1991 non
829 1928 932 1990 habet
946 1930 1153 2009 prioritatem
1174 1926 1206 1988 ad

117 2028 230 2095 ulium.
241 2046 316 2089 eum
332 2028 476 2089 essentia
488 2028 601 2090 divina
614 2047 680 2089 non
693 2028 736 2089 sit
745 2025 946 2090 divisibilis..
957 2028 1009 2089 sel
1020 2028 1055 2090 id
1069 2029 1157 2108 quod
1168 2026 1207 2087 esi

117 2134 159 2194 uri
176 2130 300 2211 aliquid
317 2130 351 2209 ti·
361 2150 387 2191 e.
399 2130 599 2211 relativum:
623 2130 835 2193 relativorum
847 2141 959 2194 autem
972 2142 1025 2193 εἴ
1037 2131 1137 2193 simui
1149 2148 1207 2192 mre

119 2236 236 2298 uuturi
251 2243 284 2296 et
300 2234 401 2295 etiam
418 2244 576 2315 tempore,
587 2234 665 2314 quia
677 2233 785 2315 posita
798 2253 833 2295 se
849 2246 989 2315 ponunt,
1000 2246 1036 2297 et
1047 2246 1209 2315 perempta

117 2360 153 2401 se
168 2336 361 2417 perimunt...
378 2336 540 2417 Quamuis
555 2337 645 2398 enim
662 2337 694 2397 in
710 2335 902 2399 hominibus
917 2338 971 2399 ille
987 2338 1045 2417 qui
1061 2349 1114 2400 est
1128 2346 1209 2417 pater

118 2442 158 2503 sit
176 2440 265 2521 prior
279 2458 320 2501 eo
335 2440 391 2518 qui
408 2450 458 2501 est
475 2438 570 2513 filius,
586 2449 622 2501 ut
647 2439 801 2503 Socrates
826 2440 981 2507 Platone:
1004 2440 1209 2501 nihiiominus

120 2544 181 2605 istu
204 2544 272 2603 duo
295 2542 440 2607 relativa.
456 2542 489 2604 in
513 2554 677 2625 quantum
702 2542 840 2604 relativa
863 2558 950 2617 sunt.
965 2556 1064 2624 pater
1086 2558 1120 2604 et
1135 2542 1209 2603 filius
1244 2590 1247 2607 .

117 2648 221 2709 simul
232 2646 339 2710 sunt''.
387 2646 534 2710 Aliunde
552 2649 653 2721 Deus,
666 2668 741 2709 cum
758 2649 801 2709 sit
812 2644 907 2709 aetus
918 2666 1031 2728 purus
1043 2646 1087 2707 ab
1097 2660 1210 2707 aeterno
1245 2626 1247 2649 ³

117 2756 184 2835 agit
201 2756 248 2815 «ω’
260 2754 360 2823 iustu,
370 2764 404 2815 et
420 2772 523 2834 quum
540 2751 613 2831 ejus
628 2749 716 2812 aetio
732 2770 798 2812 non
815 2751 859 2812 sit
870 2750 1069 2813 successiva.
1078 2750 1138 2809 sed
1149 2758 1210 2810 tota

118 2858 226 2929 simui,
244 2858 346 2921 Filius
362 2858 405 2919 ab
420 2870 546 2919 aetenro
561 2867 745 2935 generatur.
792 2854 1053 2935 comparatione
1075 2852 1209 2913 declara·
1245 2854 1247 2859 '

119 2974 191 3027 tur:
214 2964 240 3023 si
256 2964 305 3023 soi
322 2978 464 3023 ,eternus
480 2972 577 3025 esset.
587 2972 618 3020 et
634 2959 676 3021 ab
689 2957 903 3021 aetern0.sine
913 2956 1076 3037 temporis
1089 2956 1210 3035 dispen-

118 3068 185 3133 dio.
215 3067 342 3127 radium
374 3066 551 3127 emitteret.
573 3064 626 3123 hic
652 3080 785 3142 quoque
810 3078 878 3120 non
905 3060 1015 3119 minus
1044 3076 1146 3139 quam
1169 3052 1209 3115 sol

119 3184 262 3233 «eternus
278 3184 374 3229 esset.

277 3316 311 3365 Β
327 3304 402 3365 Xon·
416 3320 465 3365 rs:
478 3304 545 3364 ,25:11
560 3302 724 3363 nitrive-322·
741 3302 828 3361 r'utcr
841 3300 977 3360 Putrem
992 3310 1024 3359 εἰ
1038 3298 1161 3359 filiun.
1183 3318 1207 3355 u

153 3414 173 3441 '¹
187 3410 202 3469 ε’
215 3422 247 3469 ·.“.
263 3410 284 3449 't
298 3408 452 3487 argiriu-
476 3409 599 3469 etenitn
614 3406 716 3465 Filius
729 3403 878 3483 procedit
889 3402 1026 3482 quidem
1038 3421 1057 3461 a
1070 3402 1212 3463 Patren

118 3514 277 3577 diximus.
292 3530 330 3571 ne
347 3512 487 3589 preinde
503 3512 546 3572 ab
562 3512 635 3590 ipso
651 3508 812 3586 orig-inem
823 3506 924 3569 ducit.
934 3506 992 3565 sed
1002 3504 1105 3565 sirnu'¹
1116 3518 1212 3565 totam

119 3626 273 3675 naturam
289 3612 446 3673 diuinas:
463 3628 494 3672 e:
513 3614 643 3691 quidem
661 3611 835 3673 infinitam.
846 3630 864 3670 a
876 3614 948 3670 :ort
965 3610 1155 3669 aetemitate
1169 3626 1214 3668 ae·

119 3720 209 3799 eipit
224 3734 263 3777 ae
279 3716 418 3795 preinde
443 3718 504 3776 5:23
529 3714 680 3795 resp-eft:
705 3732 842 3775 naturae.
856 3714 1026 3794 :emporis
1043 3712 1214 3793 dignitatis.

122 3820 289 3903 preeunte.
313 3832 363 3879 est
389 3815 531 3897 perse-ite
564 3820 649 3880 ’ἒς-,πῖ
679 3819 814 3899 equalis
841 3817 943 3897 jum
969 3816 1052 3879 iliud
1083 3814 1214 3879 Christi:

520 3922 526 3931 '
565 3924 619 3982 '²:
639 3922 742 3985 ieter.
760 3940 835 3982 ntea
855 3920 976 3981 :2³:⁸22
1032 3917 1138 3981 i'nde
1160 3914 1214 3979 diei

415 4192 421 4201 .
711 4194 719 4203 .
748 4194 763 4205 .,
1083 4194 1089 4203 .
1119 4194 1128 4203 .

359 4238 363 4245 .
413 4205 460 4243 tas:
484 4206 622 4259 21:325.
646 4208 654 4244 ἶ
693 4210 715 4245 :t
746 4210 846 4246 .::·::·.
859 4208 966 4246 2:⁸53:ss
979 4208 1065 4260 ῼΤέΐ.
1084 4230 1100 4243 ..
1120 4226 1139 4247 ι.
1157 4206 1216 4244 ι’..ῗζ
