2684 4634
368 180 424 232 DE
440 179 785 231 OPERATIONIBUS
803 177 976 228 DIVINIS.
1163 183 1222 232 169

116 359 300 433 quotvulgo
312 360 528 430 declamantur3
546 377 616 417 nam
636 358 770 417 Ecclesia
789 357 879 416 habet
898 357 1070 414 innumeros
1084 356 1160 413 filios
1174 374 1221 413 oc-

118 449 229 519 cultos,
241 447 398 521 dequibus
411 447 475 520 ipsa
484 447 563 507 dicet
574 447 603 504 in
614 446 662 504 die
673 445 834 504 novissimo
846 466 852 502 :
872 445 1048 517 quisgenuit
1058 445 1130 502 mihi
1139 446 1220 511 istos

118 546 149 594 et
162 537 211 594 isti
226 535 277 594 nbi
290 535 409 594 erant?’'

157 691 214 747 155.
255 681 294 750 (e)
313 679 342 736 Si
361 689 463 750 agatur
481 678 520 736 de
538 679 608 736 solis
625 678 776 746 catholicas,
795 677 993 736 communiter
1011 678 1135 736 docetur
1153 695 1221 736 cunr

121 767 341 836 Saureaetiam
355 767 429 824 inter
440 766 568 837 adultoS,
579 766 678 838 plures
688 784 752 825 esse
762 765 873 824 electos
881 783 970 837 quam
983 765 1136 837 reprobos;
1154 766 1223 825 licet

120 854 202 912 enim
216 857 312 927 maj0r
323 873 391 928 pars
403 855 559 913 hominum
574 855 737 914 mortaliter
745 863 880 926 peccent,
892 855 1030 913 tamenin
1040 866 1123 912 sacro
1131 855 1221 912 tribu·

121 941 182 998 nali
195 952 362 1014 resurgunt,
377 952 406 1001 et
419 943 505 1015 pauci
519 953 588 1001 sunt
601 944 651 1014 qui
665 943 696 999 in
709 943 768 1000 fine
779 942 845 999 vitae
853 942 892 1000 de
902 939 1031 1012 peccatis
1040 938 1100 996 suis
1108 939 1222 996 sincere

121 1047 184 1086 non
198 1030 321 1088 doleant
333 1039 362 1087 et
374 1039 557 1088 sacramenta
569 1029 699 1101 recipere
711 1036 869 1088 recusent¹.

157 1180 214 1244 15⁶·
255 1177 296 1248 (d)
309 1176 339 1234 Si
352 1177 477 1248 quaestio
489 1176 527 1234 sit
539 1177 577 1235 de
590 1175 730 1233 omnibus
739 1173 983 1243 clere’stiam's,sive
992 1169 1222 1241 catholicis,sive

121 1264 330 1334 schismaticis,
351 1264 412 1322 sive
434 1264 587 1334 haereticis,
609 1263 695 1320 multi
713 1272 816 1320 tenent
835 1262 1042 1319 damnatorum
1066 1276 1221 1316 numerum

120 1351 268 1422 majorem
281 1369 346 1409 esse
360 1368 451 1423 quam
469 1350 641 1409 electorum.
678 1349 833 1408 Contraria
852 1358 951 1405 tamen
971 1345 1117 1404 sententia
1135 1346 1222 1403 nobis

121 1437 309 1509 probabilior
319 1438 447 1510 videtur;
465 1455 533 1495 nam
542 1437 627 1496 tertia
634 1455 702 1509 pars
712 1453 823 1506 eorum,
835 1443 995 1506 antequam
1005 1433 1125 1491 rationis
1135 1451 1221 1491 usum

120 1523 282 1596 attigerint,
298 1524 472 1593 moriuntur,
483 1533 513 1582 et
525 1541 618 1596 quum
631 1523 765 1596 plerique
776 1522 913 1594 baptizati
931 1521 1047 1590 suerint,
1062 1519 1222 1592 salvantur;

120 1609 246 1683 insuper
258 1609 301 1668 eis
321 1609 373 1682 qui
392 1610 467 1668 inter
487 1609 678 1668 Acatholicos
697 1618 849 1668 versantur
870 1607 940 1666 satis
960 1617 1147 1679 compertum
1166 1618 1217 1678 est,

120 1697 234 1754 multos
248 1697 324 1755 inter
338 1697 536 1755 Protestantes
545 1696 592 1755 vel
601 1696 811 1754 Schismaticos
821 1696 850 1752 in
860 1695 940 1752 bonai
950 1692 1010 1752 fide
1017 1695 1141 1752 versari:
1155 1712 1222 1766 pos·

120 1793 190 1841 sunt
199 1783 299 1855 igitur,
309 1783 399 1841 etiarn
408 1783 529 1855 quando
536 1783 567 1840 in
576 1792 731 1855 peccatum
741 1782 864 1840 mortale
874 1780 949 1852 lapsi
956 1790 1033 1851 sunt,
1046 1781 1113 1837 Deo
1121 1797 1221 1837 recon-

120 1869 214 1926 ciliari
228 1869 391 1941 peractum
401 1869 586 1927 contritionis
598 1868 815 1942 perfectae,imo
825 1868 847 1925 si
858 1867 897 1926 de
905 1866 1099 1924 schismaticis
1108 1876 1218 1937 agatur,

120 1973 174 2028 per
187 1954 421 2023 absolutionem,
436 1973 503 2028 quae
515 1957 619 2014 saltem
633 1955 663 2012 in
676 1955 799 2013 articulo
813 1954 915 2011 mortis
934 1951 1032 2010 valida
1050 1952 1112 2023 erit,
1128 1971 1220 2025 quum

122 2042 474 2101 Ecclesiaomnibushoc
483 2043 601 2102 instanti
611 2040 1130 2115 suppleatjurisdictionem;aliunde
1139 2043 1221 2100 Deus

121 2129 151 2186 in
164 2129 341 2188 necessariis
355 2147 415 2187 non
428 2129 537 2201 deficit,
551 2130 736 2202 proindeque
748 2130 854 2187 ultimo
867 2129 934 2186 vitae
948 2127 1067 2185 instanti
1081 2128 1221 2200 speciales

120 2216 231 2288 gratias
238 2215 281 2274 eis
289 2216 444 2287 concedet,
456 2216 564 2288 quibus
575 2217 719 2290 poenitere
727 2217 841 2289 possint
845 2236 853 2288 ;
871 2233 941 2287 ergo
952 2215 992 2271 nil
1000 2215 1138 2287 prohibet
1148 2218 1221 2274 mul·

121 2313 168 2363 tos
181 2303 276 2363 exeis
289 2304 400 2361 salvari.
441 2303 471 2362 Si
484 2305 620 2363 nonnulli
634 2306 734 2363 Patres
748 2304 927 2362 contrarium
937 2301 1046 2361 docere
1055 2303 1218 2377 videantur,

121 2390 159 2449 de
172 2389 321 2449 haereticis
324 2390 510 2462 sarmatiam,
522 2409 579 2448 nan
589 2401 688 2450 autem
699 2390 737 2450 de
748 2391 945 2448 materialibus
954 2392 1123 2462 loquuntur.
1162 2393 1221 2450 Ne-

122 2495 181 2550 que
195 2476 380 2535 intersectas
392 2488 449 2535 uon
461 2478 637 2535 christianas
648 2478 734 2536 eledii
748 2477 874 2536 deerunt
885 2499 891 2533 ε
903 2477 1008 2552 Judaer'
1024 2477 1172 2549 siquidem
1191 2490 1220 2537 et

121 2563 340 2633 Maleametarri,
352 2564 403 2636 qui
417 2582 478 2622 non
492 2564 589 2623 solum
602 2565 866 2634 monotheismum,
883 2565 1038 2636 sedetiam
1057 2566 1221 2638 fragmenta

122 2651 263 2724 quaedam
277 2650 432 2722 primitivae
444 2651 490 2710 vel
503 2652 641 2709 mosaicae
653 2651 839 2710 revelationis
848 2651 947 2708 adhuc
955 2652 1090 2718 retinent,
1101 2654 1221 2712 credere

122 2748 249 2810 possunt
262 2739 292 2794 in
305 2738 401 2796 Deum
417 2746 657 2796 remuneratorem
666 2740 925 2811 supernaturalem,
936 2749 965 2796 et
975 2739 1058 2796 adius
1071 2741 1220 2797 contritio-

122 2827 165 2884 nis
178 2825 328 2899 perfediae,
343 2827 410 2884 Deo
421 2827 550 2898 juvante,
567 2825 695 2885 elicere2.
733 2825 858 2883 Etlmr'a'
867 2835 975 2895 autern,
988 2825 1038 2896 qui
1047 2826 1128 2882 nulla
1141 2845 1219 2886 reve-

154 3058 297 3124 ¹Suarea,
310 3057 347 3112 de
361 3057 554 3112 Praedestinat.
568 3057 614 3112 lib.
632 3057 682 3124 Vl,
696 3074 718 3111 c.
733 3075 758 3127 3.
799 3057 855 3111 Cir.
871 3059 968 3124 Faber,
989 3059 1006 3111 l.
1029 3076 1053 3113 c.
1077 3059 1124 3113 ubi
1144 3061 1220 3115 redte

121 3143 157 3198 ait
170 3163 177 3198 :
198 3143 214 3170 “
226 3144 331 3198 Sedulo
343 3143 576 3213 distinguendum
588 3153 632 3198 est
645 3144 717 3197 inter
730 3144 884 3198 catholicos
898 3145 944 3214 qui
958 3144 994 3199 de
1007 3143 1084 3199 retia
1097 3147 1142 3198 via
1154 3147 1219 3201 adiu

121 3232 265 3287 divertunt
277 3241 305 3285 et
317 3231 503 3301 quaestionem
516 3240 607 3284 utrum
617 3240 753 3284 aeternam
767 3232 884 3284 salutem
898 3232 1025 3300 adepturi
1039 3233 1127 3286 sint...
1155 3236 1218 3288 Per-

119 3319 215 3387 plures
229 3328 295 3372 sunt
307 3316 354 3388 qui
367 3317 596 3372 scelestissimam
610 3317 696 3371 vitam
709 3335 759 3386 per
772 3318 870 3372 decem
884 3329 932 3372 aut
944 3318 1042 3387 viginti
1061 3337 1150 3373 annos
1170 3321 1219 3374 du·

119 3414 228 3471 xerunt,
242 3413 270 3457 et
284 3403 357 3458 illico
370 3404 408 3458 ad
420 3403 526 3457 bonam
538 3403 645 3472 frugem
659 3403 784 3471 redeunt,
798 3404 882 3458 veluti
896 3405 919 3457 si
938 3406 1084 3459 vulcanica
1102 3407 1220 3460 materia

119 3491 238 3546 omnino
252 3491 280 3544 in
293 3491 334 3544 eis
343 3500 510 3560 consumpta
522 3488 631 3545 fuerit.''

153 3581 165 3612 ²
179 3577 265 3647 Quod
275 3577 336 3647 jam
348 3587 444 3646 aperte
451 3576 577 3631 'docebat
590 3578 672 3646 Larga
685 3579 743 3645 (De
755 3577 833 3643 Fide,
846 3577 918 3646 disp.
934 3579 1002 3645 Xll,
1019 3578 1086 3632 secl.
1099 3590 1122 3647 5,
1133 3597 1158 3632 n.
1175 3592 1218 3647 50-

121 3667 184 3734 51):
205 3664 362 3735 “Denique
379 3667 406 3718 T
402 3682 477 3718 urca
489 3676 517 3719 et
530 3665 739 3730 Maleumetaru',
753 3665 776 3718 si
789 3665 836 3735 qui
849 3675 945 3720 essent
959 3665 1006 3735 qui
1021 3665 1219 3720 invincibiliter

117 3754 207 3808 etiam
220 3762 345 3806 errarent
358 3751 434 3805 circa
446 3751 589 3806 Christum
602 3762 630 3805 et
642 3751 701 3820 ejus
715 3751 899 3816 divinitatem,
911 3768 968 3805 non
979 3763 1020 3805 est
1031 3769 1080 3805 cur
1089 3769 1145 3804 non
1156 3770 1217 3821 pos·

118 3841 177 3894 sint
190 3840 258 3894 vera
270 3838 325 3893 fide
337 3837 542 3909 supernaturali
556 3838 671 3892 credere
681 3855 767 3891 unum
778 3840 869 3892 Deum
879 3848 1115 3892 remuneratorem
1124 3856 1218 3907 super·

117 3926 296 3981 naturalem:
315 3924 370 3978 hoc
382 3924 458 3979 enim
471 3941 528 3978 non
542 3924 660 3978 credunt
672 3934 787 3993 propter
799 3935 965 3993 argumenta
978 3940 1011 3977 ex
1025 3925 1157 3978 creaturis
1170 3943 1218 3977 na-

118 4013 259 4068 turalibus
270 4012 430 4081 desumpta,
443 4011 494 4065 sed
508 4012 612 4080 dogma
625 4010 678 4064 hoc
691 4027 724 4064 ex
738 4011 887 4065 traditione
900 4011 1016 4075 habent;
1035 4028 1098 4079 quae
1106 4010 1218 4065 traditio

118 4099 259 4170 processit
270 4115 288 4152 a
300 4098 366 4152 vera
380 4097 510 4153 Ecclesia
522 4097 646 4152 fidelium
659 4107 686 4151 et
700 4098 736 4151 ad
749 4098 824 4166 ipsos
837 4115 926 4167 usque
939 4098 1073 4166 pervenit,
1087 4098 1151 4151 licet
1170 4098 1217 4151 alii

116 4202 230 4242 errores
242 4183 360 4240 admixti
372 4195 437 4241 sunt
449 4185 477 4238 in
496 4201 593 4240 eorum
612 4183 723 4238 sedla...
747 4194 775 4239 et
797 4195 999 4255 consequenter
1020 4195 1150 4253 poterunt
1168 4186 1217 4238 ali-

116 4273 237 4346 quando
248 4272 277 4326 in
289 4271 384 4328 actum
396 4271 572 4328 contritionis
585 4270 718 4341 perreriae
731 4289 764 4327 ex
781 4273 829 4326 tali
846 4272 902 4327 fide
919 4273 1055 4342 prodire''.
1095 4273 1137 4326 Cf.
1154 4274 1216 4325 Du-
