2684 4620
534 195 686 246 INDEX.

142 372 255 434 Omnes
271 375 431 434 resaDeo
447 385 561 447 creatae,
574 376 662 434 bonae
677 385 782 433 sunt.
867 420 873 432 .
958 419 964 430 .
1050 418 1055 430 .
1103 390 1160 447 270

142 470 192 528 Nil
208 471 279 528 certi
295 490 329 529 ex
340 473 450 531 Genesi
460 472 576 532 definiri
593 483 689 549 potest
703 473 781 532 circa
796 472 860 532 dies
875 472 1056 548 genesiaoos.
1103 489 1156 546 271

142 568 295 627 Litterales
311 569 510 645 expositiones
525 570 732 630 describuntur
779 619 784 629 .
868 617 873 628 .
960 616 965 627 .
1053 616 1057 627 .
1104 585 1159 643 273

87 649 88 652 Ἴ
142 666 308 742 Allegorica
323 678 483 742 systemata
497 678 694 744 exponuntur.
778 714 783 726 .
870 715 876 727 .
960 714 965 726 .
1004 747 1005 750 Ἴ
1051 713 1056 725 .
1104 660 1158 742 2ᾃ5

141 764 275 837 Systema
291 764 328 822 de
344 765 447 823 diebus
465 765 594 839 periodis
610 767 786 842 proponitur
869 812 874 824 .
960 812 966 823 .
1052 809 1057 821 .
1103 779 1158 836 277

146 862 340 919 Corollore'nrn
357 880 367 914 .·
390 865 617 923 Incredulorum
634 865 822 924 difficultates
839 867 1002 951 solvuntur
1051 908 1056 922 .
1104 865 1160 919 280

91 1019 137 1059 us.
158 1003 550 1065 ILDETRANsnonnrsuo
593 1053 966 1067 .....
968 999 969 1003 ’
1052 1056 1058 1068 .
1104 1012 1157 1066 281

142 1102 408 1161 Translormismus
423 1103 576 1163 absolutus
592 1108 848 1164 materialistarum
866 1118 1008 1183 repugnat
1051 1154 1056 1165 .

141 1199 406 1259 Transsormismus
417 1201 566 1277 mitigatus
580 1222 640 1261 non
651 1203 868 1262 absolutefidei
880 1205 1058 1275 adversatur,

182 1308 211 1355 et
227 1308 258 1355 ut
274 1299 446 1374 hypothesis
462 1301 622 1374 probabilis
645 1299 823 1375 propugnari
839 1308 946 1374 potest,
962 1299 1060 1357 donec

180 1395 314 1453 Ecclesia
329 1396 384 1453 hac
400 1397 438 1454 de
453 1416 484 1455 re
499 1397 645 1473 judicium
662 1395 816 1472 protulerit
869 1441 875 1454 .
958 1439 983 1457 .,
1051 1438 1057 1454 .

400 1573 510 1643 cnr.
530 1573 575 1644 n.
594 1574 649 1642 ne
668 1541 822 1662 ungens.

91 1763 139 1803 nr.
156 1748 178 1804 Ι.
196 1748 245 1804 Du
260 1750 401 1807 Arruntis
417 1766 450 1806 ΙΝ
466 1766 594 1807 caunas
597 1794 1059 1811 ......
1104 1773 1158 1828 291

142 1846 324 1918 Angelorum
340 1847 474 1906 definitio
490 1848 589 1922 quoad
603 1865 714 1905 nomen
729 1859 758 1908 et
770 1850 872 1924 quoad
886 1867 967 1919 rem.
1052 1895 1059 1911 .
1104 1871 1158 1926 291

142 1944 323 2018 Angelorum
338 1943 494 2002 existentia
508 1989 1058 2006 .......
1104 1968 1159 2023 292

142 2040 324 2114 Angelorum
340 2041 425 2099 dotes
440 2042 587 2099 naturales
597 2086 965 2102 .....
1032 2057 1057 2103 ⁴.
1104 2050 1160 2121 296

143 2140 324 2212 Angelorum
338 2141 430 2214 gratia
445 2152 474 2197 et
489 2142 603 2214 lapsus.
689 2184 695 2197 .
779 2185 785 2199 .
870 2184 877 2199 .
914 2154 916 2161 '
962 2185 970 2200 .
1051 2187 1058 2201 .
1104 2160 1159 2220 297

143 2235 190 2291 De
205 2234 358 2293 ordinibus
373 2237 556 2310 Angelorum
598 2280 1058 2298 ......
1103 2260 1161 2316 300

87 2392 138 2432 ,nn
158 2377 199 2433 ΙΙ.
214 2379 264 2434 DE
278 2380 419 2437 Andanis
435 2397 627 2439 cusromnus
630 2426 1057 2444 ......

142 2474 305 2551 Existentia
321 2478 420 2551 quoad
437 2478 570 2554 singulos
586 2479 723 2537 homines
777 2523 782 2536 .
867 2523 874 2537 .
912 2549 915 2555 ¹
957 2525 964 2540 .
1033 2550 1037 2553 Α

143 2573 307 2632 Existentia
322 2577 423 2650 quoad
438 2577 689 2635 communitates.
769 2621 781 2653 ,·
865 2620 872 2635 .
957 2621 992 2652 .,
1039 2621 1054 2639 ,.

143 2672 325 2745 Angelorum
340 2674 502 2731 custodum
517 2693 585 2748 erga
600 2692 654 2731 nos
670 2671 815 2748 obsequia
866 2718 873 2732 .

142 2767 251 2826 Nostra
266 2787 334 2844 erga
344 2771 474 2846 Angelos
490 2772 629 2829 custodes
645 2769 741 2828 officia
777 2814 782 2826 .
867 2814 874 2828 .

143 2865 306 2924 Corollaria
321 2910 872 2925 .......
904 2939 905 2943 ¹
956 2911 964 2927 .
1048 2911 1080 2945 .,

90 3024 138 3064 nr.
157 3008 216 3064 ΙΙΙ.
238 3009 286 3064 DE
300 3025 434 3068 Annuus
451 3027 544 3068 nanis
596 3054 1055 3068 ......

141 3105 190 3161 De
204 3108 358 3164 tentatione
372 3109 511 3164 diabolico
528 3128 538 3162 .·
558 3106 722 3177 existentia,
740 3107 858 3180 modus,
874 3108 1006 3166 remedia
1048 3153 1054 3166 .

141 3203 189 3258 De
202 3202 353 3260 obsessione
372 3213 400 3261 et
416 3205 587 3280 possessione
601 3204 738 3261 drnbolr'eei
754 3227 765 3262 :
785 3202 878 3277 notio,
895 3204 1057 3275 existentia,

155 3301 316 3361 ..remedia
321 3345 1055 3360 .........
1109 3315 1161 3371 310

140 3400 187 3455 De
203 3401 308 3475 rotagici,
324 3398 515 3473 triagnetisnro,
529 3398 687 3473 spt'rr'trsneo
700 3404 727 3456 et
740 3398 918 3473 hypnottsnro
960 3443 965 3455 .
1051 3442 1058 3457 .
1102 3416 1160 3473 313

143 3496 251 3572 Magiae
266 3495 350 3555 notio
353 3539 1057 3556 .........
1102 3515 1159 3571 313

142 3594 334 3670 Magnetismi
349 3605 379 3653 et
394 3593 544 3670 spiritismi
560 3594 643 3669 origo
685 3639 690 3653 .
776 3640 782 3652 .
867 3637 874 3652 .
952 3614 965 3652 ’.
1050 3638 1056 3653 .
1101 3596 1160 3668 316

142 3691 336 3767 Hypnotismi
352 3692 550 3767 phaenomena
566 3693 782 3751 describuntur.
867 3735 874 3750 .
959 3737 965 3749 .
1050 3735 1056 3750 .
1102 3708 1158 3766 317

142 3790 336 3849 Phenomena
351 3790 461 3866 quibus
477 3791 602 3861 occulta,
624 3801 738 3849 remota
753 3808 788 3847 ac
802 3790 900 3846 sutura
918 3787 1060 3864 detegun-

180 3898 234 3959 tur,
252 3887 399 3946 diabolica
415 3899 484 3944 sunt
507 3930 1057 3944 .......
1102 3907 1160 3961 319

140 3987 253 4057 Cetera,
272 3987 446 4060 plerumque
456 3987 568 4055 saltem,
586 3984 757 4051 naturaliter
771 3981 908 4058 explicari
924 3993 1056 4057 possunt.
1102 4002 1158 4056 322

141 4086 222 4141 Hinc
238 4104 307 4142 usus
320 4081 572 4142 indiscriminatus
583 4079 769 4157 magnetismi
780 4090 809 4137 et
820 4079 1001 4155 hypnotismi
1017 4091 1061 4138 est

181 4182 364 4256 periculosus
366 4221 1058 4237 .........
1102 4196 1160 4251 3²4

141 4278 323 4353 Spiritismus
338 4289 382 4336 est
397 4276 570 4353 superstitio
585 4276 709 4354 graviter
724 4273 832 4334 illicita
875 4320 882 4334 .
969 4317 977 4332 ,
1065 4316 1073 4329 .
1116 4288 1182 4342 ‘323
