2684 4634
275 193 330 242 DE
350 193 567 243 MYSTERIO
585 192 937 243 INCARNATIONIS.
1089 191 1159 242 459

10 384 13 389 ·
56 368 139 440 trisne,
156 369 197 427 ita
209 370 291 428 horno
308 368 372 429 non⁴
383 373 561 430 consumitur
574 369 722 444 dignitate.
763 371 1077 442 Agitutraquesorma
1090 388 1157 426 cum

15 486 18 493 ·
55 455 177 514 alterius
194 459 407 517 communione
425 459 508 532 quod
520 459 675 531 proprium
695 471 758 530 est3
792 460 878 516 Verbo
897 460 1009 516 scilicet
1027 464 1160 530 operante

15 592 18 599 .
54 543 133 613 quod
151 543 238 601 Verbi
251 553 300 612 est,
315 556 345 604 et
362 565 447 603 carne
464 553 627 616 exsequente
638 547 715 618 quod
729 547 825 603 carmi
842 553 890 604 est.
936 546 1033 603 Unum
1053 545 1158 602 horum

54 639 186 688 coruscat
201 621 356 705 miraculis,
378 635 463 692 aliud
478 635 630 692 succumbit
647 635 774 707 innotis.
816 636 855 692 Et
874 635 949 692 sicut
969 633 1101 692 Verbum
1120 631 1159 690 ab

10 724 14 779 ἒ
53 719 228 789 aequalitate
247 732 376 792 paternae
396 721 497 794 gloriae
518 740 579 780 non
605 721 727 792 recedit,
752 723 792 780 ita
815 740 883 780 caro
909 733 1042 779 naturam
1067 719 1159 777 nostri

10 798 12 811 '
53 806 176 875 generis
188 825 249 866 non
263 808 402 880 relinquit
411 809 435 866 ''.
475 809 631 880 (Denzt'ng.
647 828 674 866 n.
694 811 763 880 13²)-

98 947 151 1027 89.
202 949 264 1032 (C)
289 951 344 1015 Ex
373 950 530 1026 Consiliis,
553 951 736 1032 praesertim
759 971 803 1012 ex
828 949 978 1014 Concilio
1001 948 1160 1030 Ephesiae

53 1052 143 1135 (can.
156 1053 191 1135 2)
205 1076 212 1117 :
225 1059 240 1084 “
254 1054 289 1118 Si
302 1055 376 1136 quis
389 1075 454 1117 non
468 1053 643 1117 confitetur
655 1054 743 1116 carni
757 1054 939 1116 secundum
952 1052 1159 1134 hypostasim

53 1139 196 1228 unitum¹
216 1157 279 1219 Dei
304 1145 408 1220 Patris
432 1157 588 1233 Verbum,
605 1177 774 1238 unumque
797 1177 868 1219 esse
893 1156 1060 1221 Christum
1084 1175 1158 1216 cum

54 1259 193 1340 propria
216 1281 321 1335 carne,
341 1261 495 1322 eumdem
519 1261 644 1323 scilicet
669 1260 780 1322 Deum
804 1259 902 1322 simul
926 1269 960 1322 et
983 1259 1154 1321 hominem

56 1362 99 1424 A.
119 1362 184 1440 S.”;
199 1373 290 1445 etex
309 1364 343 1428 C.
363 1363 505 1441 Chalced.
520 1363 589 1444 jam
607 1351 717 1426 citato.
773 1438 775 1442 μ

103 1463 168 1547 (D)
199 1466 254 1528 Ex
277 1458 388 1547 prati¹
410 1465 564 1542 Ecclesiae,
589 1486 664 1546 quae
694 1486 825 1547 semper
855 1465 988 1529 Christo
1018 1465 1160 1526 reddidit

55 1588 252 1648 supremum
269 1569 374 1649 latriae
389 1570 524 1648 cultum,
537 1579 573 1632 ut
589 1589 688 1650 supra
704 1569 880 1650 probatum
897 1578 956 1645 est,
968 1570 1048 1649 dum
1065 1567 1159 1629 simul

56 1673 91 1733 in
117 1676 178 1734 sua
201 1672 332 1754 liturgia
348 1682 541 1754 agnosceret
563 1673 717 1734 eumdem
740 1692 801 1752 pro
824 1671 918 1733 nobis
935 1691 1009 1733 vere
1025 1690 1159 1751 passum

56 1786 91 1860 et
110 1787 278 1857 mortuum
294 1776 402 1859 luisse,
419 1787 452 1840 et
462 1775 606 1858 proinde
622 1795 697 1838 vere
714 1775 811 1837 fuisse
827 1774 1004 1836 hominem.
1029 1854 1032 1859 ι
1148 1769 1151 1773 ’

101 1951 153 2014 90·
202 1933 265 1999 111.
300 1919 470 2007 ’Καίὶοπίῑε
487 1934 587 1996 Ratio
603 1942 724 2008 autem,
740 1931 806 1995 fide
822 1933 945 2013 adjuta,
962 1934 1008 1994 sie
1024 1953 1161 2015 arguere

57 2045 198 2116 potest:
231 2038 268 2098 ln
293 2037 531 2118 primocapite
554 2037 645 2099 omni
669 2045 938 2117 argumentorum
963 2056 1081 2117 genere
1104 2036 1160 2098 de·

49 2149 282 2217 ,monstratum
307 2139 560 2209 suit'Christum
584 2160 660 2211 esse
678 2161 751 2202 vere
777 2141 903 2217 Deum;
927 2149 960 2203 et
983 2140 1118 2202 aliunde
1141 2162 1160 2202 a

58 2226 382 2316 neminefdubitatur
397 2243 496 2313 ho'die
515 2242 608 2304 illum
632 2242 733 2305 luisse
756 2262 830 2304 vere
853 2242 1023 2305 hominem
1038 2265 1047 2320 ;7
1068 2245 1159 2324 atqui

57 2345 216 2413 Christus
231 2366 296 2417 non
313 2345 623 2428 potestessesimul
642 2347 734 2408 Deus
750 2356 783 2409 et
798 2345 908 2422 homo,
922 2346 982 2407 nisi
1000 2346 1111 2408 divina
1127 2356 1161 2409 et

56 2449 214 2527 humana>
226 2460 343 2518 natura
359 2450 404 2512 ita
421 2451 452 2512 in
471 2448 679 2530 ipsosuerint
692 2449 802 2525 unitae,
815 2459 852 2511 ut
863 2450 994 2512 unicam
1008 2449 1160 2512 efforma-

56 2553 175 2622 verint
186 2573 361 2634 personam
375 2575 382 2630 ;
406 2554 432 2615 si
449 2553 537 2623 enim
554 2553 679 2634 duplex
693 2550 809 2615 suisset
822 2553 854 2613 in
868 2551 1001 2615 Christo
1012 2573 1160 2633 persona,

57 2676 140 2733 una,
160 2655 282 2731 divina·
307 2656 409 2728 altera
439 2657 593 2732 humana,
621 2677 685 2719 non
714 2667 850 2737 possent
876 2655 983 2718 eidem
1011 2676 1160 2736 personae

57 2758 163 2834 tribui
179 2755 326 2821 aetiones
349 2769 391 2827 et?
406 2761 622 2842 proprietates
639 2759 808 2840 utriusque
825 2767 960 2832 naturae,
975 2757 1032 2820 sed
1049 2779 1067 2819 e
1084 2778 1159 2833 con-

58 2872 116 2925 tra
137 2862 249 2925 divina
271 2877 371 2944 opera'
394 2882 543 2944 personae
560 2864 677 2941 Verbi,
701 2863 846 2926 humana
869 2872 981 2924 autern
1005 2863 1160 2924 humanae

60 2985 215 3046 personae
231 2964 351 3035 Christi
376 2967 569 3029 ascribenda
590 2977 700 3029 essent
716 2988 723 3042 ;
745 2986 886 3048 persona
902 2966 990 3028 enim
1008 2974 1058 3026 est
1073 2966 1160 3046 prin-

61 3069 188 3150 cipium
211 3070 298 3149 quod
317 3069 405 3131 elicit
428 3067 584 3147 aetiones,
607 3080 640 3132 et
662 3069 715 3131 cui
737 3070 854 3130 ultimo
877 3068 1104 3145 ascribuntur3
1134 3070 1161 3130 si

62 3171 165 3252 igitur
187 3172 262 3234 duae
289 3173 355 3238 sint
382 3172 414 3234 in
438 3172 570 3236 Christo
597 3154 756 3253 personae,
781 3172 989 3252 operationes
1014 3192 1080 3232 non
1105 3172 1160 3233 uni
1195 3234 1199 3240 ,

62 3276 240 3355 eidemque
256 3259 528 3356 principioerunt
545 3275 738 3348 tribuendae,
755 3274 812 3335 sed
836 3275 990 3354 quaedam
1007 3274 1071 3348 uni,
1089 3273 1161 3334 aliae

61 3399 143 3442 vero
157 3377 265 3441 alteris
422 3388 425 3395 '
973 3435 974 3438 ,
1041 3392 1044 3397 ·

69 3499 71 3503 ·
107 3480 177 3544 Cur
191 3490 302 3567 autern
319 3475 398 3568 unio
408 3480 510 3543 Verbi
527 3501 600 3542 curn
619 3484 736 3542 natura
752 3478 897 3567 humana
915 3475 1001 3540 satta
1017 3477 1112 3540 suerit
1129 3479 1160 3538 in

63 3583 215 3668 persona,
225 3581 292 3646 non
305 3583 337 3644 in
349 3585 466 3645 naturai
476 3583 521 3644 sic
534 3581 680 3645 declarat
691 3582 725 3645 S.
738 3581 892 3642 Thomas
901 3605 912 3643 .·
924 3586 939 3612 “
951 3581 1060 3643 Omne
1072 3581 1161 3660 quod

63 3687 241 3762 intrinsece
257 3687 342 3760 inest
358 3686 454 3764 alicui
472 3694 630 3766 personae,
646 3686 714 3746 sive
730 3684 893 3768 pertineat
917 3684 958 3745 ad
981 3681 1051 3762 ejus
1068 3693 1162 3746 natu-

54 3771 146 3868 ωτι,
155 3791 229 3853 sive
246 3810 321 3865 non,
333 3790 443 3852 unitur
460 3789 521 3869 ipsi
539 3790 570 3848 in
588 3775 728 3868 persona
743 3808 749 3863 ;
772 3806 847 3848 curn
864 3782 925 3847 h'aic
941 3793 1056 3875 tamen
1069 3785 1161 3851 diffe-

54 3894 171 3957 ,remit
186 3893 274 3974 quod
299 3892 325 3953 si
349 3892 512 3974 pertineat
536 3892 577 3953 ad
602 3899 798 3970 conceptum
816 3888 1079 3962 naturae3unitur
1096 3907 1161 3948 non

54 3998 173 4060 -solum
188 3997 222 4066 in
239 3997 379 4076 persona
394 3994 451 4056 sed
469 3994 568 4055 'etiam
586 3994 617 4053 in
636 3997 762 4066 natura,
774 3993 854 4053 dum
871 3991 898 4052 si
916 4010 980 4050 non
999 3989 1162 4070 pertineat

63 4102 106 4163 ad
124 4083 322 4180 conceptum
335 4107 469 4172 naturae,
480 4097 590 4158 unitur
602 4093 812 4156 solummodo
825 4093 857 4154 in
872 4095 1019 4174 persona
1056 4091 1161 4170 Atqui

95 4315 147 4364 ¹5.
165 4312 214 4364 Tb.
228 4313 245 4363 l.
262 4327 284 4362 c.
300 4329 324 4364 a.
342 4326 359 4364 2
368 4331 378 4376 ;
396 4301 567 4367 Sahnantt'css
586 4313 660 4383 disp.
677 4312 737 4381 lll,
751 4312 820 4367 dub.
834 4328 861 4379 2,
874 4328 903 4364 n.
917 4322 963 4376 23.
