2684 4634
202 154 248 203 44

201 337 374 399 credamus
390 335 603 411 Trinitatem,
621 337 862 416 respondetur:
885 337 994 410 cred0,
1009 336 1089 418 quia
1111 336 1197 399 ratio
1220 336 1291 399 mihi

202 439 397 502 testificatur
414 440 523 502 Deum
540 461 612 502 esse
627 460 787 516 veracem,
798 450 831 503 et
844 440 941 502 simul
958 439 1021 502 hoc
1037 442 1162 522 dogma
1178 440 1293 503 revela·

203 543 296 605 visse.
329 542 1170 624 EcontraSuareziidiscipuliresponderedebent:
1193 542 1296 607 Credo

203 645 402 706 Trinitatem
419 646 496 726 quia
513 645 606 707 Deus
622 655 673 707 est
688 666 801 719 verax,
817 654 850 706 et
866 645 965 707 credo
981 645 1092 708 Deum
1117 666 1189 707 esse
1213 666 1296 708 vera-

204 769 273 810 cem
292 749 371 828 quia
387 750 463 830 lpse
479 749 603 810 revelat
627 769 662 810 se
685 768 757 810 esse
781 768 948 823 veracem;
972 749 1060 829 quod
1085 758 1137 811 est
1160 749 1298 812 circulus

204 851 350 924 vitiosus
376 871 478 931 quum
506 852 659 913 credatur
683 851 840 914 revelatio
866 859 1001 932 propter
1022 852 1250 927 veracitatem,
1270 862 1299 914 et

205 954 360 1014 veracitas
376 962 511 1035 propter
527 953 788 1015 revelationem.1
835 953 930 1033 Ergo.

205 1055 255 1136 (b)
273 1056 324 1118 Ad
342 1057 536 1119 solvendam
554 1067 664 1119 autem
683 1057 945 1118 adversariorum
962 1055 1299 1133 difficultatemlho·
1341 1099 1342 1150 4

206 1161 313 1221 mistae
329 1161 464 1223 dicunt:
489 1160 561 1221 Non
579 1170 628 1222 est
646 1161 765 1221 mirum
790 1160 822 1220 in
847 1160 955 1240 primo
978 1157 1053 1222 adiu
1078 1159 1155 1224 fidei
1178 1160 1300 1242 aliquid
1341 1151 1342 1159 ἵ

207 1264 342 1324 inveniri
360 1264 510 1326 naturale
526 1272 559 1324 et
572 1264 697 1344 aliquid
709 1263 959 1344 supernaturale
965 1284 973 1338 ;
995 1283 1072 1324 nam
1084 1264 1139 1325 ille
1151 1261 1247 1326 aetus
1256 1273 1302 1327 est

206 1365 307 1428 veluti
323 1366 482 1428 transitus
499 1367 540 1427 de
556 1367 673 1427 ordine
690 1365 831 1427 naturali
848 1363 889 1426 ad
907 1365 1055 1429 ordinem
1073 1376 1301 1447 supernatura·

207 1469 271 1531 lem
288 1478 321 1530 et
337 1468 379 1530 de
396 1473 514 1531 natura
530 1469 700 1550 utriusque
722 1468 920 1549 participare
944 1467 1050 1533 debet.
1100 1469 1176 1530 Hoc
1193 1479 1301 1532 autem

208 1573 325 1654 posito,
353 1574 482 1636 ostendi
508 1582 618 1654 potest
645 1573 857 1634 veracitatem
883 1572 1040 1646 divinam,
1063 1593 1120 1653 per
1143 1573 1302 1635 rationem

207 1677 385 1756 cognitam,
410 1697 482 1739 esse
509 1675 670 1738 motivum
698 1673 898 1736 sufficienter
924 1675 1193 1755 supernaturale3
1229 1696 1302 1739 nam

207 1777 387 1842 auetoritas
404 1780 467 1841 Dei
483 1779 659 1841 revelantis
676 1788 725 1840 est
741 1778 776 1838 in
791 1798 823 1839 se
838 1778 918 1858 quid
934 1778 1193 1859 supernaturale,
1205 1799 1302 1860 quum

208 1902 273 1944 non
311 1881 472 1946 debeatur
508 1881 651 1957 homini;
689 1881 831 1961 insuper,
862 1881 997 1959 quando
1027 1880 1303 1962 apprehendimus

208 1985 298 2047 illam
315 1983 546 2047 auctoritatem
572 1995 731 2064 tanquam
757 1982 833 2044 fidei
858 1984 1030 2057 motivum,
1047 1984 1163 2065 gratid
1187 1983 1306 2046 alizial'

206 2088 362 2169 juvamur
387 2096 424 2150 ut
446 2087 522 2150 huic
545 2087 677 2149 veritati
704 2085 840 2148 firmiter
865 2084 1103 2160 adhaereamus,
1120 2094 1154 2146 et
1178 2107 1223 2147 ex
1246 2087 1304 2148 hoc

208 2192 317 2273 eapite
333 2191 455 2271 pariter
471 2192 631 2253 motivum
650 2188 725 2251 fidei
743 2189 1003 2271 apprehenditur
1026 2189 1128 2250 modo
1151 2209 1303 2271 superna·

209 2293 330 2357 turali.2

255 2492 320 2544 101.
369 2491 403 2558 30
421 2477 643 2542 Corollarirmr.
693 2477 828 2539 Exinde
845 2487 998 2559 quaerunt
1022 2478 1170 2559 theologi
1198 2490 1303 2542 utrum

211 2579 293 2641 fides
309 2580 351 2640 sit
366 2579 549 2642 discursive
565 2580 616 2640 vel
633 2585 720 2640 non?
745 2578 847 2639 Ratio
864 2576 1039 2639 dubitandi
1056 2589 1107 2641 est
1123 2579 1203 2658 quia
1218 2576 1305 2641 aftus

213 2681 287 2743 fidei
312 2682 353 2744 ad
379 2693 572 2764 sequentem
599 2682 826 2762 syllogismum
855 2679 968 2742 reduci
991 2681 1143 2742 videtur:
1167 2680 1267 2762 Quod
1288 2702 1305 2742 a

213 2786 287 2846 Deo
302 2786 473 2861 revelatur,
489 2790 619 2847 summa
633 2786 779 2857 veritate,
791 2792 840 2844 est
853 2783 1071 2861 credendum;
1094 2785 1188 2864 atqui
1201 2785 1305 2847 Incar-

213 2888 304 2950 natio
319 2910 338 2950 a
356 2890 430 2955 Deo
447 2889 626 2965 revelatur,
649 2907 728 2968 ergo
744 2894 795 2947 est
811 2886 986 2946 credenda.

255 2994 313 3075 (Α)
331 2993 444 3070 Lagea
461 3010 535 3050 cum
555 2986 723 3048 nonnullis
741 2986 822 3059 aliis,
839 2994 952 3047 censet
968 2983 1141 3045 formalem
1158 3004 1231 3047 esse
1246 2985 1306 3048 dis·

213 3119 344 3163 cursum
362 3098 394 3157 in
412 3113 547 3155 assensu
565 3091 662 3152 fidei:
686 3109 863 3171 possumus
880 3088 967 3149 enim
985 3089 1123 3148 seorsim
1140 3098 1174 3150 et
1187 3109 1308 3152 succes·

213 3206 281 3266 sive
293 3203 351 3263 has
362 3202 444 3262 duas
455 3196 697 3277 propositiones
710 3192 883 3254 enuntiare
897 3215 903 3253 :
919 3191 1010 3253 Deus
1018 3200 1065 3252 est
1072 3212 1198 3253 surnme
1206 3213 1309 3254 verus:

216 3307 307 3388 atqui
328 3306 417 3366 Deus
439 3300 698 3363 lncarvarz'onem
726 3296 941 3365 revelante
967 3316 1011 3356 ex
1036 3294 1166 3356 illarum
1192 3296 1309 3359 notitia

250 3555 257 3577 ¹
271 3551 316 3604 Ad
331 3566 389 3601 rem
402 3549 492 3614 Lnga,
508 3546 524 3597 l.
541 3561 575 3611 c,
590 3560 616 3595 n.
629 3544 661 3596 82
675 3561 680 3594 :
700 3542 829 3608 “Quaero
843 3556 891 3593 cur
904 3539 1003 3592 credas
1016 3539 1079 3591 Deo
1089 3536 1195 3592 dicenti
1211 3555 1241 3591 se
1254 3552 1312 3591 esse

216 3655 324 3693 summe
333 3632 477 3690 veracem?
497 3631 584 3698 Dicis,
597 3631 661 3700 quia
674 3632 752 3682 Deus
763 3639 805 3681 est
816 3644 924 3681 summe
934 3645 1016 3681 verax
1030 3646 1036 3681 :
1055 3643 1122 3682 ecce
1133 3629 1197 3681 Deo
1212 3625 1312 3682 dicenti

216 3726 307 3780 credis
321 3739 457 3776 summam
472 3721 532 3789 ejus
546 3718 734 3783 veracitatem,
751 3714 816 3785 quia
830 3715 889 3782 ipse
903 3731 1011 3768 summe
1020 3731 1112 3781 verax,
1121 3725 1148 3767 et
1160 3732 1254 3768 rursus
1264 3714 1313 3766 hoc

217 3826 305 3869 totum
320 3811 419 3874 crediS,
435 3810 500 3879 quia
515 3811 593 3862 Deus
607 3808 675 3860 dicit
689 3824 718 3858 se
731 3822 794 3858 esse
803 3821 912 3857 summe
922 3819 1063 3867 veracem;
1083 3802 1160 3872 quod
1168 3813 1313 3872 quantum·

218 3919 337 3971 cumque
351 3898 512 3968 explicetur,
529 3902 617 3947 totum
632 3900 673 3946 est
685 3894 780 3945 ludere
793 3891 910 3944 verbis.”

251 3993 261 4016 ²
276 3989 328 4057 Qui
344 3989 422 4055 plura
435 3986 488 4037 haic
502 3984 538 4036 de
551 4000 580 4034 re
594 3981 736 4034 desiderat
751 3990 842 4047 potest
856 3979 948 4046 legere
963 3979 1080 4040 Suarea,
1097 3976 1169 4046 disp.
1184 3991 1208 4046 3,
1223 3973 1314 4031 seito

217 4088 244 4130 et
261 4093 303 4140 12;
323 4073 475 4137 Mnezella,
490 4088 516 4122 n.
534 4069 581 4139 761
605 4087 645 4137 sq.
653 4085 660 4136 3
680 4069 768 4135 Lnga
788 4067 860 4133 disp.
885 4068 906 4132 l,
927 4083 948 4117 s.
971 4065 999 4129 6;
1018 4065 1183 4129 Franzelr'n,
1204 4082 1249 4134 op.
1271 4061 1312 4114 cit.

218 4162 348 4229 Append.
366 4161 401 4212 de
416 4159 495 4224 Fide,
513 4173 574 4224 cap.
591 4173 615 4223 4.

253 4248 319 4301 ³Cs.
338 4248 424 4315 Lnga,
442 4245 513 4311 disp.
530 4244 597 4295 Vll.
