2684 4634
350 203 406 251 DE
425 203 643 254 MYSTERIO
662 204 993 254 REDEMPTIONIS.
1148 204 1214 254 549

117 382 236 445 omnia
256 383 299 444 ab
322 383 417 447 initio
437 384 736 467 habuit‚'t‘anquam
758 387 819 448 sibi
843 387 956 450 debita
975 396 1108 469 propter
1124 386 1216 450 unio-

117 504 197 546 nem
218 485 487 568 hypostaticam:
508 491 599 570 atqui
619 490 712 571 quod
724 489 865 554 habetur
881 492 923 554 ab
939 492 1040 568 initio,
1057 502 1215 572 tanquam

116 587 246 668 aliquid
264 589 412 653 debitum
430 611 496 654 non
513 603 623 674 potest
639 594 780 674 amplius
794 595 908 655 mereri
924 616 930 670 ;
944 614 1032 675 ergo.
1071 594 1218 656 Aliunde

117 692 318 773 principium
344 694 450 757 meriti
475 715 540 757 non
565 697 654 760 cadit
677 697 739 759 sub
763 698 888 773 merit0‚
908 698 1025 759 saltem
1050 697 1091 758 de
1115 695 1217 773 factm

116 796 213 875 atqui
230 796 336 876 gratia
359 795 537 860 habitualis
560 809 610 863 est
633 800 831 882 principium
856 801 973 872 meriti,
989 820 1091 880 quum
1109 801 1218 862 nullus

117 895 215 963 adius
232 900 417 963 meritorius
434 901 484 972 sit.
502 903 563 964 nisi
580 925 599 966 a
615 905 722 984 gratia
738 903 898 966 habituali
923 904 1082 985 procedat
1098 905 1182 965 sicut
1199 925 1218 966 a

117 1002 283 1082 principio
299 1000 458 1079 effectivo,
474 1012 510 1066 ut
526 1004 558 1065 in
581 1003 612 1064 T
609 1025 633 1065 r.
650 1004 689 1065 de
706 1002 825 1067 Gratz'd
840 1002 1088 1065 demonstratur
1102 1024 1108 1078 ;
1131 1023 1218 1082 ergo,

162 1113 233 1181 217.
282 1104 404 1167 Utrum
423 1103 573 1167 Christus
595 1125 655 1186 pro
679 1105 805 1186 angelis
822 1106 977 1168 meruerit
994 1105 1077 1167 infra
1093 1125 1219 1186 expen-

117 1204 238 1267 demus
255 1226 284 1268 n.
302 1222 320 1267 2
326 1220 371 1285 54

329 1389 412 1465 Art.
433 1388 505 1465 IV.
527 1389 590 1464 De
617 1386 819 1466 Sacrificio
848 1389 1011 1466 Christi.

163 1559 234 1623 218.
275 1561 424 1624 Christus
441 1560 575 1640 quidem
592 1579 653 1622 nos
669 1561 889 1640 satisfaliione
900 1571 933 1642 et
945 1563 1058 1624 merito
1071 1563 1221 1639 redemit;
1271 1609 1273 1613 η

121 1666 189 1740 sed,
217 1665 293 1727 licet
320 1684 436 1727 omnes
464 1662 535 1744 ejus
562 1662 709 1727 actiones
736 1662 964 1727 satisfactorias
988 1675 1022 1727 et
1046 1665 1221 1728 meritoriae

121 1769 252 1844 luerint,
268 1788 351 1849 opus
367 1788 463 1830 suum
480 1778 592 1830 tamen
610 1769 790 1850 complevit
806 1778 912 1829 morte
929 1772 997 1843 sua,
1014 1789 1088 1848 quae
1108 1787 1221 1830 verum

120 1872 172 1934 est
188 1881 222 1932 et
239 1871 370 1951 proprie
385 1867 511 1932 ditium
529 1870 731 1934 sacrificium.
779 1871 878 1954 Quod
903 1881 939 1933 ut
963 1872 1079 1933 melius
1103 1871 1222 1934 intelli·

121 1984 228 2055 gatur,
253 1972 400 2038 dicemus
428 1985 459 2034 10
475 1973 514 2035 de
537 1973 705 2054 Sacrificio
729 1975 763 2036 in
784 1997 899 2056 genere
908 1999 921 2048 ;
945 1989 980 2036 2⁰
994 1975 1033 2037 de
1053 1974 1223 2057 Sacrificzb

124 2076 252 2140 Christi
265 2076 299 2137 in
314 2096 409 2138 cruce.

382 2239 410 2294 1.
434 2237 490 2295 De
514 2237 711 2296 Sacrificio
734 2240 773 2296 in
796 2252 935 2308 genere
946 2244 965 2296 ¹.

163 2390 233 2454 219.
284 2389 316 2438 10
337 2375 460 2438 Notio:
483 2374 539 2457 (A)
565 2377 644 2438 Vox
665 2377 861 2458 sacrificium
883 2379 971 2441 idem
995 2390 1093 2442 sonat
1115 2400 1152 2441 ac
1174 2401 1224 2441 sa-

121 2491 216 2544 crum
248 2480 362 2555 facere,
393 2480 598 2560 proindeque
628 2480 781 2560 designat
811 2480 972 2544 actionem
1004 2489 1069 2564 qua
1101 2485 1224 2564 aliquid

122 2603 255 2647 sacrum
283 2581 430 2645 efficitur.
475 2583 558 2644 Lato
584 2604 677 2644 sensu
702 2582 857 2645 definitur
884 2587 1117 2665 quodcumque
1142 2607 1224 2666 opus

122 2689 261 2761 bonum,
277 2686 345 2746 sive
362 2686 527 2747 internum
544 2686 613 2747 sive
629 2695 815 2760 externum,
828 2687 860 2747 in
878 2687 1036 2748 honorem
1056 2689 1119 2748 Dei
1137 2688 1224 2748 elici-

123 2801 197 2853 tum
212 2811 219 2867 ;
238 2810 304 2870 quo
317 2809 413 2850 sensu
427 2788 547 2850 dicitur
561 2810 567 2850 :
584 2793 599 2820 ‘⁸
612 2789 754 2851 Immola
768 2790 842 2850 Deo
855 2788 1049 2851 sacrificium
1064 2789 1192 2853 laudis’'
1204 2803 1224 2851 2.

166 2943 239 2992 220.
286 2924 346 3006 (B)
364 2925 485 2988 strido
499 2947 602 3000 sensu,
619 2936 718 3008 prout
740 2938 791 2989 est
814 2928 966 3008 specialis
988 2926 1081 2990 acius
1098 2928 1225 3009 religio-

124 3031 187 3104 niS,
212 3026 388 3090 definitur:
415 3028 531 3089 oblatio
558 3029 607 3089 rei
630 3029 799 3106 sensibilis,
826 3030 954 3110 qusque
979 3032 1152 3093 destrullio
1178 3032 1230 3095 vel

125 3132 273 3206 mutatiu,
289 3153 309 3192 a
325 3131 474 3193 ministro
490 3131 633 3212 legitimo
648 3133 711 3194 soli
720 3133 895 3213 mosolla,
907 3135 954 3195 ad
964 3147 1148 3215 supremum
1160 3137 1227 3216 ejirs

124 3235 308 3298 dominium
320 3235 563 3315 agnoscendum,
576 3235 877 3316 piisquejustitiam
882 3238 1078 3317 placandam
1094 3240 1128 3299 in
1139 3249 1226 3301 statu

126 3348 253 3400 naturae
267 3337 370 3417 lapsoe.
417 3337 567 3399 Dicitur:
584 3337 634 3418 (a)
651 3338 776 3401 Oblata
792 3340 836 3400 rei
853 3342 1020 3413 sensibilis,
1038 3343 1115 3420 quia
1131 3344 1226 3402 sacri-

126 3441 237 3503 ficium
254 3450 305 3502 est
321 3441 354 3501 in
371 3460 490 3520 genere
507 3440 723 3516 oblationum,
741 3443 816 3505 licet
831 3445 939 3503 omnis
961 3443 1086 3504 oblatio
1102 3464 1167 3504 non
1186 3447 1227 3506 sit

126 3541 332 3606 sacrificium.
380 3543 447 3604 Res
466 3553 578 3605 autem
603 3543 716 3605 oblata
739 3545 838 3606 debet
862 3565 932 3606 esse
955 3545 1126 3620 sensibilis
1150 3566 1226 3607 nam

126 3645 323 3708 sacrificium
348 3647 479 3728 proprie
503 3645 628 3709 dietum
654 3656 703 3709 est
727 3646 819 3709 attus
843 3648 950 3709 cultus
972 3648 1104 3730 publici,
1121 3660 1153 3712 et
1170 3671 1227 3711 ex·

126 3759 221 3812 terna
245 3749 469 3811 manifestatio
493 3751 622 3811 virtutis
646 3751 823 3830 religionis
840 3772 877 3811 ac
894 3753 1033 3832 proinde
1050 3755 1228 3816 consistere

160 3939 169 3970 ¹
186 3940 226 3993 Cf.
241 3940 270 3992 S.
286 3940 311 3991 T
308 3939 334 3992 lt.
350 3955 373 3992 2.
392 3954 415 3992 2.
430 3957 457 4008 q.
474 3940 534 4006 1853
555 3940 671 4006 Saurea,
685 3939 720 3991 de
735 3940 922 4005 Eucharistia,
936 3940 1007 4008 disp.
1025 3955 1070 4007 733
1089 3941 1177 4009 Lnga,
1193 3940 1228 3992 cle

127 4027 218 4082 Euch.
235 4026 305 4093 disp.
324 4023 487 4091 X1X,sett.
507 4041 532 4090 1;
552 4027 699 4094 Stemma
716 4025 845 4078 Soteriol.
863 4044 885 4079 c.
905 4028 955 4092 lX,
969 4025 1036 4079 secl.
1054 4042 1080 4093 ²3
1099 4027 1126 4078 A
1144 4027 1226 4087 Cave,

125 4115 188 4168 The
209 4113 362 4180 Scriptural
381 4111 510 4166 dotirine
529 4112 560 4164 of
575 4113 719 4177 sacrifice;
742 4112 849 4178 Oelzler,
864 4113 896 4165 O.
912 4115 944 4166 T.
960 4114 1111 4180 Theology‚
1133 4111 1146 4181 ξ
1170 4126 1230 4164 120-

128 4218 191 4272 1343
208 4201 357 4263 Buatln'er,
375 4202 413 4254 Le
428 4201 560 4254 Sacrifice
573 4201 644 4253 dans
658 4201 683 4252 le
699 4202 811 4268 Dogme
824 4201 991 4269 catholique,
1005 4202 1015 4252 l
1029 4208 1109 4268 part,
1119 4201 1160 4252 ch.
1176 4214 1227 4265 1-3.

160 4286 232 4341 ²Ps.
248 4287 353 4353 XLIX,
371 4303 410 4355 14.
