2684 4634
132 175 173 226 DE
190 177 506 230 RELATIONIBUS
524 179 780 233 DWINARUM
801 182 1109 234 PERSONARUM.
1143 183 1210 234 245

326 361 567 446 Couor'mmu
590 398 639 446 oa
663 384 817 450 spiriru
844 387 1003 451 Seuero

163 534 224 598 141.
271 518 331 600 (A)
354 518 502 600 Spin'tns
518 519 552 583 S.
561 521 710 601 procedit
731 543 752 583 a
767 523 871 587 Patre
897 535 928 587 et
946 524 1032 587 Filia
1056 534 1211 606 tanquam

130 621 159 682 ab
171 622 263 685 unica
270 623 433 703 prirrcipio
448 632 478 686 et
492 623 588 687 uniat
603 625 787 706 spiratione,
796 627 869 690 licet
880 628 949 690 sint
958 629 1021 691 drea
1030 628 1211 710 spirantes.

131 725 243 809 aaa
256 737 312 803 est,
328 749 371 789 ex
384 726 576 791 definitione
588 727 688 792 Cone.
700 729 882 792 Florentini
893 731 963 814 jam
977 733 1084 795 citati.
1106 737 1112 749 ‘
1132 732 1214 796 Sen-

131 849 173 891 sus
192 830 291 913 hujus
307 831 469 894 corollarii
486 841 545 907 est,
562 851 628 893 non
651 852 723 894 esse
740 833 772 894 in
792 834 888 896 Patre
904 845 937 897 et
950 836 1034 898 Filio
1046 835 1213 917 duplicem

132 935 183 996 vim
199 935 400 1017 spirativam‚
417 935 473 996 sed
492 956 593 997 unam
617 931 757 1012 tantum,
775 956 850 1016 quae
874 938 1004 1018 utrique
1028 940 1216 1000 communis

133 1047 183 1115 est·;
213 1040 337 1102 etenim
355 1040 387 1101 in
405 1041 479 1102 Deo
496 1038 608 1101 omnia
624 1040 815 1100 communia
838 1050 924 1115 sunt,
940 1041 996 1103 ubi
1021 1061 1087 1103 non
1104 1039 1218 1103 obstat.

134 1141 285 1204 relationis
298 1142 480 1225 oppositio;
503 1141 595 1222 atqui
612 1141 643 1202 in
662 1142 876 1222 producendo
889 1143 1049 1225 Spiritum
1064 1143 1106 1219 S,
1119 1129 1216 1208 Pater

135 1251 157 1305 et
170 1246 270 1308 Filius
286 1266 352 1309 non
370 1245 432 1308 sibi
450 1255 565 1307 mutuo
583 1254 813 1326 opponuntur;
836 1267 915 1328 ergo
937 1247 1125 1329 producunt
1142 1247 1215 1328 Spi-

135 1347 215 1412 ritum
232 1349 276 1424 S,
292 1370 350 1430 per
370 1349 498 1411 raedam
515 1347 614 1409 nnius
620 1347 786 1429 principii.
832 1349 887 1411 Ex
910 1370 976 1430 quo
997 1350 1145 1430 sequitur
1161 1370 1217 1413 eos

135 1453 298 1528 producere
315 1451 475 1533 Spiritum
499 1448 595 1511 nnictt
607 1449 803 1529 spiratione·
838 1471 940 1532 quum
958 1453 1046 1514 enim
1063 1453 1160 1515 unica
1176 1453 1218 1513 sit

134 1555 168 1617 vis
180 1554 336 1638 spirandi,
353 1555 483 1635 utrique
493 1554 689 1629 communis,
702 1556 848 1616 exerceri
862 1558 976 1638 nequit
993 1557 1054 1618 nisi
1071 1556 1114 1619 ab
1129 1566 1217 1620 utro-

132 1675 181 1736 que
200 1658 299 1721 simul
324 1666 453 1738 agente.
500 1655 561 1718 Ille
576 1665 688 1717 autem
712 1654 805 1719 attus
821 1667 958 1719 vocatur
979 1658 1125 1739 spirati0,
1141 1658 1218 1739 quia

78 1754 81 1775 '
132 1758 157 1824 fit
171 1783 229 1844 per
247 1761 383 1824 modum
403 1759 571 1823 volitionis
587 1779 643 1821 seu
661 1759 797 1836 amoris;
829 1779 923 1821 amor
938 1761 1025 1827 enim
1044 1770 1093 1822 est
1110 1770 1219 1822 motus

78 1856 80 1863 ’
78 1865 301 1929 voluntatis
324 1865 366 1926 ad
391 1884 459 1926 rem
484 1872 630 1925 amatam
659 1863 837 1939 tendentis
853 1864 908 1944 qui
933 1865 1081 1926 imitatur
1103 1864 1218 1956 flatum

78 1910 81 2013 i
127 1988 174 2033 seu
199 1977 329 2031 motum
351 1967 516 2049 spirantis.
562 1966 865 2029 AnimadvertitS.
888 1967 1106 2029 Tnarnasdici
1123 1988 1220 2050 posse

125 2073 281 2156 Spiritum
300 2071 331 2135 S
348 2093 369 2132 a
385 2072 487 2133 Patre
503 2068 681 2151 procedere
696 2081 762 2150 per
775 2070 910 2145 Fi',lnnn
932 2091 998 2131 non
1022 2071 1156 2151 quidem
1180 2092 1220 2133 eo

122 2197 217 2239 sensu
245 2175 336 2254 quod
354 2173 458 2236 Filius
482 2173 525 2234 sit
548 2173 815 2247 instrumentum,
832 2182 889 2235 aut
916 2173 1064 2235 minister
1088 2175 1220 2237 Patrem

120 2281 283 2365 adjuvans
300 2279 331 2339 in
345 2278 556 2359 processione
569 2276 723 2357 Spiritus,
739 2276 796 2337 sed
814 2277 892 2356 quia
910 2275 1012 2338 Filius
1029 2286 1078 2339 est
1095 2277 1221 2359 origine

119 2384 250 2448 medius
275 2382 359 2444 inter
377 2382 507 2444 Patrem
533 2388 567 2442 et
588 2379 810 2461 spiritumet
834 2400 853 2441 a
878 2379 975 2441 Patre
998 2378 1099 2442 habet
1131 2381 1219 2461 quod

117 2487 227 2571 possit
242 2485 365 2566 spirare
377 2483 548 2566 Spiritum.

150 2593 209 2654 Ex
221 2589 284 2652 hoc
297 2589 397 2650 etiam
408 2587 545 2669 intelligi
559 2587 657 2650 datur
668 2606 734 2667 quo
747 2606 844 2648 sensu
856 2607 875 2648 a
886 2587 1052 2653 nonnullis
1065 2590 1222 2651 doceatur

118 2700 252 2760 Patrem
269 2691 429 2754 mediante
443 2690 530 2754 Filia
546 2693 685 2773 spirare;
709 2691 736 2751 si
753 2690 979 2751 consideretur
996 2691 1067 2771 ipsa
1079 2691 1222 2771 patentia

115 2797 289 2881 speratim,
300 2815 402 2877 quum
419 2794 490 2857 haec
507 2797 549 2857 sit
563 2796 651 2857 Patri
669 2804 702 2857 et
716 2794 801 2855 Filio
818 2794 1013 2868 communis,
1029 2795 1094 2856 dici
1108 2795 1223 2875 nequit

117 2900 337 2985 spirationem
354 2919 424 2960 esse
441 2902 461 2959 a
479 2900 575 2960 Patre
589 2900 760 2961 mediante
775 2898 860 2959 Filio
870 2919 877 2974 ;
901 2898 927 2958 si
939 2907 1050 2959 autem
1070 2898 1220 2960 conside-

117 2995 236 3069 rentul·
258 3002 318 3084 ipsi
335 3001 502 3079 spirantes,
518 3003 574 3083 qui
590 2999 737 3064 distineti
760 3011 846 3075 sunt,
863 3000 927 3062 dici
944 3010 1056 3080 potest
1073 3001 1222 3082 spiratio-

118 3128 200 3172 nem
224 3125 295 3168 esse
318 3125 337 3167 a
362 3105 459 3166 Patre
485 3105 654 3166 mediante
681 3104 774 3179 Filio,
803 3105 834 3164 in
861 3113 1022 3183 quantum
1041 3104 1144 3167 Filius
1167 3106 1222 3186 qui

118 3213 235 3294 spirat,
251 3218 301 3271 est
317 3228 336 3269 a
350 3208 446 3269 Patre
457 3219 479 3270 ².

172 3359 239 3424 142.
271 3344 519 3425 (Bfflracesse‘a
533 3343 677 3419 Spirittls
693 3343 727 3406 S.
744 3342 857 3424 rtiffizrt
869 3364 890 3403 a
905 3345 1113 3422 generatione
1131 3345 1226 3408 Verbi

119 3451 184 3514 sub
200 3447 320 3529 triplici
339 3445 497 3528 respee'tu.
543 3447 593 3527 (a)
608 3447 757 3509 Verbum
773 3446 923 3526 procedit
937 3447 979 3507 ab
996 3446 1154 3509 intellettu
1167 3469 1225 3528 per

120 3549 261 3613 modum
277 3547 487 3627 cogitatianes,
501 3546 645 3627 Spiritus
663 3549 859 3611 aoalnntate
873 3570 931 3631 per
942 3551 1077 3613 modum
1095 3553 1222 3614 amares.

120 3655 172 3736 (b)
196 3637 298 3713 Filius
322 3650 470 3731 procedit
494 3650 632 3712 aPatre
656 3651 726 3725 sola,
745 3651 888 3732 Spiritus
912 3674 930 3714 a
954 3654 1057 3714 Patre
1078 3665 1109 3715 et
1132 3655 1223 3717 Filia.

157 3786 243 3798 ...ι-ι

155 3847 317 3901 ¹Dicuntur
336 3847 391 3900 duo
409 3849 557 3916 spirantes,
581 3864 638 3899 non
658 3858 751 3900 autem
777 3849 833 3901 duo
852 3852 1012 3917 spiratores,
1033 3850 1107 3919 quia,
1130 3861 1160 3903 ut
1187 3851 1225 3904 ait

121 3939 150 3991 S.
162 3936 285 3989 Thomas
295 3934 333 4003 (q.
343 3935 385 4003 36,
402 3951 425 3986 a.
438 3934 499 3999 aad
514 3933 550 4003 7),
560 3933 669 3987 videtur
682 3934 781 3987 melius
796 3935 944 3988 dicendum
955 3938 1030 4003 quod
1039 3937 1104 4006 quia
1113 3940 1227 4006 spirans

120 4020 294 4091 adjeelivum
314 4032 364 4086 est,
386 4022 512 4090 spirator
530 4037 596 4074 vero
622 4021 837 4088 substantivum,
858 4040 1007 4091 possumus
1031 4024 1124 4078 dicere
1151 4027 1225 4094 quod

123 4113 208 4163 Pater
227 4118 254 4161 et
269 4107 356 4161 Filius
370 4117 434 4160 sunt
448 4107 503 4160 duo
516 4106 655 4175 spirantes
673 4120 786 4177 propter
803 4110 991 4177 pluralitatem
1010 4112 1226 4179 suppositorum,

120 4214 180 4251 non
193 4205 289 4248 autem
302 4194 357 4247 duo
371 4192 531 4262 spiratores,
544 4205 664 4263 ,propter
676 4212 762 4247 unam
777 4195 967 4263 spirationem.

156 4281 221 4335 ²Cf.
234 4281 264 4334 S.
281 4281 376 4334 Titum.
393 4279 420 4334 in
437 4282 447 4333 l
463 4281 526 4335 dist.
545 4295 584 4348 12,
599 4299 626 4351 q.
647 4297 668 4347 r,
682 4300 705 4334 a.
721 4297 744 4351 3.
1241 4286 1320 4368 ι
