2684 4634
152 110 210 159 DE
226 109 530 163 consuamus
547 110 793 170 UTRIUSQUE
813 108 1033 158 MYSTERII.
1095 104 1157 155 619

54 222 125 233 ki·—

52 287 240 373 legitimum
253 303 319 368 est;
342 292 434 372 atqui
453 292 545 353 Deus
562 292 631 372 ipse
645 289 788 355 Sanctos
801 312 878 354 suos
890 293 1034 353 honorat
1044 299 1078 351 et
1087 287 1158 369 glo·
1243 356 1245 360 ,

49 390 178 469 rificat;
212 394 294 457 dicit
309 395 399 456 enim
419 418 425 457 :
459 394 699 476 “Quicumque
715 393 947 475 glorificaverit
965 412 1019 455 me
1035 389 1158 472 glorifi-

47 494 139 557 cabo
154 515 233 559 eum
244 496 278 539 ”¹
292 517 299 572 ;
323 496 475 577 “Siquis
493 496 572 559 mihi
591 496 1069 560 ministraverithonorificabit
1082 514 1158 557 eum

45 592 265 680 Pateri'neus
279 597 295 622 ’'
307 609 338 675 2;
366 619 452 680 erge.
501 600 545 661 Et
562 620 675 662 revera
693 600 892 666 Sanctorum
909 601 1019 662 cultus
1043 599 1075 659 in
1095 597 1158 659 Dei

41 699 216 765 honorem
232 702 408 778 redundat,
425 722 528 783 quum
546 705 651 779 dotes,
669 714 804 785 propter
821 723 903 783 quas
921 702 993 764 illos
1010 701 1160 774 colimus,

42 824 95 867 ex
107 804 186 867 Deo
198 815 407 889 promanent,
422 806 690 888 Supremumque
703 806 877 869 Artificem
896 808 928 869 in
943 802 1076 868 Sanctis
1090 804 1158 865 suis

43 907 194 970 mirifice
210 919 404 990 operantem
422 929 652 990 agnoscamus,
699 908 748 990 (b)
774 910 914 990 Insuper
931 908 994 969 illis
1010 907 1066 988 qui
1084 925 1161 986 spe·

44 1010 175 1075 cialem
191 1012 316 1076 habent
332 1013 577 1089 excellentiam,
592 1013 744 1093 specialis
762 1011 945 1074 reverentia
959 1010 1110 1083 debetur,
1123 1017 1159 1069 ut

46 1124 150 1197 patet
166 1136 210 1178 ex
226 1117 408 1179 honoribus
424 1118 480 1198 qui
498 1118 629 1198 magnis
644 1117 722 1180 viris
739 1116 934 1189 redduntur;
968 1112 1061 1193 atqui
1076 1111 1159 1174 San-

47 1215 109 1293 cti,
126 1219 184 1300 qui
205 1218 345 1281 heroicis
361 1220 540 1283 virtutibus
565 1221 597 1280 in
622 1223 709 1281 terra
732 1218 954 1291 eminuerunt,
970 1223 1003 1277 et
1020 1233 1108 1275 nunc
1126 1212 1158 1274 in

26 1410 30 1415 Ι
49 1320 142 1383 coelo
159 1342 234 1383 curn
247 1321 381 1386 Christo
398 1331 547 1403 regnant,
565 1321 744 1402 specialem
762 1319 998 1381 excellentiam
1016 1316 1156 1389 habent;

50 1443 145 1504 ergo

93 1586 166 1652 304.
213 1577 367 1634 Thesislla
380 1595 390 1629 :
413 1576 567 1640 Licitum
583 1581 640 1640 est
656 1580 692 1639 et
708 1573 794 1637 utile
810 1573 965 1637 Sanctos
981 1571 1158 1634 invocare.

53 1672 108 1733 De
114 1672 187 1753 fide
206 1684 306 1736 estex
326 1675 466 1737 Trident.
485 1677 635 1756 superius
651 1675 695 1753 (n.
716 1672 792 1752 300)
809 1673 961 1753 allegato.

99 1775 198 1839 Proh.
242 1776 302 1859 (A)
320 1777 438 1858 Scrz'pt,
483 1778 533 1859 (a)
551 1779 692 1842 Constat
705 1777 815 1857 justos
831 1776 980 1837 viventes
998 1793 1059 1854 pro
1076 1772 1158 1833 vivis

55 1878 260 1941 intercedere
284 1901 391 1961 posse,
408 1882 475 1942 imo
503 1881 605 1943 talem
630 1878 901 1941 intercessionem
925 1877 968 1938 ab
993 1877 1065 1956 ipso
1084 1877 1159 1937 Deo

55 1984 307 2046 commendari:
331 1991 347 2015 “
363 1985 413 2045 lte
429 1985 470 2045 ad
488 2003 618 2045 servum
636 2002 746 2043 meum
763 1981 829 2061 Job
904 1979 1012 2040 orabit
1029 1999 1089 2059 pro
1100 1999 1156 2039 vo·

55 2083 108 2146 bis
121 2085 178 2162 ’'3;
214 2088 385 2161 “Fratres¹
409 2098 500 2149 orate
526 2108 586 2167 pro
614 2087 709 2147 nobis
720 2086 783 2162 ”43
815 2082 1023 2163 “Adjuvetis
1048 2102 1101 2143 me
1125 2082 1157 2141 in

55 2188 263 2250 orationibus
277 2191 394 2251 vestris
407 2192 422 2216 ''
436 2202 461 2269 s;
484 2192 585 2271 atqui,
598 2192 624 2251 si
643 2187 842 2253 Sandtorum
860 2185 1012 2268 precibus
1026 2187 1058 2247 in
1072 2189 1158 2247 terra

56 2291 251 2370 degentium
269 2312 340 2353 sese
357 2295 590 2355 commendare
602 2293 686 2366 licet,
698 2314 756 2354 cur
772 2295 813 2355 ad
832 2312 943 2373 preces
958 2291 1157 2355 Sanctorum

57 2393 114 2472 qui
131 2394 165 2453 in
181 2395 267 2455 coelo
280 2405 365 2470 sunt,
383 2396 561 2476 confugere
585 2416 651 2457 non
676 2396 807 2457 liceret?
853 2396 975 2457 Nonne
992 2397 1034 2457 ad
1048 2396 1158 2456 Deum

58 2497 193 2576 propius
210 2498 381 2572 accedunt,
395 2519 432 2560 ac
449 2500 588 2579 proinde
605 2519 715 2559 nonne
732 2497 897 2559 efficacius
915 2498 1010 2560 nobis
1028 2516 1158 2558 succur-

59 2617 128 2660 rere
146 2601 329 2679 possunt⁶?
368 2603 439 2663 Nec
457 2603 586 2663 dicatur
604 2598 745 2664 Sanctos
763 2621 876 2681 preces
895 2610 1024 2662 nostras
1043 2601 1158 2662 audire

11 2706 13 2721 '
61 2718 125 2760 non
150 2720 272 2780 posse:
305 2704 436 2764 sienim
456 2702 578 2783 Angeli
603 2715 734 2764 nostras
758 2713 964 2783 cognoscunt
987 2703 1156 2764 orationes

62 2802 201 2884 Deoque
228 2804 407 2883 offerunt7;
441 2810 467 2869 si
493 2828 592 2888 super
613 2809 796 2888 peccatoris
820 2808 1053 2888 poenitentiam
1078 2827 1158 2886 gau-

62 2906 168 2982 dent⁸‚
185 2927 295 2969 nonne
322 2913 392 2990 pari
418 2911 490 2992 jure
517 2909 631 2975 Sancti
659 2932 773 2993 preces
800 2921 929 2973 nostras
957 2931 1158 2992 cognoscere

64 3017 219 3089 possunt?
265 3013 445 3094 Quomodo
461 3026 572 3076 autem
590 3035 703 3095 preces
726 3025 849 3078 nostrae
877 3018 924 3077 eis
947 3016 1158 3077 innotescant

65 3150 366 3164 —-—..—.....
374 3159 428 3164 -.-
435 3158 530 3165 .-.—

94 3223 204 3292 1theg.
221 3226 258 3291 11,
274 3241 315 3290 30.
329 3225 379 3263 -·-·
382 3227 448 3293 soa.
463 3227 531 3292 xli,
543 3225 585 3279 26.
597 3231 649 3264 -³
650 3227 714 3293 Job.
726 3227 820 3292 an,
833 3227 858 3279 8.
871 3256 903 3262 -
916 3226 1057 3278 mrum.
1069 3227 1105 3290 u,
1116 3240 1157 3293 25.

94 3306 192 3362 tuom.
206 3312 268 3376 XV,
281 3327 323 3380 30.

94 3390 197 3464 ⁶Quod
205 3399 245 3451 sic
256 3415 374 3452 nervose
387 3412 467 3465 urget
476 3399 504 3451 S.
511 3399 704 3466 Hieronymus
717 3399 834 3465 (adVig.
849 3415 876 3450 n.
889 3398 916 3459 ὁ)
931 3417 936 3450 :
960 3396 977 3422 ‘⁸
991 3398 1020 3450 Si
1030 3397 1158 3464 Apostoli

63 3492 89 3536 et
99 3481 242 3550 Martyres
255 3485 347 3537 adhuc
360 3486 389 3537 in
403 3502 487 3537 carne
495 3485 638 3538 constituti
649 3495 766 3552 possunt
775 3501 855 3537 orare
863 3501 913 3552 pro
924 3484 1033 3549 ceteris,
1044 3485 1159 3552 quando

62 3586 110 3639 pro
124 3586 155 3623 se
167 3571 259 3623 adhuc
273 3571 377 3623 debent
390 3587 453 3623 esse
464 3570 576 3623 solliciti
591 3590 596 3623 :
624 3581 731 3640 quanto
744 3570 834 3637 magis
848 3580 911 3637 post
931 3587 1059 3634 coronas,
1072 3568 1158 3622 vieto-

61 3656 115 3708 rias
128 3667 156 3710 et
169 3655 341 3725 triumphos?
379 3658 460 3710 Unus
474 3658 586 3724 slloyses
599 3657 737 3709 sexcentis
751 3657 873 3710 millibus
886 3667 1058 3709 armatorum
1072 3655 1158 3724 impe-

12 3730 17 3813 ς*
61 3753 146 3796 trata
160 3745 223 3796 Deo
236 3745 347 3796 veniam
398 3755 433 3809 et,
447 3756 597 3813 postquam
611 3761 675 3796 cum
689 3743 801 3797 Christo
819 3760 881 3797 esse
895 3753 1050 3811 coeperunt,
1066 3743 1158 3795 minus

60 3832 210 3885 valebunt?
246 3833 358 3884 Paulus
371 3849 414 3899 ap¹
426 3832 562 3884 ducentas
577 3832 757 3900 septuaginta
768 3848 816 3884 sex
830 3831 882 3884 sibi
897 3831 964 3883 dicit
978 3831 1006 3882 in
1020 3831 1084 3883 navi
1099 3833 1159 3882 ani-

12 3902 15 4011 )
60 3936 122 3973 mas
140 3920 315 3973 condonatas
323 3920 396 3987 (Aa,
411 3920 535 3985 XXVII,
547 3920 603 3987 24);
633 3931 660 3972 et
674 3929 823 3987 postquam
838 3919 975 3970 resolutus
989 3934 1051 3970 esse
1065 3935 1158 3987 coepe-

59 4009 104 4075 rit,
117 4019 183 4063 tunc
197 4027 246 4062 ora
256 4010 399 4062 clausurus
413 4022 456 4061 est
468 4018 496 4061 et
510 4025 559 4076 pro
573 4008 625 4072 his,
639 4007 684 4075 qui
695 4007 722 4059 in
734 4016 792 4059 toto
803 4007 871 4059 orbe
884 4007 921 4058 ad
936 4020 1016 4057 suum
1026 4007 1156 4074 Evange-

58 4096 128 4151 lium
141 4097 327 4163 crediderunt,
342 4097 443 4149 mutire
456 4113 511 4148 non
525 4096 642 4163 poterit?
652 4095 664 4121 '²

94 4184 179 4240 ⁷T0b.
196 4186 265 4252 XII,
282 4216 312 4221 —
328 4185 413 4237 ⁸er
430 4185 493 4249 XV,
507 4197 529 4248 7.
