2684 4620
144 190 210 242 596
262 216 263 221 =
372 216 375 221 ,
588 188 730 239 CAPUT
749 188 802 237 1v.

150 309 206 314 -.....
216 306 551 314 ---——.——-—
582 306 762 312 -—..
779 306 792 310 ..
1083 302 1243 310 .-.,.——-—

143 374 283 435 adverso
298 371 458 445 steterint,
471 369 553 432 fides
567 371 598 432 in
615 369 872 432 Immaculatum
884 368 1034 448 Virginis
1047 377 1242 447 conceptum

143 476 176 536 in
207 475 277 536 dies
307 474 446 536 invaluit
476 483 547 536 tum
581 473 666 536 inter
698 474 859 546 Pastores,
886 482 957 533 tum
986 472 1072 533 inter
1101 469 1244 542 Fideles;

143 577 263 639 festum
277 576 514 657 Conceptionis
530 596 588 657 per
604 585 710 640 totam
730 575 915 637 Ecclesiam
932 582 1156 654 propagatum
1174 567 1243 647 suit;

145 679 321 742 Pontifices
344 680 443 741 variis
467 678 773 742 Constitutionibus
796 677 1038 758 prohibuerunt
1065 695 1108 737 ne
1135 684 1242 737 contra

41 813 43 817 ⁴
143 781 227 844 hanc
244 783 333 863 piam
351 779 535 844 doetrinam
554 782 628 861 quis
645 781 744 861 loqui,
757 780 955 854 concionari,
968 777 1121 854 tractare,
1137 771 1241 858 dispu-

143 895 212 948 tare
229 887 387 962 auderet;
409 886 455 947 ita
471 906 500 946 v.
516 905 545 965 g.
564 885 681 947 Sextus
696 885 761 959 IV,
774 885 964 946 Alexander
987 882 1058 946 VII
1068 883 1239 962 (Denee'ng.

143 1009 195 1050 nn.
215 989 288 1066 619,
311 1005 384 1068 943,
407 988 494 1068 962).
540 988 698 1051 “Omnes
722 997 834 1049 autem
859 989 990 1061 norunt,
1013 986 1060 1048 ait
1083 986 1171 1047 Pius
1191 985 1241 1046 IX

142 1091 253 1170 (Bulla
268 1087 477 1174 Ieeffabilis),
493 1100 619 1170 quanto
636 1091 747 1154 studio
764 1091 835 1152 haec
851 1091 893 1151 de
912 1089 1135 1151 Immaculata
1152 1090 1239 1170 Deip.

142 1193 290 1272 Virginis
316 1192 543 1273 Conceptione
569 1189 721 1254 doctrina
752 1213 771 1254 a
801 1190 1054 1274 spectatissimis
1086 1193 1240 1272 religiosis

144 1294 300 1370 Familiis,
311 1305 344 1356 et
356 1287 595 1356 celebrioribus
608 1295 803 1375 theologicis
821 1295 1014 1357 Academiis
1030 1316 1069 1358 ac
1087 1288 1239 1376 praestan-

142 1398 277 1460 tissimis
294 1418 401 1459 rerum
418 1397 604 1460 divinarum
622 1399 759 1460 scientia
777 1397 979 1462 Doctoribus
995 1398 1096 1461 fuerit
1114 1399 1238 1472 tradita,

141 1510 266 1562 asserta
281 1521 319 1562 ac
336 1511 554 1582 propugnata.
601 1502 730 1565 Omnes
753 1502 876 1583 pariter
899 1503 1022 1563 norunt
1038 1489 1239 1583 quantopere

141 1604 271 1666 solliciti
288 1605 409 1667 fuerint
425 1625 592 1666 sacrorum
606 1605 788 1667 Antistites
799 1604 850 1665 vel
868 1604 900 1665 in
918 1603 997 1684 ipsis
1013 1603 1239 1666 ecclesiasticis

140 1709 359 1770 conventibus
375 1709 487 1789 palam
505 1708 703 1788 publiceque
719 1707 864 1789 profiteri
882 1706 941 1770 SS.
960 1707 1024 1768 Dei
1042 1706 1238 1769 Genitricen

141 1812 180 1873 V.
196 1812 401 1886 Mariam,ob
415 1813 555 1892 praevisa
568 1811 690 1874 Christi
708 1811 846 1874 Domini
864 1811 1104 1892 Redemptoris
1121 1811 1238 1884 merita,

141 1903 310 1995 nunquam
335 1915 486 1995 originali
512 1914 716 1995 subjacuisse
739 1915 921 1995 peccat0...'’
969 1913 1060 1974 Hinc
1083 1913 1238 1975 Tridenti-

140 2040 227 2094 num,
243 2039 318 2080 cum
335 2020 378 2080 de
394 2029 532 2100 peccato
548 2019 699 2099 originali
722 2019 835 2081 ederet
858 2017 1036 2091 decretum,
1052 2016 1239 2078 solemniter

139 2122 320 2184 declaravit
337 2127 432 2183 “non
450 2141 521 2183 esse
537 2142 605 2183 suae
622 2122 816 2182 intentionis
836 2118 1119 2201 comprehendere
1135 2119 1168 2180 in
1184 2119 1238 2180 hoc

139 2225 282 2299 decret0,
299 2226 356 2287 ubi
372 2226 414 2287 de
430 2234 569 2305 peccato
585 2223 735 2304 originali
753 2225 870 2304 agitur,
888 2223 923 2284 B.
940 2232 974 2284 et
990 2222 1237 2284 immaculatam

140 2329 180 2389 V.
206 2328 353 2403 Mariam,
382 2329 445 2388 Dei
473 2329 706 2391 Genitricem'’
730 2329 814 2409 (ress.
832 2330 873 2405 V,
897 2347 966 2390 can.
993 2326 1033 2407 ς).
1081 2327 1239 2400 Tandem,

139 2449 241 2510 quum
255 2429 384 2510 jamdiu
403 2430 590 2494 Antistites.
610 2432 835 2493 Ecclesiastici
851 2432 920 2506 viri,
937 2430 1123 2511 Regulares
1147 2430 1239 2493 Ordi-

140 2554 207 2608 neS,
223 2554 261 2594 ac
276 2533 327 2595 vel
346 2534 407 2615 ipsi
427 2535 648 2616 Imperatores
664 2546 698 2597 et
716 2535 825 2615 Reges
841 2555 861 2595 a
878 2535 910 2598 S.
928 2534 1016 2597 Sede
1032 2535 1134 2595 enixe
1154 2532 1240 2595 effla·

139 2636 301 2717 gitassent
325 2646 362 2698 ut
389 2637 609 2699 Immaculata
634 2637 819 2718 Conceptio
845 2638 879 2698 B.
904 2636 949 2698 M.
974 2636 1015 2697 V.
1039 2635 1143 2699 veluti
1169 2637 1240 2698 lidei

139 2739 310 2801 catholicae
327 2741 451 2820 dogma
466 2740 696 2814 declararetur,
712 2740 797 2800 Pius
812 2739 879 2816 IX,
894 2749 1074 2820 postquam
1096 2740 1140 2802 ab
1164 2740 1241 2821 Epi-

138 2844 248 2924 scopis
264 2843 366 2905 totius
382 2842 471 2905 orbis
488 2843 641 2904 catholici
659 2842 859 2923 postulasset
880 2843 960 2922 quid
981 2841 1024 2904 de
1047 2841 1110 2904 hac
1127 2842 1241 2905 defini·

139 2948 229 3009 tione
245 2948 414 3021 sentirent,
430 2967 491 3027 pro
514 2951 667 3028 suprema
689 2957 722 3008 et
746 2946 909 3008 infallibili
926 2948 993 3026 qua
1008 2946 1113 3027 pollet
1130 2945 1241 3010 audio-

140 3051 246 3124 ritate,
262 3069 330 3111 rem
348 3049 540 3111 solemniter
556 3048 714 3111 definivit.

184 3154 285 3213 Porro
300 3173 344 3213 ex
361 3149 456 3214 fauts
473 3152 643 3233 hucusque
659 3153 801 3215 breviter
816 3153 979 3234 expositis
992 3153 1106 3234 'colligi
1132 3163 1241 3234 potest

138 3254 312 3317 veritatem
343 3275 443 3334 quam
475 3265 615 3330 tuemur,
640 3255 849 3318 revelationis
880 3256 1035 3336 deposito
1066 3258 1241 3332 contineri;

137 3359 227 3441 quod
245 3368 375 3420 constat
392 3379 457 3420 non
475 3360 580 3420 solum
598 3381 640 3420 ex
659 3360 822 3422 infallibili
844 3359 1037 3422 definitione
1061 3360 1241 3447 Pontificis,

138 3463 195 3524 sed
212 3463 312 3522 etiam
329 3481 373 3522 ex
389 3462 552 3523 contemni
555 3462 709 3543 fidelium
726 3484 843 3537 sensu,·
860 3463 936 3525 talis
952 3464 1041 3524 enim
1059 3483 1241 3526 consensus

137 3564 302 3626 moraliter
325 3564 502 3639 tutaminis,
521 3575 554 3626 et
575 3565 673 3627 simul
694 3566 899 3642 universalis,
920 3585 1023 3646 quum
1046 3566 1079 3626 in
1103 3569 1241 3647 utraque

140 3668 288 3729 Ecclesia
301 3667 510 3730 Occidentali
524 3679 557 3730 et
571 3669 733 3733 Orientali
750 3669 901 3750 viguerit,
913 3669 1014 3730 etiam
1031 3669 1123 3748 apud
1141 3670 1239 3731 schis-

138 3772 285 3846 maticos
312 3808 352 3816 —
378 3770 416 3832 de
443 3792 476 3832 re
503 3772 550 3832 ad
564 3772 669 3851 fidem
694 3771 875 3852 pertinente
901 3779 935 3833 et
961 3791 1036 3832 cum
1065 3771 1139 3832 aliis
1166 3771 1238 3834 fidei

137 3944 268 4012 opinione
282 3945 449 4012 dignitatem
463 3945 567 3998 Christi
582 3946 678 4011 minui,
692 3947 715 3998 si
730 3943 762 3998 B.
777 3946 863 4013 Virgo
877 3943 1071 4011 redemptione
1092 3961 1151 3996 non
1165 3945 1238 3997 -indi-

135 4041 221 4098 geret,
245 4034 345 4084 Scotus
369 4031 492 4085 ostendit
514 4024 682 4102 dignitatem
703 4032 806 4086 Christi
826 4048 882 4084 non
902 4030 998 4096 minui,
1018 4030 1069 4083 sed
1088 4031 1197 4099 augeri,
1218 4031 1237 4084 si

135 4127 254 4170 matrem
269 4127 326 4170 tarn
347 4117 469 4188 perfecte
488 4119 637 4171 redemerit
657 4129 686 4170 ut
705 4117 836 4172 meruerit
855 4134 920 4171 eam
938 4134 956 4170 a
974 4127 1092 4186 peccato
1113 4117 1237 4185 originali

123 4207 316 4275 praeservari3
345 4207 424 4279 quod
447 4216 648 4278 argumentum
667 4205 764 4258 multis
782 4193 890 4271 plaeuit
908 4203 994 4256 etiam
1013 4213 1092 4256 extra
1113 4205 1237 4259 scholam

113 4295 347 4353 franciscanam.
