2684 4634
128 169 197 222 594
572 169 710 221 CAPUT
728 169 782 217 1v.

128 345 219 407 omui
230 344 322 416 labe;
344 345 465 407 sanilo}
483 346 683 419 sanliiorem,
698 345 900 407 mundiorem
920 343 1099 406 coelestibus
1118 342 1225 405 ruenti-

129 447 206 521 bus,·
227 449 329 511 solam
344 451 500 524 sanilam,
514 449 616 511 solam
632 450 835 523 innocentem,
848 447 950 511 solam
972 447 1225 514 immaculatam.

127 551 229 613 solam
259 552 467 632 undequaque
492 552 662 628 illibatam,
686 554 848 634 solamque
872 552 1084 632 undequaque
1109 550 1225 612 bmedi-

128 655 214 716 liam
224 666 245 716 ¹.
289 654 397 735 Atqui
416 654 608 735 hujusmodi
628 655 778 718 sormulae
793 655 953 736 implicite
970 654 1224 716 Immaculatum

131 757 165 818 B.
189 757 337 838 Virginis
364 767 564 840 conceptum
590 760 783 834 continent;
808 778 853 819 ex
879 757 931 819 his
953 759 1044 819 enim
1068 757 1225 838 colligitur

130 860 322 923 immunitas
348 881 368 923 a
394 862 511 942 quivis
538 882 672 943 prorsus
699 861 829 925 maculis
856 862 997 942 peccati,
1024 861 1224 942 proindeque

129 963 230 1026 etiam
246 964 290 1026 ab
304 965 455 1046 originali
471 965 563 1041 labe;
578 966 749 1047 quomodo
763 966 852 1027 enim
864 965 930 1028 dici
941 974 1057 1046 posset
1068 963 1223 1044 undequa-

128 1087 196 1147 que,
219 1087 263 1130 ex
286 1077 360 1131 toto
380 1066 505 1143 santia,
527 1069 554 1129 si
575 1069 727 1150 originali
746 1078 886 1150 peccato
908 1065 1031 1130 inieiia
1055 1067 1128 1141 suit,
1145 1066 1227 1128 omui

129 1178 266 1250 tempore
288 1191 378 1251 pura,
401 1172 429 1232 si
449 1171 493 1233 ab
511 1171 606 1233 initio
629 1171 795 1234 maculata
820 1181 881 1246 est,
898 1172 1016 1252 purior
1033 1170 1183 1250 Angelis,
1202 1169 1223 1228 si

130 1272 267 1337 instanti
284 1274 510 1355 conceptionis
526 1275 700 1337 immunda
716 1274 795 1337 suit?
829 1274 920 1336 Hinc
935 1275 968 1336 in
984 1283 1067 1336 orat„
1082 1272 1226 1354 Gregorii

130 1377 397 1438 Neocasorieusis
419 1378 451 1438 in
480 1377 576 1459 Deip.
597 1388 734 1440 annunt.
753 1375 852 1463 (orat.
869 1395 897 1458 3,
911 1397 937 1439 c.
958 1395 995 1452 13
1017 1397 1095 1457 quae
1120 1385 1221 1437 tamen

130 1479 236 1541 oratio
254 1499 274 1539 a
297 1478 464 1541 nonnullis
484 1481 539 1542 alii
558 1479 684 1544 auttori
703 1501 872 1562 anonymo
892 1475 1075 1563 tribuitur),
1092 1479 1221 1560 legitur:

130 1583 282 1645 “Missus
298 1592 348 1644 est
364 1583 499 1647 Gabriel
517 1605 630 1647 servus
651 1586 863 1663 incorporeus
886 1583 928 1644 ad
950 1581 1129 1662 Virginem
1150 1580 1220 1642 labis

131 1686 275 1748 nesciam
289 1708 296 1763 ;
316 1687 435 1765 missus
451 1697 501 1750 est
516 1688 573 1768 qui
590 1687 672 1750 liber
687 1707 707 1748 a
722 1694 860 1767 peccato
880 1686 923 1747 ad
943 1685 1140 1764 incapacem
1163 1703 1220 1744 cor·

130 1788 292 1870 ruptionis
303 1789 344 1850 ”s
383 1790 508 1852 Iterum
539 1790 675 1870 quando
702 1787 901 1868 praedicatur
925 1787 995 1849 sola
1017 1788 1144 1860 sanila,
1165 1785 1219 1846 sola

131 1890 286 1966 innocens,
301 1911 435 1954 necesse
457 1903 508 1955 est
530 1902 567 1955 ut
590 1893 731 1974 gradum
752 1891 906 1972 puritatis
921 1891 1071 1971 attigerit
1089 1891 1148 1970 qui
1170 1888 1217 1970 ipsi

130 1995 269 2057 omnino
284 1995 460 2076 singularis
475 2005 535 2059 est.

175 2098 278 2161 Aliud
295 2107 529 2179 argumentum
544 2098 729 2162 desumitur
744 2119 788 2160 ex
803 2097 1038 2179 comparatione
1052 2117 1155 2178 quam
1172 2096 1217 2158 Pa-

131 2211 197 2263 tres
213 2201 300 2262 iuter
311 2200 465 2263 Mariam
479 2212 511 2264 et
525 2202 634 2264 Euam
651 2203 836 2265 instituunt.
883 2199 939 2264 Sic
954 2221 983 2261 v.
995 2219 1025 2280 g.
1039 2197 1078 2261 S.
1089 2198 1218 2260 Irenous

133 2299 187 2386 (C.
206 2304 294 2365 Haer.
311 2303 328 2364 l.
349 2304 412 2378 Ill,
427 2325 452 2365 c.
470 2305 523 2383 22)
541 2305 675 2367 scribit:
697 2302 1019 2386 “Quemadmodum
1036 2303 1112 2364 Eva
1126 2303 1217 2363 virum

130 2407 265 2486 quidem
292 2405 419 2467 habens
447 2406 569 2483 Adam,
594 2408 688 2488 virgo
715 2417 827 2469 tamen
853 2406 1008 2480 existens
1035 2405 1217 2467 inobediens

131 2506 227 2583 sana,
249 2518 282 2571 et
305 2509 367 2571 sibi
394 2519 427 2571 et
450 2511 603 2573 universo
626 2512 738 2591 generi
765 2511 913 2573 humano
939 2530 1040 2572 causa
1068 2508 1157 2571 faita
1180 2515 1218 2569 est

131 2612 255 2688 mortis,
266 2613 313 2674 sic
329 2621 363 2674 et
379 2612 487 2674 Maria
503 2613 629 2675 habens
646 2615 919 2695 praedestinatum
935 2613 1054 2688 virum,
1069 2623 1104 2676 et
1119 2623 1217 2675 tamen

129 2718 223 2798 virgo
238 2716 406 2791 obediens,
416 2726 449 2779 et
465 2717 527 2778 sibi
540 2726 573 2779 et
585 2717 739 2780 universo
750 2718 862 2799 generi
875 2717 1023 2779 humano
1034 2736 1135 2778 causa
1145 2711 1219 2778 satta

130 2831 181 2884 est
196 2820 311 2882 salutis
322 2820 345 2881 ''.
394 2819 553 2883 Similiter
570 2820 605 2882 S.
621 2820 766 2901 Ephrem
782 2821 890 2902 (serm.
907 2839 928 2898 4
944 2820 976 2881 in
994 2821 1058 2882 div.
1076 2818 1219 2900 Script.):

131 2923 278 2986 “Ambae
295 2943 395 3004 purae,
408 2923 516 2985 ambae
533 2924 697 3005 simplices
709 2925 817 2986 Maria
829 2933 862 2987 et
876 2923 949 2985 Eva
960 2923 1021 2985 sibi
1034 2943 1080 2986 ex
1092 2924 1221 2986 adverso

131 3027 341 3107 respondent,
363 3025 466 3088 altera
489 3026 605 3087 mortis
628 3036 759 3101 nostrae,
782 3026 885 3088 altera
907 3026 984 3087 vitae
1010 3046 1112 3088 causa
1136 3024 1221 3088 fuit’‘.

133 3128 222 3189 Alibi
246 3129 368 3188 docent
393 3129 427 3189 B.
444 3128 617 3208 Virginem
641 3149 713 3191 esse
736 3149 853 3191 novam
872 3128 991 3204 anm,
999 3128 1113 3208 priori
1127 3129 1223 3210 perfe-

130 3232 268 3306 lliorem,
283 3232 461 3313 majorique
473 3230 589 3311 gratini
608 3232 785 3310 donatam;
809 3232 901 3312 atqui
924 3230 995 3292 haec
1019 3233 1135 3294 omnia
1157 3251 1224 3294 vera

131 3355 196 3397 non
210 3344 320 3397 essent
332 3335 359 3395 si
374 3334 481 3395 Maria
497 3334 613 3397 suisset
628 3334 780 3416 originali
796 3344 934 3414 peccato
951 3334 1136 3412 maculata;
1157 3355 1225 3397 nam

132 3439 204 3500 Eva
220 3438 325 3500 fuerat
341 3437 383 3498 ab
399 3437 495 3499 initio
510 3437 616 3516 gratia
632 3446 757 3511 ornata,
768 3437 890 3499 nullam
907 3435 1104 3517 originalem
1123 3457 1225 3500 macu-

131 3541 197 3604 lam
214 3550 447 3617 contraxerat;
470 3560 550 3621 ergo
565 3541 687 3620 pariter
702 3541 849 3602 secunda
866 3541 938 3602 Eva
961 3540 1004 3602 ab
1026 3543 1119 3603 omni
1137 3541 1227 3622 origi-

131 3644 196 3705 nali
214 3643 287 3704 labe
305 3644 462 3705 immunis
479 3643 540 3705 fuit
553 3655 575 3705 ².

173 3747 301 3808 Eadem
317 3744 469 3809 doitrina
485 3747 517 3807 in
535 3748 695 3827 dogmate
710 3746 833 3809 deiu‘uce
848 3746 1070 3809 inmunitatis
1085 3748 1227 3810 include·

164 3995 173 4025 1
187 3993 302 4045 Patrum
316 3989 477 4044 testimonia
490 4000 620 4044 accurate
640 3990 751 4058 collegit
764 3999 791 4044 et
805 3989 932 4058 exposuit
946 3990 1108 4059 Passaglia,
1124 4007 1170 4060 op.
1186 3988 1226 4043 cit.

128 4078 195 4132 seit.
214 4080 241 4131 ΙΙ
257 4088 284 4132 et
299 4079 348 4130 Vl.

162 4178 172 4207 ‘²
186 4177 270 4247 Quod
284 4186 483 4246 argumentum
496 4177 608 4247 egregie
622 4176 735 4244 exponit
748 4178 898 4239 Nemeaeu,
910 4175 1050 4244 Anglican
1065 4175 1229 4236 difficulties,

116 4267 172 4323 vol.
190 4269 232 4338 ll,
246 4286 274 4340 p.
292 4285 327 4340 31
344 4284 400 4340 sq.;
421 4265 456 4323 cl.
472 4266 588 4334 Liuius,
600 4282 649 4335 op.
663 4263 725 4331 cit,
736 4264 782 4317 eb.
793 4264 863 4330 Vp.
877 4275 967 4329 ⁶3ng
