2684 4634
305 184 362 234 DE
380 183 726 236 OPERATIONIBUS
745 185 869 234 DIVIN
875 186 921 233 IS.
1089 185 1160 234 ’167

55 375 108 422 aut
123 362 195 435 quia
208 361 342 436 praevidit
354 383 410 422 nos
429 364 490 423 sore
510 364 637 434 saucios,
651 365 704 422 sed
724 372 758 420 ut
773 364 906 422 essemus
925 362 1031 430 sanein
1052 364 1161 432 (bl'nos

55 450 185 522 elegisse
199 452 365 510 secundum
379 451 566 523 propositum
585 451 750 510 voluntatis·
764 470 833 520 suae,
848 452 863 506 i.
879 468 902 507 e.
919 449 1046 521 gratuita
1059 449 1161 505 volun-

55 549 129 606 tate,
143 548 175 596 ut
188 540 311 609 gratiam
326 557 409 596 suam
423 539 649 597 commendaret
654 560 661 610 ;
680 550 708 597 et
728 539 805 609 ide0,
823 537 958 610 respectu
978 537 1078 607 nostri,
1092 537 1161 607 quia

56 625 141 681 nulla
155 625 185 681 in
199 624 286 682 nobis
300 626 388 696 hujus
401 626 555 684 electionis
568 637 629 684 erat
643 627 725 683 ratio.

94 759 150 814 150.
192 747 239 816 (Β)
253 745 313 802 Sed
327 763 386 817 prae
399 746 503 803 ceteris
517 746 627 803 illustre
641 756 684 804 est
697 745 902 802 testimonium
922 743 1057 812 ejusdem
1077 742 1159 813 Apo-

56 829 125 885 stoli
140 829 179 887 ad
193 830 276 886 Rom.
291 848 354 902 cap.
369 835 394 896 8,
410 842 469 901 oet
484 849 524 902 11,
542 831 591 888 ubi
612 849 647 888 ex
667 829 821 902 proposito
841 831 880 888 de
899 829 1161 901 praedestinatione

55 917 187 986 gratuita
197 937 296 989 agenS,
305 936 370 975 eam
381 919 512 991 explicat,
526 920 633 991 probat
645 929 674 977 et
687 928 790 975 contra
801 919 1009 990 impugnantes
1018 918 1160 989 defendit:

55 1005 97 1075 (a)
120 1023 188 1062 earn
210 1004 315 1063 definit
331 1008 509 1078 propositum
529 1008 613 1076 Dei1,
631 1005 811 1077 propositam
830 1007 981 1062 secundum
1002 1007 1159 1062 eledtanem

58 1089 141 1158 Dec,
153 1092 312 1149 elellionem
326 1092 441 1164 gratia,
455 1093 472 1150 i.
489 1111 512 1167 e.
527 1093 693 1164 gratuitam,
710 1111 789 1157 nam,
812 1102 843 1149 ut
862 1092 971 1164 subdit,
998 1093 1055 1149 “Si
1068 1094 1159 1163 gratia

55 1177 117 1247 jain
133 1197 194 1235 non
208 1197 243 1236 ex
257 1179 416 1251 operibus:
436 1180 568 1251 alioquin
582 1180 674 1250 gratia
686 1181 747 1250 jam
767 1197 827 1236 non
848 1189 892 1236 est
910 1180 1048 1250 gratia’'³,·
1067 1180 1159 1236 varias

56 1267 122 1334 eius
136 1266 212 1322 dotes
225 1266 362 1337 explicat,
378 1267 551 1338 hujusmodi
565 1267 676 1324 vocatis
690 1267 791 1323 omnia
804 1267 956 1338 cooperari
976 1267 1005 1323 in
1026 1266 1137 1323 bonum
1152 1288 1157 1322 :

56 1353 239 1424 “Quoniam
253 1354 446 1425 diligentibus
463 1356 560 1412 Deum
575 1354 675 1411 onmia
686 1364 883 1425 cooperantur
893 1355 922 1411 in
935 1355 1054 1423 bonum,
1064 1354 1097 1410 iis
1108 1354 1158 1425 qui

56 1441 225 1496 secundum
240 1441 426 1512 propositum
440 1442 536 1499 vocati
552 1451 620 1498 sunt
634 1440 778 1512 sancli’'⁴;
798 1430 928 1499 declarat
942 1460 976 1499 ex
990 1442 1038 1497 tali
1052 1459 1159 1513 propo·

56 1527 114 1582 sito
129 1525 221 1583 fluere
232 1527 418 1584 vocationem
429 1527 588 1597 efficacem,
603 1527 845 1598 justificationem
857 1538 886 1584 et
896 1527 1139 1598 glorificationem
1152 1547 1157 1582 :

57 1613 171 1684 “Quos
185 1615 411 1686 praedestinavit,
428 1616 483 1672 hos
497 1625 525 1674 et
539 1617 665 1682 vocavit;
685 1625 713 1672 et
727 1633 803 1687 quos
816 1616 939 1684 vocavit,
949 1616 1003 1672 hos
1017 1625 1045 1672 et
1056 1615 1158 1686 justili-

55 1701 146 1768 cavit;
166 1719 243 1772 quos
256 1712 355 1760 autem
368 1703 545 1773 justificavit,
557 1703 622 1760 illos
636 1713 664 1760 et
677 1702 896 1772 glorificavit'’⁵;
915 1703 955 1773 (b)
963 1703 1072 1761 deinde
1080 1721 1158 1774 quae·
1250 1725 1252 1729 ·

55 1804 123 1843 rens
137 1805 190 1843 cur
203 1806 238 1845 ex
252 1788 393 1846 Israelitis
407 1799 466 1846 tam
480 1790 567 1860 pauci
582 1789 611 1845 in
622 1789 774 1848 Christum
785 1791 916 1854 credant,
929 1789 1088 1860 respondet
1098 1807 1158 1845 non

55 1891 162 1932 omnes
176 1875 265 1933 fuisse
279 1876 681 1948 efficaciter'praedestinatos,
697 1877 750 1934 sed
763 1876 879 1947 aliquos
894 1886 1009 1933 tantum
1023 1894 1083 1948 prae
1096 1877 1158 1933 aliis

55 1978 72 2017 a
87 1962 155 2018 Deo
168 1963 259 2032 gratis
273 1962 396 2034 eleel0s5
415 1973 444 2020 et
462 1964 540 2020 hanc
558 1964 714 2034 gratuitam
735 1963 912 2020 electionem
932 1963 1018 2019 variis
1036 1961 1159 2020 illustrat

56 2048 228 2120 exemplis⁶3
247 2051 284 2119 (c)
299 2050 419 2108 tandem
434 2050 620 2122 obJectiones
634 2061 736 2108 contra
749 2051 907 2121 gratuitam
927 2050 1158 2121 praedestinatio·

56 2152 126 2191 nem
140 2136 237 2204 solvit,
251 2140 333 2194 more
346 2137 577 2207 Thomistarum‚
591 2147 654 2194 tum
665 2137 812 2209 principio
822 2137 950 2208 generali
964 2159 970 2195 z
990 2137 1042 2196 “O
1055 2138 1156 2204 homo,

56 2227 88 2277 tu
102 2223 215 2293 quises
229 2223 278 2293 qui
292 2224 473 2294 respondeas
488 2224 606 2282 Deo’'⁷?
624 2234 687 2281 tum
701 2225 838 2295 exemplo
851 2225 931 2295 figuli
946 2224 997 2295 qui
1007 2243 1042 2282 ex
1052 2226 1158 2282 eodem

56 2306 120 2368 luto
134 2310 221 2381 fingit
239 2310 320 2369 aliud
340 2311 462 2382 quidem
482 2318 532 2368 vas
551 2311 754 2382 inhonorem,
771 2312 850 2369 alind
870 2313 986 2369 veroin
1007 2322 1158 2370 contume-

56 2397 150 2455 liam⁸.
192 2399 284 2454 Porro
298 2398 475 2455 haecomnia
489 2399 560 2454 nihil
574 2399 655 2456 aliud
669 2409 737 2456 sunt
751 2399 806 2455 nisi
828 2399 974 2470 ipsissima
992 2399 1159 2457 Thomista-

58 2504 123 2542 rum
138 2485 242 2557 thesis3
261 2496 435 2557 supponunt
449 2486 527 2544 eniln
543 2487 640 2544 Deum
657 2505 711 2543 nos
725 2487 832 2557 eligere
845 2486 883 2544 ad
896 2486 1020 2557 gloriam
1034 2505 1050 2544 e
1071 2487 1159 2546 bene-

57 2573 169 2644 placito
181 2589 245 2641 su0,
258 2573 358 2630 omnia
369 2573 449 2630 bona
457 2573 547 2651 fluere
556 2592 591 2631 ex
601 2574 657 2630 hac
667 2573 823 2639 eledlione,
836 2573 924 2630 etiam
937 2574 1039 2630 merita
1049 2585 1156 2632 nostra.

92 2660 140 2731 (C)
151 2659 353 2717 Confirmatur
366 2660 412 2716 his
425 2661 561 2732 Apostoli
577 2660 701 2718 verbisa:
725 2660 829 2732 “Quis
850 2670 878 2717 te
897 2660 1054 2717 discernit?
1073 2661 1156 2732 Quid

57 2747 150 2806 habes
164 2747 247 2818 quod
259 2766 318 2805 non
328 2748 510 2820 accepisti?''
530 2737 575 2805 his
586 2749 665 2806 enim
677 2748 815 2806 discretio
826 2748 1015 2806 electorum-a
1026 2750 1159 2820 reprobis

58 2855 115 2893 non
131 2835 244 2893 meritis
264 2837 378 2907 nostris
395 2835 447 2894 sed
466 2837 594 2907 gratuito
615 2837 670 2892 Dei
693 2836 838 2893 beneficio
858 2835 1024 2903 ascribitur;
1045 2855 1113 2892 nam
1135 2839 1158 2894 si

58 2920 165 2981 electio
179 2933 278 2980 nostra
292 2923 374 2981 fieret
384 2933 452 2994 post
460 2923 583 2994 praevisa
593 2923 704 2993 merita,
717 2933 817 2995 posset
828 2923 893 2994 quis
904 2923 1003 2980 dicere
1017 2944 1023 2980 :
1044 2942 1099 2995 ego
1111 2943 1159 2984 me

58 3011 153 3082 ipsum
169 3010 316 3082 discerno,
331 3010 393 3067 scil.
410 3010 521 3067 meritis
535 3010 616 3067 meis

92 3149 147 3205 151.
190 3116 239 3201 (D)
254 3131 445 3203 Quicumque
465 3131 626 3204 prudenter
645 3140 674 3187 et
693 3131 828 3188 ordinate
848 3130 916 3201 agit,
931 3129 1010 3202 prius
1029 3129 1158 3190 intendit

59 3221 146 3278 linem
159 3236 248 3290 quarn
260 3219 369 3285 media;
387 3219 468 3289 atqui
482 3220 563 3276 Deus
573 3217 732 3290 prudenter
741 3227 769 3275 et
778 3217 989 3289 ordinateagit,
1000 3227 1028 3275 et
1039 3219 1158 3278 aliunde

59 3309 161 3366 merita
174 3315 243 3362 sunt
253 3304 360 3371 media,
375 3305 467 3391 gloria
478 3315 521 3363 est
532 3298 610 3375 finis3
629 3322 699 3376 ergo
710 3305 790 3376 prius
800 3302 926 3362 intendit
935 3303 1057 3375 gloriam
1068 3324 1157 3377 quarn

58 3392 169 3451 merita.

91 3517 146 3573 152„
187 3510 216 3574 3⁰
231 3499 386 3558 Conclusio.
425 3499 621 3558 Hisbreviter
631 3499 736 3565 relatis
748 3496 954 3570 unusquisque
964 3497 994 3554 in
1004 3516 1057 3555 suo
1069 3518 1155 3557 sensu

56 3588 201 3654 abundet,
216 3588 383 3646 dummodo
403 3587 557 3645 sententiae
577 3586 723 3657 oppositae
742 3585 854 3642 nullam
875 3603 1028 3642 censuram
1050 3586 1155 3643 inurat.

56 3678 169 3735 Nostro
178 3674 301 3747 judicio,
312 3673 483 3746 mysterium
496 3673 767 3731 Praedestinationis
776 3682 818 3729 est
830 3672 1028 3729 inscrutabile.
1046 3672 1071 3728 S.
1086 3675 1157 3729 Pau

55 3765 108 3830 lus,
124 3772 285 3835 postquam
300 3761 372 3820 illud
386 3771 560 3833 exposuerat
574 3760 668 3818 verbis
682 3778 749 3831 quae
762 3759 878 3817 diverso
891 3759 983 3815 modo
1002 3776 1019 3814 a
1038 3759 1158 3816 diversis

53 3849 165 3908 scholis
178 3848 389 3921 intelliguntur,
404 3847 469 3904 haec
481 3845 597 3904 addidit
611 3864 678 3917 quae
691 3845 924 3903 imbecillitatem
939 3845 1051 3916 ingenii
1065 3846 1157 3903 nostri

53 3940 82 3996 in
96 3935 250 3995 solvendis
258 3935 430 4007 hujusmodi
439 3933 653 4006 quaestionibus
663 3933 818 3991 manifeste
829 3934 991 3990 ostendunt
1004 3955 1009 3989 ι
1032 3934 1050 3961 “
1060 3933 1087 3990 Ο
1096 3933 1157 3989 alti-

88 4143 96 4165 ¹
115 4138 197 4189 Rom.
217 4136 300 4201 VIII,
319 4137 361 4191 28.
378 4165 412 4174 -—
429 4130 440 4162 ²
456 4137 536 4188 Ram.
561 4135 611 4196 IX,
637 4149 675 4186 11.
691 4164 725 4172 —
743 4139 753 4168 ³
771 4134 850 4184 Rom.
869 4133 920 4197 XI,
937 4133 989 4198 5-6.
1005 4161 1040 4168 —-
1052 4125 1062 4155 ⁴
1075 4132 1154 4184 Rom.

50 4226 139 4290 VIII,
154 4224 195 4276 28.
210 4251 243 4260 -
256 4225 266 4258 ⁵
277 4224 357 4276 Rom.
373 4223 458 4288 VIII,
471 4236 511 4288 30.
526 4254 561 4261 -
572 4223 582 4253 ⁶
595 4225 673 4275 Rana.
690 4223 739 4287 IX,
753 4221 824 4273 6-18.
839 4252 873 4257 —-
886 4218 895 4248 ⁷
909 4222 986 4271 Rom.
1004 4220 1054 4285 lX,
1068 4233 1108 4272 20.
1123 4247 1158 4256 -

49 4311 157 4364 ⁸Rom.
176 4310 227 4376 IX,
241 4323 283 4364 21.
298 4338 334 4349 -·-
345 4310 356 4343 ⁹
367 4309 388 4362 I
397 4306 458 4364 Cor.
474 4310 523 4375 IV,
538 4322 560 4368 7.
