2684 4634
116 179 185 231 38⁰
559 178 696 229 CAPUT
714 178 771 228 111.

118 384 185 425 non
202 361 409 427 contrahitur
424 362 486 424 nisi
503 383 561 445 per
577 372 759 446 peccatum.
805 361 884 444 Quo
907 374 1115 445 argumento
1138 385 1212 448 sape

119 467 223 531 utitur
239 466 447 547 Augustinus
458 479 469 508 1
482 489 493 528 .·
516 469 645 533 “Porro
661 467 739 549 quia
750 468 905 548 parvulos
916 469 1145 550 baptizandos
1156 491 1214 534 esse

119 569 315 646 concedunt,
328 568 516 632 concedant
531 578 664 652 oportet
679 589 736 631 eos
752 586 849 652 egere
871 569 938 632 illis
960 571 1139 637 beneficiis
1161 594 1215 637 me·

119 674 265 751 diatoris,
282 683 320 737 ut
335 673 439 738 abluti
456 692 514 756 per
530 683 800 738 sacramentum...
817 684 854 737 ut
869 675 962 752 salvi,
978 687 1020 740 ut
1037 677 1177 756 liberati,
1189 688 1216 741 ut

120 776 294 858 redempti,
317 785 354 840 ut
374 775 552 840 illuminati
576 777 665 840 fiant.
712 777 832 842 Unde?
855 779 917 842 nisi
942 801 963 843 a
987 791 1111 858 morte,
1133 783 1217 857 vitiis,
1261 736 1263 859 i

121 889 223 956 reatu,
235 877 448 960 subjedtione,
458 881 602 944 tenebris
612 889 842 964 peccatorum?
865 881 951 964 Quae
963 882 1131 963 quoniam
1142 882 1219 945 nulla
1260 862 1263 939 l

122 987 154 1049 in
171 988 210 1049 ea
226 993 325 1048 aetate
341 1005 399 1065 per
421 1006 515 1049 suam
539 988 642 1051 vitam
665 987 831 1069 propriam
854 987 1113 1064 commiserunt,
1129 995 1219 1049 restat
1260 966 1263 1047 l

121 1087 281 1170 originale
290 1097 490 1169 peccatum...
508 1088 598 1170 Quid
609 1089 652 1152 de
662 1091 733 1172 ipsa
743 1090 849 1156 forma
858 1089 1218 1172 sacramentiloquarl...

123 1191 213 1274 Quid
230 1191 262 1252 in
280 1189 337 1252 illo
352 1191 422 1271 agit
438 1193 644 1255 exorcismus
661 1213 761 1271 meus,
778 1194 805 1255 si
822 1193 854 1256 in
871 1193 998 1257 familia
1015 1193 1148 1256 diaboli
1164 1213 1219 1259 non

123 1301 297 1358 tenetur?...
345 1279 526 1375 Quomodo
552 1316 632 1377 ergo
658 1294 805 1360 dieturus
832 1306 903 1360 erat
928 1308 1007 1359 e'um
1037 1297 1219 1359 renuntiare
1261 1376 1263 1385 Ι

122 1397 267 1475 diabolo,
283 1398 378 1479 cujus
395 1399 427 1460 in
444 1419 484 1464 eo
501 1399 581 1463 nihil
598 1402 703 1464 esset?
726 1399 909 1483 Quomodo
924 1401 1079 1462 converti
1098 1401 1143 1462 ad
1161 1399 1219 1461 Do·
1261 1408 1263 1413 '

123 1503 261 1579 minum,
277 1522 297 1564 a
313 1520 379 1582 quo
396 1521 462 1566 non
479 1512 565 1568 esset
581 1505 755 1569 aversus'’?

169 1603 231 1692 (C)
246 1603 302 1668 Ex
319 1604 493 1670 Couciliis:
515 1606 646 1688 Viginti
662 1618 805 1689 quatuor
820 1607 971 1684 concilia,
987 1606 1034 1669 ab
1051 1627 1145 1670 anno
1166 1622 1219 1684 412

123 1709 166 1773 ad
190 1726 314 1771 annum
337 1723 410 1786 431,
435 1707 643 1790 pelagianam
667 1709 819 1773 haeresim
843 1711 885 1774 de
908 1717 1051 1792 peccato
1074 1707 1219 1791 originali

123 1812 340 1885 damnArunt;
364 1809 450 1870 inter
465 1829 540 1891 quae
556 1809 740 1892 plenarium
760 1811 1017 1897 Cartlcaginense
1031 1811 1139 1894 (418),
1155 1831 1219 1874 nec-

124 1933 192 1978 non
207 1912 453 1975 arausicanum
471 1912 523 1994 11;
547 1913 579 1975 in
596 1914 695 1994 priori
719 1914 877 1995 legitur2:
900 1914 1016 1976 “Item
1040 1912 1170 1996 placuit
1192 1920 1221 1974 ut

124 2017 325 2101 quicumque
340 2015 495 2097 parvulos
511 2024 658 2080 recentes
674 2019 716 2081 ab
733 2019 833 2082 uteris
846 2027 990 2086 matrum
1002 2017 1222 2100 baptizandos

124 2129 234 2203 negat,
261 2129 320 2183 aut
345 2119 426 2183 dicit
453 2119 485 2181 in
517 2120 743 2184 remissionem
767 2121 902 2202 quidem
930 2129 1149 2202 peccatorum
1171 2139 1222 2183 eos

124 2223 294 2306 baptizari,
307 2221 364 2285 sed
382 2221 462 2285 nihil
479 2242 522 2285 ex
539 2222 651 2288 Adam
664 2224 792 2289 trahere
804 2223 974 2308 originalis
986 2225 1129 2306 peccati,
1139 2223 1222 2307 quod

15 2317 18 2321 ⁸
124 2326 384 2409 regenerationis
408 2325 540 2390 lavacro
563 2326 744 2408 expietur...
762 2326 802 2391 A.
821 2327 876 2393 S.”
920 2324 1008 2409 Quae
1031 2326 1224 2392 definitioa

129 2429 320 2493 Tridentino
331 2436 491 2492 renovata
507 2427 575 2490 fuit.

169 2581 234 2661 184.
282 2591 317 2659 30
332 2577 472 2640 Ratione
485 2577 703 2640 demonstrari
721 2578 836 2659 nequit
851 2578 1033 2641 existentia
1055 2580 1225 2663 originalis

125 2684 261 2771 peccati,
277 2683 336 2746 sed
354 2681 460 2745 solum
477 2680 703 2762 probabilibus
720 2682 850 2748 suaderi
866 2684 1081 2764 argumentis
1095 2705 1172 2766 quae
1184 2706 1225 2747 ex

126 2788 264 2859 miseriis
280 2785 378 2866 hujus
394 2785 472 2848 vitae
488 2785 714 2847 desumuntur,
762 2786 878 2850 Homo
894 2786 993 2863 enim,
1010 2786 1044 2849 in
1067 2789 1225 2868 praesenti

125 2893 202 2968 vita,
218 2898 269 2952 tot
286 2888 452 2967 tantisque
469 2887 607 2949 miseriis
623 2887 723 2951 veluti
740 2887 897 2966 obruitur,
915 2898 985 2953 tam
1002 2889 1100 2952 facile
1117 2912 1138 2953 a
1154 2891 1226 2955 Deo

125 2994 292 3069 avertitur,
308 2999 376 3055 tam
394 2989 607 3053 vehementer
622 2992 663 3054 ad
681 2990 795 3054 illicita
811 2991 960 3068 trahitur,
972 3001 1042 3055 tam
1059 2993 1170 3056 mollis
1186 2994 1225 3057 ad

127 3099 264 3173 laboreS,
280 3105 349 3159 tam
366 3114 490 3177 pronus
506 3094 547 3155 ad
566 3094 718 3158 libidines
735 3113 807 3156 esse
822 3095 953 3158 videtur
964 3103 1008 3172 ut,
1021 3095 1100 3158 licet
1116 3096 1225 3179 hujus-

127 3202 218 3266 modi
235 3196 383 3263 delebtus
399 3195 511 3261 stridte
528 3196 695 3278 loquendo
711 3197 811 3259 fluere
827 3201 956 3282 possint
972 3217 1015 3262 ex
1034 3200 1107 3281 ipsa
1123 3200 1225 3263 homi-

127 3308 178 3370 nis
189 3291 906 3382 constitutionetamen,divinaprovidentia
917 3303 1100 3385 supposita,
1112 3304 1225 3368 melius

127 3420 218 3474 certo
240 3407 457 3488 explicentur,
481 3405 508 3466 si
531 3404 701 3486 originalis
724 3405 823 3487 culpa
845 3407 1044 3470 admittatur
1067 3415 1225 3490 tanquam

128 3515 202 3579 sons
218 3522 251 3575 et
267 3511 361 3594 origo
374 3509 574 3577 eorumdem
621 3508 720 3591 Quod
738 3509 784 3570 sic
807 3509 959 3591 agnoscit
984 3508 1018 3571 S.
1043 3508 1225 3573 Thomas&¹

128 3615 210 3680 “Sic
227 3615 327 3697 igitur
343 3611 534 3692 hujusmodi
558 3608 716 3686 defectus
733 3613 886 3693 quamvis
909 3611 1078 3676 naturales
1102 3613 1225 3680 homini

128 3720 303 3784 videantur
329 3714 490 3791 absolute,
519 3715 761 3777 considerando
792 3715 974 3779 humanam
1005 3723 1164 3781 naturam
1187 3736 1225 3780 ex

129 3830 223 3904 parte
238 3819 309 3900 ejus
326 3817 416 3900 quod
434 3818 466 3879 in
484 3820 523 3879 ea
539 3827 588 3879 est
606 3817 747 3894 inferius
760 3826 874 3882 tamen
891 3818 1138 3884 considerando
1153 3820 1226 3883 divi·

129 3945 205 3990 nam
221 3922 464 4006 providentiam
481 3927 515 3984 et
530 3921 730 4002 dignitatem
747 3921 924 4003 superioris
947 3923 1052 4003 partis
1075 3922 1225 3986 humanae

166 4141 173 4163 1
194 4120 239 4172 De
258 4126 364 4185 peccat.
384 4114 475 4169 merit.
498 4124 525 4168 et
545 4114 636 4168 remis.
657 4115 675 4167 l.
695 4116 716 4181 Ι,
730 4132 753 4168 c.
771 4114 813 4182 26,
827 4127 869 4184 34.
912 4113 1170 4182 ctPulmur231h.
1187 4116 1223 4182 69;

121 4205 247 4275 flurler,
261 4223 289 4260 n.
304 4217 367 4276 403.

152 4297 230 4368 2Αρ.
248 4297 400 4368 Gaudeou,
419 4293 551 4351 Libellus
563 4291 642 4357 fidei,
651 4308 682 4344 n.
700 4303 725 4353 u.
740 4284 796 4324 -i
810 4287 843 4337 Q.
854 4285 1050 4337 Generum
1061 4303 1105 4349 ,u
1116 4300 1159 4350 52-
