2684 4634
198 161 240 213 98
659 165 798 215 CAPUT
817 165 842 212 1.

1311 286 1338 299 ιῤ

198 345 355 427 pleraque
371 346 460 410 entia
473 346 542 427 jam
559 348 751 410 existebant
766 359 799 411 et
822 350 976 415 ordinata
998 356 1093 410 erant
1116 357 1286 429 antequam
1319 387 1329 415 ·.

198 450 297 512 homo
313 451 483 526 existeret,
498 458 570 514 t'um
587 453 665 532 quia
689 453 794 515 multa
819 463 896 515 sunt
920 453 1022 515 etiam
1045 451 1146 514 hodie
1170 452 1288 514 homini

199 554 321 633 ignota,
338 563 372 616 et
388 554 496 616 multo
511 555 616 635 plura,
632 566 669 618 ut
686 566 775 617 astra
790 556 841 617 vel
862 556 1022 617 interiora
1045 564 1142 618 terrae
1166 555 1198 616 in
1222 570 1290 636 quae
1323 568 1334 645 J

101 727 103 732 ¹
198 656 299 718 homo
316 657 452 720 influere
468 678 534 721 non
551 667 670 740 potest.
717 659 883 723 Remanet
898 679 977 740 ergo
992 668 1029 722 ut
1044 659 1087 721 sit
1107 659 1178 720 Ens
1202 669 1292 722 extra
1326 642 1330 649 Δ

198 769 235 821 et'
248 781 347 840 supra
364 751 536 838 mundum,
552 782 705 843 supreme
722 762 920 849 intelligens,
936 783 1003 844 quo
1019 771 1129 824 cetera
1144 762 1236 824 entia
1255 763 1301 825 ad‘
1328 749 1338 839 J

197 884 293 926 suum
310 863 408 927 finem
424 865 616 946 dirigantur.

241 969 439 1031 Notandum
456 979 506 1031 est
522 979 634 1031 tamen
651 990 694 1031 ex
711 969 774 1031 hoe
790 977 988 1050 argumento
1000 969 1071 1031 solo
1084 988 1152 1030 non
1166 969 1295 1050 probari

199 1072 268 1132 Ens
285 1072 475 1152 hujusmodi
491 1095 563 1136 esse
579 1072 751 1148 infinitum,
762 1094 865 1154 quum
882 1073 1034 1136 absolute
1045 1073 1215 1155 loquendo
1229 1074 1295 1137 Ens
1334 1060 1338 1097 ³

198 1197 359 1257 supreme,
376 1180 434 1240 sed
452 1199 516 1239 non
535 1177 664 1240 infinite
689 1177 888 1259 intelligens,
904 1178 1067 1259 potuisset
1089 1166 1162 1240 haec
1185 1178 1296 1240 omnia

196 1281 356 1343 ordinare.
561 1288 563 1293 ⁴

339 1417 525 1481 Conclusio:
547 1417 638 1479 Deus
653 1427 701 1481 est
714 1439 769 1480 ens
785 1417 952 1499 infinitum
968 1439 1006 1480 ac
1020 1418 1157 1482 unicum.

243 1553 288 1620 15.
335 1543 462 1606 Omnes
479 1544 578 1623 igitur
594 1552 753 1605 creaturae
770 1543 916 1606 clamant
941 1544 1050 1607 Deum
1074 1566 1156 1623 esse,
1171 1555 1205 1608 et
1228 1547 1296 1626 qui-

197 1649 274 1710 dem
313 1647 488 1722 infinitum,
529 1648 555 1709 si
597 1648 710 1710 omnia
747 1657 945 1728 argumenta
981 1648 1079 1711 simul
1116 1662 1297 1715 sumantur.

197 1752 248 1833 (a)
265 1752 367 1813 Entia
380 1752 470 1813 enim
489 1749 633 1826 mobilia,
649 1771 724 1830 quae
741 1761 913 1814 transeunt
929 1753 971 1814 de
986 1761 1074 1816 statu
1091 1755 1254 1835 potentiae
1265 1757 1297 1817 in

198 1853 319 1931 atium,
350 1854 496 1916 clamant
526 1874 598 1915 esse
629 1855 772 1937 primum
804 1864 967 1917 motorem
998 1856 1216 1935 immobilem,
1240 1878 1297 1920 seu

198 1955 310 2020 aetum
327 1977 455 2038 purum,
472 1956 528 2036 qui
545 1976 611 2017 non
629 1957 758 2045 indiget
774 1958 914 2019 transire
935 1959 977 2020 de
998 1967 1087 2021 statu
1108 1961 1299 2040 potentiali-

200 2062 279 2122 tatis
306 2061 339 2121 in
367 2056 496 2135 atlum;
523 2059 616 2138 atqui
639 2058 702 2120 hoc
727 2059 789 2120 soli
814 2059 943 2122 infinito
970 2063 1141 2140 convenit;
1166 2082 1246 2125 nam
1271 2064 1298 2125 si

198 2163 333 2243 aliquod
355 2183 414 2223 ens
439 2163 482 2223 sit
504 2149 643 2237 finitum,
660 2181 700 2222 eo
725 2162 797 2243 ipso
820 2173 871 2225 est
894 2164 926 2224 in
953 2165 1103 2244 potentia
1126 2164 1231 2229 relate
1256 2166 1299 2229 ad

198 2266 343 2347 aliquam
355 2262 589 2346 perfeetionem
603 2274 637 2326 et
645 2274 757 2345 potest
770 2267 909 2328 transire
918 2267 961 2328 de
970 2268 1121 2348 potentia
1131 2269 1165 2330 in
1175 2266 1299 2334 aetum.

193 2366 252 2453 (b)
272 2368 390 2431 Causae
417 2367 596 2429 efficientes
624 2377 768 2448 arguunt
795 2369 1009 2431 existentiam
1038 2370 1156 2433 Causae
1182 2373 1300 2453 primae

198 2472 388 2549 incausatae,
405 2471 422 2532 i.
439 2491 464 2532 e.
480 2469 562 2530 entis
577 2491 653 2544 ase,
669 2480 702 2532 et
718 2472 808 2532 entia
824 2473 1053 2553 contingentia
1068 2472 1213 2555 probant
1228 2477 1299 2537 exi·

193 2558 354 2640 stentiam
371 2574 453 2635 entis
469 2573 656 2646 necessarii,·
683 2594 780 2654 porro
796 2595 854 2636 ens
871 2595 890 2636 a
905 2596 940 2637 se
952 2585 986 2638 et
1001 2597 1060 2638 ens
1076 2568 1299 2643 necessarium

199 2690 249 2744 est
266 2678 449 2756 infinitum;
472 2697 574 2757 quum
591 2678 679 2738 enim
693 2676 763 2738 'non
776 2688 925 2740 causetur
937 2679 979 2741 ab
989 2679 1063 2756 aliu,
1073 2682 1129 2743 sed
1143 2682 1175 2743 in
1189 2685 1301 2764 seipso

199 2784 345 2847 inveniat
361 2783 522 2843 rationem
540 2800 608 2842 suae
625 2781 824 2855 existentiae,
839 2801 858 2842 a
884 2780 974 2843 nullo
999 2781 1064 2844 alio
1086 2793 1199 2865 potest
1215 2784 1299 2848 limi·

199 2889 273 2964 tari;
290 2886 422 2948 aliunde
438 2906 541 2966 quum
558 2886 601 2947 sit
614 2886 845 2960 necessarium,
856 2905 921 2946 non
933 2897 1044 2967 potest
1054 2889 1201 2970 seipsum
1215 2890 1298 2952 limi-

199 3002 285 3067 tare3
309 2985 410 3051 habet
427 2991 526 3070 igitur
543 2989 786 3078 plenitudinem
808 2990 909 3066 entis;
933 2991 991 3053 sed
1011 2990 1100 3053 illam
1120 2983 1299 3073 plenitudiss

191 3087 275 3156 [nem
293 3114 357 3154 non
375 3093 521 3166 haberet,
537 3093 563 3152 si
580 3100 667 3154 esset
684 3093 874 3168 limitatum,
890 3114 991 3173 quum
1014 3095 1118 3156 omnis
1142 3094 1299 3161 limitatio

199 3208 249 3260 est
265 3197 400 3277 negatio
416 3205 449 3257 et
467 3193 629 3257 restridtio
646 3197 739 3257 entis.
786 3195 833 3276 (c)
851 3196 952 3260 Entia
968 3195 1161 3283 impersedta
1174 3203 1299 3282 pariter

191 3313 341 3388 arguunt
358 3303 573 3365 existentiam
590 3303 676 3364 entis
693 3323 847 3382 supreme
863 3301 1015 3384 perfe&i;
1042 3325 1140 3384 porro
1163 3326 1224 3367 ens
1247 3328 1297 3369 su-

199 3431 311 3493 preme
328 3404 510 3489 persedium
528 3405 628 3467 habet
645 3405 886 3486 plenitudinem
903 3408 997 3483 entiS,
1010 3428 1071 3470 nec
1085 3428 1160 3470 earn
1176 3410 1297 3474 habere

199 3522 309 3597 potest
325 3512 387 3572 nisi
404 3510 446 3572 sit
462 3510 665 3571 illimitatum
682 3530 739 3571 seu
756 3509 932 3572 infinitum.

243 3647 288 3711 16.
341 3649 397 3708 Ex
414 3668 480 3727 quo
497 3648 618 3728 pariter
634 3648 781 3727 sequitur
798 3647 907 3709 Deum
924 3668 996 3709 esse
1011 3667 1070 3710 ens
1085 3649 1232 3727 unicum,
1242 3672 1295 3713 seu

199 3773 299 3816 unum
316 3773 388 3813 esse
405 3752 524 3812 Deum.
540 3832 544 3839 ἢ
578 3752 649 3812 Ens
666 3751 753 3812 enim
772 3750 938 3813 infinitum
955 3760 1061 3814 totam
1085 3753 1171 3815 entis
1194 3754 1296 3836 pleni-

155 3904 158 3911 .
199 3858 349 3920 tudinem
367 3857 398 3917 in
416 3876 451 3916 se
467 3856 625 3931 continet,
642 3857 690 3917 ita
715 3865 751 3918 ut
775 3855 867 3917 nulla
892 3855 1051 3936 perfeetio
1075 3858 1107 3918 in
1131 3856 1201 3920 ullo
1226 3870 1296 3922 ente

198 3960 385 4022 inveniatur
401 3958 490 4038 quod
508 3978 574 4018 non
591 3958 633 4019 sit
649 3958 766 4020 saltem
784 3959 955 4039 aequaliter
971 3960 1003 4020 in
1017 3961 1096 4041 ipso.
1141 3960 1297 4041 Jamvero

199 4085 264 4126 non
282 4072 423 4144 possunt
440 4083 511 4123 esse
528 4063 594 4124 duo
611 4063 701 4124 entia
717 4062 917 4142 hujusmodi,
934 4084 1037 4143 quum
1054 4085 1120 4125 non
1137 4065 1298 4131 haberent

199 4188 265 4247 quo
282 4165 452 4228 differrent
462 4188 468 4242 ;
482 4175 661 4246 utrumque
677 4165 832 4229 videlicet
848 4168 1001 4230 eamdem
1018 4170 1103 4231 entis
1119 4170 1298 4251 plenitudi·

199 4292 275 4333 nem
292 4270 483 4351 possideret.
531 4270 621 4349 Ergo
638 4270 730 4331 Deus
746 4279 796 4332 est
812 4269 959 4334 infinitus
975 4293 1013 4334 ac
1029 4273 1154 4336 unicus,
