2684 4634
341 181 398 234 DE
414 183 634 234 MYsmmo
651 183 1003 234 INCARNATIONIS.
1157 182 1225 232 457

117 362 282 427 obediens
296 385 401 446 usque
412 367 455 429 ad
472 375 615 429 mortem
625 366 641 391 '‘
654 377 690 427 ¹...
736 364 793 427 Ad
818 364 1025 446 probandam
1042 363 1162 426 thesim
1179 383 1223 425 ex

117 465 186 529 hoc
208 477 315 544 textu,
337 473 512 534 ostendere
538 469 659 533 sufficit
682 489 785 532 unum
808 471 1032 549 eumdemque
1055 468 1222 533 Christum

118 572 292 652 possidere
313 572 413 637 simul
435 582 588 637 naturam
615 573 763 636 divinam
787 582 820 636 et
844 582 997 636 naturam
1023 572 1223 646 humanam;

119 675 216 754 atqui
232 674 312 739 illud
327 685 460 739 constat
472 698 480 754 ;
495 696 574 738 nam
590 675 640 757 (a)
654 675 805 738 Christus
815 676 964 757 possidet
976 682 1128 737 naturam
1141 673 1224 735 divi-

120 796 212 853 nam,
226 779 350 862 quippe
372 781 429 861 qui
451 779 573 842 dicitur
598 799 672 842 esse
694 779 727 840 in
743 777 859 857 formai
882 780 957 853 Dei,
971 778 1005 841 id
1029 788 1088 854 est,
1104 799 1173 859 prae
1188 798 1224 839 se

120 880 232 943 ferens
255 882 438 947 divinitatis
461 880 675 959 charatteres,
702 902 760 944 seu
786 882 819 944 in
846 883 1019 963 majestate
1044 883 1164 957 divina,
1189 889 1224 943 et

121 983 258 1066 insuper
271 986 407 1068 aqualis
422 987 505 1048 Deo.
553 982 778 1071 (b)'Christus
790 986 939 1066 possidet
954 986 1053 1048 etiam
1070 994 1222 1047 naturam

121 1087 315 1166 humanam,
343 1090 423 1172 quia
451 1088 572 1170 accipit
602 1088 753 1164 formam,
784 1109 840 1151 seu
879 1098 1031 1152 naturam
1062 1088 1156 1164 servi,
1186 1088 1223 1151 fit

122 1191 252 1254 homini
275 1193 398 1270 similis,
423 1193 564 1256 induens
590 1192 741 1255 habitum
765 1191 956 1268 humanum,
980 1191 1148 1268 obediens,
1161 1202 1222 1255 etc.

125 1292 156 1354 N
158 1313 197 1356 ec
213 1305 323 1375 potest
338 1295 403 1358 dici
419 1295 491 1361 haec
506 1299 620 1361 omnia
635 1297 796 1380 explicari
812 1318 910 1380 posse
932 1317 990 1378 per
1009 1297 1114 1360 solam
1130 1296 1222 1358 inha-

123 1395 320 1460 bitationem
347 1399 449 1462 Verbi
474 1401 508 1462 in
532 1401 669 1464 homine
692 1403 788 1484 Jesu;
821 1422 898 1463 nam
925 1400 1073 1464 Verbum
1100 1401 1163 1462 Dei
1189 1402 1221 1462 in

123 1500 279 1563 omnibus
305 1499 427 1564 sandtis
451 1524 471 1565 a
493 1505 656 1586 principio
680 1504 795 1567 mundi
818 1502 982 1566 habitavit
998 1524 1055 1584 per
1070 1505 1222 1585 gratiam,
1313 1502 1315 1507 ’

84 1624 88 1633 ·
124 1622 184 1664 nec
201 1611 313 1667 tamen
328 1605 449 1668 dicitur
464 1615 639 1687 propterea
655 1608 855 1682 exinanitus,
871 1605 1013 1668 sormam
1034 1608 1118 1668 servi
1138 1609 1222 1669 acci-

84 1772 86 1777 ,
124 1705 228 1786 piens,
244 1708 402 1770 obediens
418 1729 524 1790 usque
539 1712 580 1772 ad
599 1718 750 1784 mortem,
766 1718 842 1786 etc.;
862 1729 949 1790 ergo

164 1866 216 1945 87.
262 1877 299 1942 4⁰
322 1865 415 1928 Idem
443 1867 657 1930 confirmatur
682 1888 726 1931 ex
753 1867 819 1931 told
843 1868 913 1931 vitri
942 1868 1072 1944 elmeri,
1101 1869 1132 1930 in
1158 1873 1223 1949 qua
1256 1932 1260 1938 ,

123 1977 263 2047 apparet
274 1987 349 2032 eum
362 1988 434 2031 esse
446 1969 545 2033 simul
558 1971 668 2032 Deum
682 1980 715 2033 et
727 1971 896 2036 hominem
912 1996 919 2035 :
935 1973 1102 2053 praecipua
1115 1973 1221 2035 solum

123 2065 212 2132 saeta
228 2069 261 2131 in
279 2073 473 2134 memoriam
490 2093 643 2135 revocare
666 2072 827 2136 sufficiat:
850 2075 901 2156 (a)
923 2075 1072 2138 Christus
1088 2076 1222 2156 quidem

122 2181 157 2235 ut
173 2171 268 2235 bomo
283 2173 314 2236 in
331 2194 429 2237 carne
445 2175 637 2257 concipitur,
654 2177 800 2239 nascitur
822 2187 855 2239 et
875 2177 964 2257 jacet
988 2178 1019 2239 in
1040 2181 1201 2261 praesepio
1218 2203 1224 2257 ;

120 2275 180 2338 sed
197 2276 296 2340 simul
313 2298 357 2340 ex
369 2279 507 2360 Virgine
522 2279 704 2359 concipitur
719 2281 761 2342 de
778 2280 902 2362 Spiritu
921 2281 962 2357 S,
975 2292 1008 2344 et
1020 2284 1175 2346 adoratur
1187 2296 1225 2348 ut

118 2379 215 2442 Deus
238 2387 308 2442 tum
332 2400 352 2442 a
374 2381 569 2462 pastoribus,
592 2392 664 2445 tum
688 2403 707 2445 a
730 2385 835 2465 magis
847 2396 868 2448 2.
914 2383 964 2466 (b)
982 2385 1175 2466 Baptizatur
1191 2390 1222 2450 in

116 2481 271 2562 Jordane
293 2490 451 2563 tanquam
474 2483 574 2559 homo,
591 2484 647 2565 qui
672 2486 798 2566 peccati
823 2485 1073 2550 similitudinem
1098 2508 1223 2552 assum-

116 2586 188 2667 psit
206 2606 213 2662 ;
238 2587 295 2647 sed
313 2585 455 2667 Spiritus
468 2586 501 2651 S.
514 2588 687 2651 descendit
703 2609 802 2670 super
814 2589 917 2664 illurn,
929 2599 962 2652 et
976 2592 1073 2653 Pater
1085 2592 1127 2653 de
1139 2597 1224 2656 coelo

115 2688 227 2751 dicit:
252 2692 267 2719 “
279 2687 345 2750 Hic
368 2697 419 2751 est
443 2689 545 2752 Filius
568 2710 661 2753 meus
684 2689 834 2768 diledius,
851 2692 883 2752 in
900 2711 967 2772 quo
983 2692 1062 2754 mihi
1079 2697 1224 2775 compla-

116 2792 235 2855 cui’'3.
280 2791 329 2873 (c)
353 2793 465 2855 Esurit
481 2793 513 2855 in
530 2793 662 2856 deserto
685 2803 721 2857 ut
743 2796 855 2867 domm·
879 2797 936 2858 sed
961 2806 995 2858 ut
1016 2796 1107 2859 Deus
1130 2799 1224 2861 mini-

116 2904 248 2959 stratur
263 2896 306 2957 ab
323 2895 463 2978 Angelis
475 2910 497 2960 4.
544 2896 594 2979 (d)
610 2898 725 2961 Vitam
749 2919 928 2980 pauperem
952 2901 1043 2963 ducit
1067 2911 1103 2962 ut
1125 2904 1224 2980 lrorno,

118 3000 284 3081 fatigatur
299 3020 342 3061 ex
359 3000 539 3078 itineribus,
556 3022 575 3064 a
593 3000 766 3064 Pharisaeis
782 3003 963 3085 despicitur
970 3027 977 3083 ;
1001 3006 1058 3067 sed
1075 3006 1171 3069 simul
1189 3018 1226 3070 ut

157 3236 164 3267 ¹
181 3239 289 3308 Philzp.
308 3240 346 3303 ΙΙ,
362 3241 415 3304 6·7.
430 3240 571 3292 -Pauca
590 3238 626 3293 de
645 3239 874 3308 interpretatione
893 3242 972 3311 hujus
986 3244 1085 3296 textlis.
1126 3247 1226 3300 Graeca
1320 3257 1324 3264 '

120 3345 178 3381 vox
192 3323 283 3402 μορφὴ
296 3325 401 3380 (Ιὶτεέὶε
409 3326 535 3396 gloriam
554 3343 587 3379 ac
607 3327 778 3396 majestatem
793 3327 940 3395 significat,
954 3346 1038 3398 quam
1052 3331 1176 3384 Verbum
1189 3334 1226 3384 ab

121 3424 231 3468 aetemo
244 3412 348 3480 habuit,
357 3423 385 3467 et
398 3430 461 3481 quae
474 3411 502 3464 in
516 3413 616 3466 natura
629 3413 754 3466 humana
766 3414 903 3480 refulgere
916 3414 1068 3479 debuisset,
1081 3418 1134 3469 nisi
1147 3419 1224 3471 Chri·

122 3511 184 3554 stus
197 3516 262 3553 eam
275 3499 327 3553 sub
339 3498 545 3553 infirmitatibus
558 3499 650 3552 carnis
663 3500 784 3553 velasset
797 3519 802 3564 ;
817 3501 858 3552 vel
873 3500 958 3553 etiam
971 3501 1077 3570 aliquid
1089 3502 1223 3567 intimius,

123 3587 233 3641 scilicet
253 3585 461 3655 expressionem
483 3585 584 3638 harum
606 3595 736 3639 notarum
756 3603 819 3654 quae
842 3586 1019 3640 divinitatem
1041 3589 1225 3653 constituunt;

123 3669 262 3726 indiretle
275 3654 370 3726 tamen
382 3678 517 3728 naturam
530 3674 655 3728 divinam
668 3673 805 3742 designat,
819 3692 904 3743 quum
918 3675 1007 3743 gloria
1020 3675 1087 3728 nihil
1101 3676 1177 3730 aliud
1191 3678 1226 3731 sit

123 3759 178 3813 nisi
192 3758 283 3827 fulgor
295 3775 329 3812 ex
341 3757 404 3827 ipsa
416 3762 515 3828 naturd
529 3761 631 3814 oriens.
673 3759 796 3813 incisum
818 3763 902 3813 “non
921 3763 1053 3830 rapinam
1072 3763 1227 3816 arbitratus
1310 3818 1312 3823 ,

122 3847 214 3901 ert...’'
233 3855 325 3916 potest
344 3845 384 3900 sic
402 3847 502 3902 reddi:
524 3845 661 3910 ChristuS,
683 3847 747 3899 licet
767 3864 816 3915 per
836 3847 929 3900 omnia
950 3847 1012 3900 Deo
1032 3848 1156 3917 aequalis,
1170 3866 1226 3900 non

123 3946 222 3988 tamen
239 3931 408 3986 existimavit
427 3933 504 3986 illam
523 3934 713 4003 aequalitatem
732 3934 860 4004 pretium,
880 3935 923 3987 cui
947 3934 1074 3989 insistere
1096 3936 1225 4001 debebat,

123 4021 176 4074 sed
195 4036 227 4073 se
246 4017 338 4087 ipsum
356 4018 498 4074 exinanire
518 4021 612 4075 voluit.
653 4022 708 4075 Cir.
732 4023 879 4090 Velasquez
893 4023 1048 4076 Comment.
1069 4021 1096 4074 in
1117 4023 1168 4090 Ep.
1190 4023 1225 4074 ad

123 4093 226 4175 Philip.
246 4105 274 4159 tn
293 4105 319 4159 h.
338 4105 369 4170 1.;
389 4105 501 4175 cornay,
515 4108 646 4176 Spicileg.
669 4109 722 4161 vor.
741 4109 778 4174 11,
801 4126 826 4176 p.
841 4109 875 4178 64
895 4126 947 4177 sq.;
966 4109 1080 4179 Auara,
1101 4109 1127 4160 tn
1147 4110 1174 4161 u.
1197 4110 1225 4173 1.;

127 4197 251 4255 Vinccnt,
269 4193 447 4265 Philippians,
468 4197 545 4264 1897;
565 4197 719 4265 Lr'glztfoot,
736 4195 763 4249 in
777 4197 802 4248 h.
818 4197 833 4247 l.

157 4281 267 4335 'Matt
284 4282 307 4345 l,
322 4296 414 4350 20-23;
436 4283 474 4349 ΙΙ,
491 4300 529 4335 11.
547 4313 581 4320 -
594 4288 603 4318 ³
616 4283 701 4334 Mart.
719 4283 773 4344 lll,
793 4294 879 4346 13-17.
897 4313 930 4341 ,-
943 4283 953 4311 ⁴
967 4283 1052 4334 Matr.
1070 4283 1118 4350 lV,
1136 4299 1160 4334 2.
1181 4297 1218 4335 11.
1273 4300 1330 4364 Δ
