2684 4634
549 202 604 253 DE
621 204 813 254 ANGELIS.
1164 203 1229 255 290

182 374 218 446 (A)
235 377 314 435 Prius
332 378 374 436 sic
392 397 410 436 a
431 378 463 436 C.
479 379 619 437 Lateran.
635 381 687 437 IV
702 381 886 439 declaratur:
910 377 1082 436 “Diabolus
1101 377 1180 435 enim
1200 388 1230 435 et

100 488 102 493 ·
155 460 341 524 aliidaemones
352 485 371 522 a
385 467 451 525 Deo
464 467 587 539 quidem
600 468 705 524 naturai
717 468 806 526 creati
826 478 894 524 sunt
909 467 989 535 boul,
1007 466 1060 525 sed
1073 466 1131 536 ipsi
1136 473 1192 536 per
1203 483 1230 521 se

151 547 280 613 sauisunt
290 552 394 608 mali’'.
425 553 589 626 Quomodo
598 565 698 613 autem
709 555 825 626 AngeII‚
840 552 1021 610 naturalibus
1030 553 1118 610 donis
1128 562 1157 609 et
1166 569 1228 622 gra·

100 678 106 717 ³.
152 634 179 692 tit
193 639 291 697 eximie
311 640 416 706 ornatI,
435 659 559 713 peccare
579 642 736 715 potuerint,
759 642 873 717 optirne
892 640 1022 698 declarat
1042 639 1072 696 S.
1098 639 1227 696 Tleom.¹:

100 772 108 813 Ι
152 723 280 794 “peccare
293 727 366 783 nihil
378 728 459 787 aliud
472 739 516 786 est
529 748 618 801 quam
632 731 782 788 declinare
799 748 816 785 a
835 727 1012 786 rectitudine
1030 727 1122 797 actus,
1139 725 1228 784 ita'ut

100 818 106 899 I
148 808 183 868 ille
197 814 273 871 solus
293 814 494 886 impeccabilis
513 817 549 874 sit
568 819 652 888 cujus
672 818 771 889 regula
790 827 834 875 est
854 815 918 888 ipsa
937 815 1073 872 voluntas
1095 813 1228 884 agentis;

145 899 208 969 atqui
221 898 302 958 nulla
314 902 448 960 voluntas
460 915 556 962 creata
569 915 613 962 est
626 921 678 961 sua
691 904 801 975 regula,
814 902 866 963 sed
879 921 897 958 a
910 902 1061 959 voluntate
1074 900 1174 958 divina
1187 918 1228 957 re-

143 986 250 1056 gulatur,
263 989 339 1047 sicut
351 989 492 1061 quaelibet
504 995 639 1049 voluntas
653 992 796 1050 inferioris
815 991 905 1053 debet
925 989 1048 1059 regulari
1062 987 1228 1046 secundum

142 1072 308 1133 voluntatem
326 1077 485 1148 superioris
495 1098 503 1149 3
528 1078 629 1137 divina
647 1089 747 1137 autem
767 1079 903 1137 voluntas
921 1076 984 1135 sola
1002 1086 1047 1133 est
1063 1075 1165 1147 regula
1183 1073 1228 1131 sui

140 1157 216 1232 attus,
232 1163 377 1232 quianon
390 1164 543 1222 ordInatur
561 1166 599 1224 ad
618 1166 799 1238 superiorem
820 1166 917 1226 finem.
956 1163 1004 1221 Sic
1018 1162 1107 1233 igitur
1119 1162 1148 1218 in
1166 1161 1228 1218 sola

100 1294 104 1315 ἱ
130 1245 275 1307 ,voluntate
289 1249 389 1307 divina
402 1261 558 1322 peccatum
572 1269 636 1309 esse
654 1270 714 1309 non
732 1262 845 1326 potest;
864 1252 894 1307 in
914 1249 1043 1323 qualibet
1060 1259 1159 1306 autem
1179 1265 1226 1304 vo-

100 1336 104 1405 t
136 1330 236 1393 luntate
250 1347 390 1394 creaturae
404 1348 501 1410 potest
514 1357 578 1397 esse
591 1350 748 1412 peccatum
757 1340 780 1396 ''.

160 1454 197 1518 ⁶9·
239 1454 385 1526 Quaerunt
394 1457 525 1530 theoIogi
536 1459 620 1529 quale
626 1466 771 1530 peccatum
781 1458 891 1529 Angeli
900 1457 1097 1527 comnn'aerr'nt.
1136 1455 1226 1514 Com·

132 1541 254 1598 munitet
261 1544 456 1615 respondetur
465 1546 592 1617 prImum
600 1547 781 1618 Angelorum
791 1555 947 1619 peccatum
957 1543 1045 1601 fuisse
1052 1542 1228 1614 superbiam·

131 1645 201 1696 uam,
217 1640 294 1689 teste
307 1632 465 1704 ScrIptura,
480 1635 620 1706 superbia
633 1635 748 1692 initium
769 1643 813 1692 est
829 1631 928 1689 omnis
942 1630 1074 1702 peccati:
1093 1630 1226 1701 “Super-

131 1712 201 1771 biam
212 1733 368 1788 nunquam
383 1719 413 1776 in
426 1730 478 1777 tuo
488 1738 586 1790 sensu,
596 1733 647 1779 aut
658 1723 686 1779 in
699 1733 749 1780 tuo
756 1720 849 1778 ‘verbo
860 1718 1006 1777 dominari
1018 1718 1184 1790 permittas3
1197 1717 1226 1773 in

129 1799 185 1870 Ipsi
197 1804 280 1860 enim
295 1804 409 1863 initium
424 1807 550 1880 sumpsit
563 1809 662 1865 omnis
675 1809 800 1879 perditio
847 1805 988 1878 quoniam
1003 1804 1119 1861 initium
1129 1804 1226 1860 omnis

129 1890 237 1956 peccati
251 1901 296 1948 est
308 1892 446 1964 superbia
455 1893 496 1951 ’'2.
537 1894 632 1966 Cujus
644 1897 718 1954 ratio
724 1907 775 1954 -est
786 1895 858 1966 quia
877 1893 926 1950 illa
944 1891 1041 1949 solum
1062 1903 1183 1963 peccata
1196 1892 1224 1947 in

128 1977 205 2034 malis
218 1979 333 2050 angelis
346 1998 411 2038 esse
425 1992 549 2052 possunt
561 1983 600 2040 ad
613 2002 681 2054 quae
694 1981 840 2052 contingit
850 1978 929 2035 affici
942 1976 1123 2048 spiritualem
1143 1988 1224 2035 natu·

126 2080 195 2132 ram;
211 2067 296 2137 atqui
310 2068 468 2139 spiritualis
482 2080 586 2127 natura
604 2089 664 2128 non
680 2069 806 2127 afficitur
820 2082 877 2138 per
896 2065 975 2122 bona
993 2063 1142 2123 sensibilia
1159 2083 1226 2135 quae

125 2161 189 2209 sunt
202 2154 463 2226 corpori‘propria3
483 2175 553 2228 ergo
566 2157 691 2215 afficitur
704 2167 817 2214 tantum
833 2172 884 2226 per
897 2151 1070 2224 spirituaIIa3
1089 2152 1225 2223 proinde·

124 2253 179 2306 que
192 2238 475 2312 diaboluspeccavit
488 2243 655 2303 inordinate
667 2243 829 2316 spiritualia
841 2237 1032 2312 appetendo:
1053 2239 1135 2309 quod
1153 2240 1225 2297 nihil

122 2324 200 2383 aliud
214 2337 259 2385 est
272 2327 327 2385 nisi
340 2329 504 2401 superbia³.

153 2455 193 2510 7⁰·
235 2447 347 2505 Iterum
373 2449 526 2522 inquirunt
550 2451 581 2506 in
607 2468 662 2521 quo
678 2449 776 2520 suerit
797 2449 875 2505 illud
896 2448 1033 2520 superbire
1057 2457 1221 2518 peceatum.

122 2529 298 2604 Respondet
322 2537 475 2608 Angelicus
499 2538 661 2610 Prreceptor
681 2536 834 2594 diabolum
860 2536 1028 2607 peccavisse
1053 2535 1225 2606 appetendo

120 2616 288 2678 inordinate
298 2620 429 2680 divinam
440 2623 675 2682 similitudinem.
712 2624 817 2681 Noluit
829 2624 950 2694 quidem
962 2639 1026 2679 esse
1037 2632 1068 2678 ut
1082 2624 1162 2678 Deus
1173 2639 1225 2692 per

119 2706 320 2777 ceqrralr'tatem,
331 2709 401 2780 quia
411 2710 469 2767 hoc
479 2728 543 2768 esse
558 2711 741 2783 Impossibile
752 2710 875 2768 naturali
886 2710 1057 2779 cognitione
1068 2709 1161 2776 scivit,
1172 2711 1224 2766 sed
1315 2765 1328 2790 0

120 2807 171 2859 per
187 2792 406 2852 similitudinem
414 2803 433 2865 ⁴,
446 2807 475 2854 et
494 2797 728 2868 quidem-modo
748 2798 934 2854 inordinato:
958 2797 976 2824 “
986 2797 1014 2852 ln
1029 2795 1087 2851 hoc
1100 2797 1224 2867 appetiit

119 2877 253 2938 indebite
264 2898 328 2939 esse
341 2883 444 2940 similis
459 2885 534 2951 De0‚
546 2886 619 2956 quia
632 2886 756 2958 appetiit
769 2894 801 2940 ut
814 2884 904 2940 finem
918 2882 1053 2939 ultimum
1068 2881 1223 2940 beatitudi-

119 2964 161 3020 nis
176 2965 207 3022 id
220 2966 260 3024 ad
273 2968 355 3040 quod
366 2961 474 3027 uirtute
488 2989 549 3027 suae
562 2981 674 3027 naturae
687 2980 802 3042 poterat
814 2969 975 3042 pervenire.
990 2980 1123 3026 avertens
1137 2987 1223 3026 suum

117 3053 283 3122 appetitum
296 3073 314 3111 a
326 3054 511 3113 beatitudine
525 3057 747 3128 supernaturali,
764 3075 831 3127 quae
844 3066 888 3113 est
901 3073 936 3112 ex
949 3055 1041 3126 gratia
1055 3055 1128 3126 Dei;
1141 3056 1186 3113 vel
1199 3054 1224 3113 si
1294 3087 1296 3092 ·

117 3138 242 3209 appetiit
263 3151 293 3198 ut
314 3143 451 3200 ultimum
473 3144 563 3202 finem
584 3144 662 3200 illam
683 3145 739 3201 Dei
758 3143 981 3200 similitudinem
1001 3161 1067 3214 quae
1087 3142 1173 3200 datur
1187 3162 1223 3201 ex

117 3263 299 3274 ··-——-
467 3271 591 3278 -.........,...
621 3273 625 3277 .
639 3272 659 3277 ,-
672 3270 1204 3277 ⁸.......-...--..--......-.—--..——v.....--.....-—---.-.

148 3337 156 3366 ¹
173 3338 196 3402 I,
209 3354 240 3406 q.·
251 3337 295 3404 63,
308 3356 334 3391 a.
354 3357 376 3393 1.

146 3417 157 3446 ²
174 3425 203 3475 T
199 3425 238 3476 ab.
257 3426 305 3491 IV,
324 3441 365 3490 143
379 3428 467 3493 Ecclt',
483 3429 518 3491 X,
538 3439 576 3496 15.

145 3505 156 3536 ³
171 3510 214 3563 Cf.
233 3512 264 3562 S.
285 3511 335 3564 Ta.
355 3514 376 3578 I,
390 3531 416 3581 q.
434 3515 476 3579 63,
490 3531 515 3567 a.
533 3532 556 3567 2.
574 3545 607 3552 —
621 3511 739 3582 Antiqui
759 3513 856 3566 Patres
875 3513 1015 3566 docebant
1030 3511 1149 3580 primum
1164 3512 1221 3564 dia-

113 3596 167 3649 boli
184 3609 333 3665 peccatum
347 3598 432 3652 luisse
445 3601 594 3667 r'rzvidiam,
613 3616 698 3666 quam
712 3599 842 3666 concepit
856 3600 978 3652 videndo
998 3599 1079 3666 primi
1100 3599 1222 3650 hominis

112 3683 287 3750 felicitatem,
297 3684 416 3753 ideoque
429 3702 495 3738 eum
509 3702 565 3738 non
579 3703 713 3754 peccasse
724 3685 777 3737 nisi
789 3697 850 3752 post
861 3685 1031 3738 creationem
1042 3683 1221 3752 protoparen-

112 3779 170 3822 tum
186 3789 192 3822 :
211 3770 227 3796 “
239 3771 286 3823 Sic
299 3771 385 3824 etiam
399 3772 558 3825 diabolus..
575 3772 704 3825 invidens
718 3771 824 3824 homini
839 3782 968 3839 apostata
987 3789 1004 3824 a
1023 3771 1118 3823 divinat
1132 3769 1221 3823 iaetus

111 3868 152 3911 est
166 3859 231 3924 Iege
240 3858 261 3910 ''.
276 3855 318 3924 (S.
328 3859 462 3921 lrertaeus,
474 3857 585 3912 Haeres.
600 3860 633 3925 V,
646 3874 687 3924 24,
701 3858 739 3924 4).
773 3858 830 3911 Sed
846 3860 978 3926 Origenes
988 3856 1136 3911 contendit
1149 3857 1221 3908 banc

110 3945 250 3996 invidiam
263 3962 279 3997 e
293 3945 424 4014 superbiit
438 3958 530 4000 ortam
543 3947 630 3999 fuisse
644 3957 671 3999 et
687 3946 713 3997 in
728 3944 923 4013 probationem
942 3946 1057 3997 adduxit
1074 3961 1134 4011 cap.
1152 3946 1221 3995 XIV

112 4031 206 4098 Isaiae,
224 4032 301 4098 quod
315 4033 351 4085 de
365 4033 479 4086 diabolo
494 4033 636 4086 intellexit.
677 4032 732 4084 Cfr.
747 4032 781 4099 J.
801 4033 827 4082 Τ
826 4032 925 4096 urrnel,
940 4032 955 4083 I.
971 4049 993 4084 c.
1011 4049 1036 4100 p.
1055 4045 1107 4094 290
1120 4048 1160 4098 sq.

143 4120 153 4150 ⁴
174 4117 328 4184 Scripturae
348 4128 440 4172 textus
459 4118 525 4187 (Iso.
541 4120 619 4186 XIV,
646 4134 740 4186 13-143
762 4118 857 4169 Eaeclz.
880 4120 1020 4184 XXVIII,
1044 4118 1071 4184 2)
1090 4134 1107 4169 a
1127 4116 1220 4169 multis

108 4205 250 4271 theologis
264 4205 341 4258 allati
356 4205 393 4257 ad
407 4206 459 4258 hoc
472 4207 658 4274 probandum,
676 4222 760 4258 sensu
780 4205 901 4258 lilteralz'
913 4222 971 4258 uon
984 4205 1021 4258 tle
1034 4204 1162 4266 diabolo,
1174 4204 1229 4255 sed

107 4294 142 4344 de
155 4293 269 4357 regibus
282 4291 434 4356 Babylonis
446 4303 475 4344 et
490 4294 556 4359 Tyri
568 4295 771 4360 praedicantur.
