2684 4634
357 174 413 223 DE
433 174 686 223 DIVINITATE
705 175 887 226 CHRISTI.
1101 174 1167 224 439

60 351 202 423 diligunt,
216 353 256 410 ita
269 363 301 410 ut
314 353 388 412 fides
398 352 428 410 in
438 353 590 412 Christum
604 365 632 412 et
642 373 726 412 amor
736 355 845 413 Christi
856 355 914 412 sint
927 354 1115 412 conditiones
1128 354 1167 412 ad

60 438 194 496 salutem
208 440 403 498 necessariae:
433 440 570 499 “Omnis
589 459 659 512 ergo
673 441 723 512 qui
737 441 916 512 confitebitur
934 460 976 497 me
994 460 1093 498 coram
1114 441 1165 497 ho-

23 520 26 526 ’
60 525 208 594 minibus,
224 527 390 586 confitebor
402 539 431 586 et
445 547 501 599 ego
515 547 584 586 eum
598 546 697 585 coram
713 529 798 586 Patre
812 548 880 586 meo
902 530 951 601 qui
973 530 1001 586 in
1021 529 1099 586 caelis
1113 539 1163 586 est.

60 612 124 684 Qui
138 624 240 672 autem
255 615 402 685 negaverit
420 634 462 671 me
480 633 580 672 coram
595 615 776 682 hominibus,
792 616 909 687 negabo
922 627 950 674 et
964 635 1019 687 ego
1034 635 1101 674 eum
1116 635 1164 673 co-

60 718 123 756 ram
140 701 228 758 Patre
242 719 310 760 meo
324 702 374 773 qui
395 703 424 759 in
444 704 523 760 caelis
537 713 581 760 est
660 703 721 775 Qui
743 715 823 762 anrat
840 715 952 775 patrem
972 715 1022 761 aut
1041 713 1162 760 matrem

54 787 226 858 plusquam
240 808 291 860 me,
309 808 369 847 non
383 801 426 848 est
437 809 485 848 me
498 791 607 862 dignus
690 791 749 863 Qui
764 792 925 862 perdiderit
937 792 1065 848 animam
1080 810 1163 848 suam

54 883 182 946 propter
194 895 243 947 me,
261 878 391 937 inveniet
411 883 528 936 eam¹”.
570 879 708 951 Jamvero
721 879 785 936 haec
804 878 905 935 omnia
925 878 978 935 rite
997 877 1163 948 intelligun-

60 971 117 1032 tur,
133 963 159 1020 si
173 964 308 1023 Christus
322 983 389 1023 vere
401 967 484 1024 Deus
497 967 550 1037 sit3
569 967 592 1022 si
607 985 676 1024 vero
689 967 814 1038 simplex
826 966 863 1023 sit
876 966 998 1036 legatus
1010 965 1163 1022 temeraria

60 1067 96 1104 ac
110 1062 292 1122 praepostera
305 1063 382 1109 sunt.
399 1086 433 1094 -
445 1055 588 1112 Praeterea
601 1055 664 1123 ejus
678 1053 816 1124 discipuli
830 1053 968 1123 baptizari
982 1053 1092 1110 debent
1106 1054 1161 1108 “in

61 1140 186 1198 nomine
201 1141 293 1199 Patris
312 1152 341 1199 et
355 1141 431 1198 atti
447 1150 476 1199 et
490 1140 615 1211 Spiritus
629 1140 675 1197 S.²
685 1141 718 1210 ’';
749 1140 831 1212 quod
850 1140 896 1196 vix
917 1140 1038 1211 intelligi
1052 1151 1158 1212 potest,

61 1227 118 1283 nisi
133 1228 226 1286 Filius
240 1229 318 1286 Patri
332 1228 369 1286 sit
388 1228 517 1300 aequalis
532 1262 567 1268 —
582 1228 665 1284 Hinc
679 1227 814 1286 Christus
834 1227 988 1285 exhibetur
1009 1239 1040 1286 ut
1062 1248 1160 1301 supre-

60 1332 127 1371 mus
136 1315 244 1387 Judex‚
261 1317 312 1389 qui
326 1334 395 1373 cum
409 1316 521 1374 venerit
535 1316 565 1371 in
579 1317 732 1386 majestate
745 1317 805 1384 suit,
819 1315 857 1371 ab
871 1315 984 1385 angelis
997 1317 1160 1374 circumda-

59 1411 116 1472 tus,
134 1402 252 1461 sedebit
271 1421 359 1475 super
380 1403 483 1460 sedem
504 1404 665 1474 majestatis
685 1421 754 1473 suae,
771 1412 799 1459 et
819 1404 1018 1462 remunerabit
1038 1423 1089 1463 eos
1109 1407 1160 1478 qui

60 1488 183 1547 Christo
196 1492 366 1559 servierunt,
379 1491 483 1563 puniet
495 1501 595 1548 autem
608 1501 719 1549 aeterno
733 1491 880 1562 supplicio
893 1510 944 1550 eos
959 1493 1009 1563 qui
1022 1494 1099 1550 Eum
1110 1496 1159 1553 de-

60 1578 248 1647 spexerunt³.
289 1580 380 1636 Porro
394 1578 459 1636 talis
474 1589 604 1649 potestas
617 1577 771 1649 judicandi
786 1597 889 1636 omnes
909 1580 1054 1647 homines
1071 1584 1158 1640 etiam

60 1664 164 1731 quoad
176 1664 308 1723 actiones
328 1682 429 1723 eorum
451 1665 587 1735 internas,
605 1683 717 1737 eosque
736 1665 765 1721 in
788 1676 930 1722 aeternum
951 1672 1157 1728 remunerandi

59 1749 107 1805 vel
121 1751 264 1821 puniendi
277 1752 331 1809 soli
347 1754 414 1809 Deo
427 1753 578 1824 competit.
619 1753 699 1824 Ergo
713 1753 863 1824 Synoptici
885 1756 1038 1828 multiplici
1060 1759 1158 1827 modo,

58 1837 130 1895 licet
145 1838 243 1896 minus
256 1841 394 1912 explicite
407 1859 442 1897 ac
455 1841 564 1898 diserte
578 1859 667 1912 quarn
682 1842 822 1914 Joannes,
840 1842 973 1912 Magistri
994 1843 1037 1899 sui
1052 1845 1158 1901 divini-

58 1934 153 1983 tatem
167 1927 333 1985 docuerunt
343 1938 359 1985 ⁴.

94 2043 135 2094 62.
175 2042 224 2111 (Β)
236 2043 316 2099 Nulli
331 2042 457 2100 dubium
468 2060 533 2100 esse
546 2053 644 2114 potest
656 2044 685 2101 S.
699 2043 837 2112 loannem
848 2045 926 2102 clare
936 2055 964 2101 et
977 2056 1077 2116 aperte
1087 2048 1158 2104 divi-

58 2128 184 2186 nitatem
199 2130 308 2188 Christi
328 2131 465 2189 docuisse
482 2152 487 2186 :
518 2132 556 2200 (a)
571 2131 642 2202 Ipse
655 2131 733 2187 circa
746 2130 836 2186 finem
852 2132 1003 2202 Evangelii
1017 2137 1028 2167 ⁵
1045 2133 1134 2192 habet
1151 2157 1156 2192 :

61 2218 81 2245 “
92 2217 171 2274 Haec
184 2228 283 2276 autern
295 2218 403 2290 scripta
412 2228 481 2275 sunt
493 2228 523 2275 ut
533 2217 659 2276 credatis
670 2219 740 2289 quia
749 2219 835 2290 Jesus
848 2227 892 2276 est
902 2218 1047 2286 Christus
1063 2221 1159 2278 Fz'lius

56 2305 127 2374 Dei,
147 2315 176 2362 et
195 2316 228 2363 ut
240 2307 404 2371 credentes
424 2305 514 2363 vitam
528 2305 661 2362 habeatis
675 2306 704 2361 in
719 2305 840 2364 nomine
853 2307 917 2377 ejus
928 2306 951 2362 ''.
988 2308 1028 2377 (b)
1043 2309 1158 2367 Revera

56 2392 87 2448 in
98 2392 240 2464 prolog0⁶
249 2393 434 2452 divinitatem
446 2393 538 2450 Verbi
548 2394 659 2463 asserit,
673 2393 871 2451 describendo
881 2395 944 2465 ejus
954 2396 1156 2465 aetemitatem,

57 2481 284 2538 immanentiam
309 2481 338 2537 in
353 2482 446 2550 Patre,
464 2480 800 2538 consubstantialitatem
820 2497 888 2536 cum
909 2481 959 2538 illo
978 2492 1006 2539 et
1019 2483 1157 2542 virtutem

56 2567 248 2639 creatricem;
278 2568 392 2626 deinde
407 2567 510 2625 asserit
530 2569 662 2625 Verbum
683 2586 801 2625 carnem
821 2567 932 2624 ratium
953 2569 1050 2639 fuisse,
1074 2581 1157 2629 etex

56 2664 200 2713 contextu
222 2655 373 2713 evidenter
396 2665 526 2727 apparet,
545 2655 675 2713 Verbum
691 2656 883 2712 Incarnatum
898 2656 972 2711 nihil
991 2657 1071 2715 aliud
1091 2677 1155 2717 esse

56 2740 114 2797 nisi
126 2739 279 2798 Christum
294 2741 401 2812 ipsum,
419 2754 450 2799 ut
464 2743 592 2800 fatentur
605 2743 661 2815 ipsi
675 2743 905 2801 Rationalistae⁷.
947 2744 1077 2802 Aliunde
1097 2746 1155 2817 ple·

55 2829 143 2899 rique
158 2837 264 2897 textus,
280 2846 356 2900 quos
370 2847 459 2902 supra
472 2832 511 2900 (n.
523 2833 616 2903 42-44)
630 2831 791 2901 attulimus,
808 2850 843 2888 ex
859 2832 1020 2902 Evangelio
1033 2833 1157 2905 Joannis

55 2916 263 2986 desumuntur,
280 2927 309 2973 et
322 2916 487 2975 luculenter
505 2919 668 2977 ostendunt
688 2919 767 2974 hunc
781 2919 959 2991 Apostolum
981 2921 1072 2978 modo
1092 2940 1156 2993 spe-

55 3004 122 3061 ciali
138 3003 324 3062 divinitatem
344 3005 389 3062 sui
403 3005 537 3077 Magistri
557 3007 742 3077 praedicasse.
784 3007 869 3064 Idem
891 3006 920 3062 in
937 3007 1000 3074 suis
1015 3008 1156 3079 Epistolis

55 3092 168 3162 docuit,
189 3102 223 3149 ut
235 3110 270 3150 ex
283 3092 328 3149 his
341 3103 370 3150 et
383 3093 528 3150 similibus
542 3093 670 3150 textibus
685 3103 765 3164 patet
783 3115 788 3150 :
812 3092 983 3164 “Quisquis
1003 3097 1156 3154 consessus

88 3250 199 3306 ¹Maa.
215 3253 249 3317 X,
264 3267 350 3320 32·39.
365 3252 517 3307 -2Mott
536 3256 675 3319 XXVlll,
693 3269 732 3320 19.
749 3284 783 3292 -
795 3258 805 3288 ³
816 3256 901 3307 tlara.
917 3257 1007 3321 XXV,
1023 3261 1112 3323 31-46.

90 3346 100 3376 ⁴
112 3343 156 3394 Ex
169 3341 214 3393 his
228 3351 304 3409 patet
318 3358 403 3410 quarn
417 3342 488 3395 falsa
502 3342 537 3396 sit
551 3344 802 3396 Rationalistarum
816 3343 934 3397 assertio
948 3345 1053 3398 nullum
1064 3349 1155 3400 Evan-

54 3432 194 3500 gelistam,
211 3439 312 3497 praeter
330 3430 477 3497 Joanuenr,
497 3430 674 3484 divinitatem
694 3431 797 3484 Christi
818 3432 956 3484 docuisse.
997 3434 1080 3499 Quod
1096 3436 1156 3502 jam

54 3519 164 3573 dixerat
177 3514 306 3586 Julianus
322 3515 468 3584 Apostata,
480 3516 558 3585 cujus
570 3520 655 3571 verba
667 3521 695 3571 S.
707 3519 833 3587 Cyrillus
847 3516 986 3571 Alexand.
1004 3521 1153 3588 (C.Julian.

54 3607 71 3660 l.
88 3605 129 3672 Χ)
148 3604 189 3658 sic
209 3604 315 3657 refert:
348 3601 474 3673 “Jesum
493 3604 596 3674 quippe
616 3605 693 3657 illum
713 3622 804 3674 neque
826 3606 928 3659 Paulus
949 3608 1042 3659 Deum
1062 3609 1155 3662 dicere

54 3709 140 3747 ausus
154 3701 206 3757 est,
215 3708 306 3761 neque
316 3692 478 3758 Matthaeus,
492 3709 583 3761 neque
593 3694 692 3758 Lucas,
703 3710 794 3760 neque
810 3695 934 3760 Marcns3
955 3693 1004 3746 sed
1015 3695 1100 3747 banus
1108 3699 1156 3749 ille

47 3782 185 3848 Joannes,
209 3794 272 3830 curn
292 3778 427 3832 sensisset
446 3797 581 3848 magnam
601 3780 807 3833 multitudinem
829 3781 856 3831 in
877 3780 1017 3849 plerisque
1041 3783 1154 3836 urbibus

55 3866 163 3920 Graecis
173 3876 201 3919 et
213 3864 318 3919 Italicis
327 3866 388 3935 jam
402 3877 461 3919 tum
475 3885 508 3920 eo
522 3867 621 3919 morbo
634 3878 747 3935 captam
761 3884 838 3931 esse3
858 3867 1032 3937 audiretque,
1047 3871 1153 3938 opinor,

53 3962 238 4006 monumenta
248 3969 355 4021 quoque
370 3954 445 4007 Petri
458 3964 485 4006 et
499 3954 585 4016 Pauli,
599 3955 671 4008 clam
690 3954 812 4022 quidem,
827 3955 876 4008 sed
890 3965 985 4008 tamen
999 3956 1107 4009 audiret
1121 3975 1154 4011 ea

53 4039 116 4107 coli,
129 4039 235 4109 primus
250 4039 278 4092 id
291 4039 409 4108 prodere
422 4058 506 4094 ausus
520 4051 562 4094 est
571 4042 593 4093 ²².
634 4042 726 4108 Quam
740 4041 842 4108 Juliani
857 4041 1029 4095 sententiam
1046 4044 1074 4096 S.
1095 4045 1152 4096 Do-

52 4125 114 4180 tior
126 4128 290 4194 eloquenter
304 4126 438 4180 confutat.

87 4217 97 4248 ⁵
98 4215 165 4281 Joa.
183 4214 246 4279 XX,
261 4230 302 4282 31.
316 4244 346 4251 -
362 4212 373 4242 ⁶
374 4215 440 4281 Joa.
457 4215 478 4280 l,
495 4228 565 4282 1·15;
587 4214 620 4267 ci.
637 4215 738 4268 deDeo
757 4217 853 4283 Trina,
867 4233 893 4270 n.
907 4215 1001 4283 (rb-(iq.

86 4299 245 4364 ⁷ltaBaur,
258 4300 336 4366 apud
345 4301 466 4368 brihtan,
481 4320 506 4372 p.
526 4305 587 4358 228.
