2684 4634
319 172 375 220 DE
393 171 740 226 OPERATIONIBUS
759 176 931 226 DIVINIS.
1113 175 1175 228 163'

70 363 188 422 autern
205 354 341 437 ejusque
357 349 505 420 sobolem
522 350 599 420 odio
614 359 722 435 habui,
740 360 756 420 i.
774 380 799 420 e.
817 360 925 422 minus
941 359 1054 435 dilexi,
1067 352 1170 420 mino-

71 458 233 539 ribusque
249 460 416 524 beneficiis
432 473 626 543 prosecutus
642 484 725 538 sum,
740 464 853 544 sicque
874 464 1069 544 explicatur¹
1082 464 1171 544 quod

32 562 34 564 ’
72 583 101 623 v.
125 580 161 623 12
179 563 304 626 dietum
330 565 450 629 fuerat:
475 568 578 647 “quia
604 567 709 646 major
732 569 850 630 serviet
874 569 1040 629 minori''¹.
1086 565 1172 648 Quae

72 667 211 746 quidem
228 671 433 750 comparatio
449 672 595 733 ostendit
613 672 732 746 Deum,
748 671 849 732 etiam
867 672 898 731 in
923 671 1037 733 ordine
1061 690 1173 750 super-

72 772 226 846 naturali,
250 793 316 834 non
339 794 455 836 omnes
478 774 630 836 homines
654 775 825 854 aequaliter
851 774 997 854 diligere,
1019 773 1076 834 sed
1101 772 1173 834 aliis

72 873 196 955 plures
212 877 285 936 aliis
301 878 473 958 pauciores
489 879 613 958 gratias
636 878 801 954 conferre;
827 878 884 938 sed
911 898 954 939 ex
977 876 1039 937 hoc
1063 875 1172 956 colligi

73 979 192 1058 nequit
216 982 378 1060 quosdam
404 982 494 1042 omni
518 981 633 1061 gratia,
648 980 802 1042 omnibus
828 971 945 1041 mediis
970 978 1171 1040 adsalutem

72 1083 205 1162 privari.

74 1185 125 1265 (c)
143 1185 308 1250 Additur:
336 1189 440 1251 “Non
458 1189 607 1262 volentis
621 1207 727 1267 neque
740 1184 908 1258 currentis,
920 1184 977 1245 sed
990 1183 1173 1245 miserentis

73 1296 127 1349 est
144 1289 232 1350 Der’
246 1280 328 1371 (16);
351 1293 444 1372 cujus
460 1313 574 1354 sensus
591 1301 641 1353 est
658 1290 722 1351 Dei
738 1288 878 1369 gratiam
895 1308 963 1368 non
974 1288 1118 1368 pendere
1130 1286 1173 1347 ab

74 1393 232 1472 operibus
249 1396 453 1458 naturalibus
470 1397 520 1458 vel
539 1395 711 1475 legalibuS,
727 1395 784 1455 sed
810 1415 829 1455 a
853 1393 1076 1457 misericordia
1101 1394 1174 1468 Dei,

74 1515 179 1574 quum
195 1500 341 1576 gratuito
357 1501 585 1574 concedatur2,
595 1507 629 1559 et
641 1497 774 1577 quidem
788 1498 951 1572 omnibus,
962 1506 998 1558 ut
1008 1496 1086 1558 alibi
1100 1517 1173 1577 pro-

75 1598 177 1661 batur
192 1599 243 1680 (de
261 1602 378 1664 Gratid
394 1624 423 1666 n.
441 1603 562 1683 75-92).
609 1603 728 1662 Postea
744 1622 812 1663 rem
828 1602 1002 1664 confirmat
1017 1602 1173 1682 exemplo
1222 1643 1228 1659 .
1268 1622 1271 1628 ·

76 1702 271 1780 Pharaonis,
293 1708 545 1788 concluditque:
571 1704 691 1785 “cujus
718 1705 787 1766 vult
812 1706 992 1781 miseretur,
1018 1715 1051 1766 et
1074 1725 1172 1785 quem

74 1807 147 1868 vult
172 1808 327 1873 indurat’'
350 1813 430 1893 (18),
454 1814 471 1874 i.
499 1833 523 1873 e.
548 1809 692 1873 indurari
723 1810 894 1889 permittit,
925 1804 1113 1870 ulteriorem
1140 1817 1174 1869 et

74 1906 354 1974 abundantiorem
371 1912 511 1992 gratiam
529 1912 735 1992 denegand0,
751 1921 787 1974 ut
802 1933 901 1992 supra
916 1911 961 1992 (n.
976 1911 1032 1993 97)
1055 1912 1174 1992 proba-

75 2031 194 2073 vrmus.
1109 2091 1112 2094 .

75 2109 129 2189 (d)
147 2111 268 2192 Quoad
285 2116 568 2195 comparationem
577 2117 682 2198 figuli
694 2118 774 2198 (21),
791 2119 836 2180 ita
857 2117 1018 2198 explicari
1042 2126 1172 2198 potest:

76 2217 165 2278 sicut
180 2217 300 2299 figulus
317 2220 361 2281 nil
379 2221 478 2282 debet
492 2242 610 2283 massae
624 2221 683 2283 luti
696 2231 729 2283 et
740 2221 781 2283 de
791 2226 830 2282 ea
841 2243 900 2302 pro
913 2222 1007 2284 libitu
1019 2223 1174 2302 disponit,

77 2321 124 2382 ita
141 2322 234 2383 Deus
251 2344 368 2386 massae
384 2327 512 2406 generis
522 2326 658 2388 humani
670 2325 794 2386 nullam
807 2325 1089 2406 supernaturalem
1101 2345 1173 2406 gra-

76 2425 161 2486 tiam
186 2426 303 2504 debet;
326 2449 414 2509 erg0,
438 2430 508 2490 sine
534 2430 600 2491 ulla
624 2429 794 2510 injustitia,
821 2430 894 2509 plus
921 2431 976 2490 uni
1000 2430 1174 2508 minusque

77 2527 173 2589 alteri
190 2531 370 2593 concedere
386 2541 504 2613 potest.
552 2532 607 2593 Nil
634 2533 733 2612 igitur
748 2553 790 2592 ex
805 2532 855 2594 his
871 2532 1174 2614 comparationibus

77 2641 196 2693 contra
213 2632 332 2706 thesim
349 2647 495 2698 nostram
514 2636 662 2698 concludi
679 2645 797 2716 potest,
814 2647 846 2698 et
862 2633 995 2698 aliunde
1016 2636 1174 2706 nonnulla

78 2736 111 2795 in
129 2735 193 2797 hoc
211 2747 244 2799 et
259 2742 409 2819 sequenti
427 2743 536 2822 capite
552 2739 666 2802 scribit
684 2738 868 2820 Apostolus
884 2761 959 2820 quae
974 2760 1047 2800 earn
1065 2740 1174 2820 potius

77 2835 287 2913 confirmant,
298 2861 324 2900 v.
336 2860 365 2920 g.
382 2846 397 2872 “
409 2841 502 2922 Quos
514 2853 547 2905 et
558 2846 688 2907 vocavit
702 2865 761 2906 nos
775 2866 840 2907 non
857 2846 963 2907 solum
980 2867 1023 2906 ex
1039 2845 1174 2925 Judaeis,

77 2942 137 3003 sed
155 2942 256 3004 etiam
273 2965 317 3006 ex
334 2945 523 3009 Gentibus...
571 2949 647 3010 Non
664 2951 752 3011 enirn
770 2958 819 3010 est
835 2947 1004 3009 distinctio
1018 2949 1126 3028 Judaei
1142 2958 1175 3011 et

113 3154 122 3184 1
140 3148 224 3215 Quod
235 3149 318 3203 hodie
331 3151 482 3204 admittunt
495 3151 592 3220 optimi
614 3153 831 3206 Protestantium
851 3161 994 3218 exegetae:
1015 3151 1176 3204 “Absoluta

77 3235 169 3302 Jacob
183 3235 282 3288 eleuio
295 3237 385 3304 (amor
397 3256 463 3306 erga
476 3240 573 3306 Jacob,
587 3239 682 3293 odium
696 3238 724 3291 in
739 3238 835 3304 Esau),
847 3250 888 3291 est
900 3239 1016 3307 simplex
1027 3239 1108 3290 unius
1117 3252 1176 3305 prae

79 3323 170 3374 altero
183 3310 292 3390 e'lettiu
306 3334 336 3378 ut
349 3325 373 3378 is
387 3324 480 3394 stirpis
494 3325 592 3379 erenae
606 3336 689 3394 caput
703 3325 834 3379 evaderet
848 3335 875 3378 et
888 3324 1040 3391 majoribus
1060 3324 1176 3376 donare-

79 3420 124 3462 tur
138 3408 310 3478 privilegiis:
329 3413 406 3481 quod
419 3413 535 3467 minime
548 3415 584 3466 ad
598 3415 717 3467 salutem
731 3425 866 3466 aeternam
880 3430 910 3466 se
924 3412 1013 3466 refert.
1056 3413 1088 3464 ln
1102 3422 1176 3465 textu

79 3495 218 3564 originali,
239 3498 282 3551 cui
306 3499 426 3553 Sanetus
451 3501 551 3553 Paulus
573 3501 680 3566 alludit,
698 3503 774 3554 Esau
791 3511 834 3553 est
854 3516 1028 3567 synonymon
1050 3497 1176 3552 Edom.''

79 3584 175 3651 (Gore,
195 3585 293 3638 Studia
306 3587 416 3653 biblica,
433 3588 459 3640 ll
469 3589 487 3653 l,
501 3605 526 3657 p.
537 3602 579 3655 44,
594 3589 669 3656 apud
686 3591 712 3640 T
709 3589 742 3640 lte
754 3591 889 3640 Internat.
906 3587 1025 3640 Critt'cal
1037 3580 1180 3640 Cranaen-⁴

79 3675 153 3736 rary,
173 3669 306 3736 Romans,
319 3671 356 3738 by
369 3672 491 3741 Sanday,
507 3673 577 3725 New
590 3672 674 3734 Ymk,
694 3674 767 3741 1895,
781 3689 805 3738 p.
824 3686 856 3734 24
861 3669 898 3737 5.)

114 3761 125 3784 ²
135 3755 220 3822 Quod
231 3757 335 3824 pariter
343 3759 471 3812 hodierni
484 3760 673 3813 Protestantes
683 3759 850 3821 concedunt3
861 3757 964 3824 legitur
972 3755 1046 3809 enim
1057 3757 1084 3809 in
1093 3774 1177 3824 opere

79 3861 147 3896 mox
156 3844 251 3908 citat0,
263 3862 290 3914 p.
302 3863 318 3898 2
323 3859 354 3912 54
368 3863 374 3899 :
399 3845 415 3873 “
427 3845 548 3900 Sanetus
559 3848 660 3900 Paulus
670 3845 797 3915 principii
807 3846 895 3897 instar
903 3845 984 3896 docet
995 3842 1048 3896 Dei
1059 3845 1177 3911 gratiam

79 3932 242 3985 necessario
254 3931 366 3986 nonnisi
379 3934 415 3987 ab
429 3933 487 4002 ejus
496 3934 640 3987 voluntate
649 3933 864 3994 ortunrhabere5
884 3947 939 3983 non
951 3941 1086 3998 quatenus
1098 3932 1176 3984 Deus

79 4021 158 4072 dona
171 4036 221 4072 sua
235 4018 392 4074 inconsulto
407 4020 564 4086 distribuat,
578 4021 628 4074 sed
642 4031 778 4089 quatenus
794 4019 820 4070 in
834 4019 886 4070 hac
900 4017 1095 4070 distributione
1114 4034 1176 4085 quae

80 4106 144 4160 sine
157 4107 213 4160 ullo
227 4117 321 4161 nostro
334 4108 434 4161 merito
448 4109 486 4174 tit,
499 4109 535 4161 ab
549 4109 603 4161 alia
613 4107 720 4161 ratione
731 4124 779 4159 seu
791 4106 894 4158 motivo
904 4104 963 4172 ipse
974 4121 1027 4156 non
1040 4116 1174 4168 movetur,

80 4210 168 4263 quarn
182 4211 199 4246 a
211 4211 260 4247 sua
281 4195 422 4248 voluntate
442 4195 485 4248 cui
502 4196 547 4264 jus
561 4205 603 4249 est
622 4212 670 4248 eos
690 4196 738 4270 qui
756 4194 793 4247 ad
813 4210 842 4246 se
862 4191 1001 4260 pertinent
1022 4208 1070 4258 pro
1089 4192 1176 4244 lubitu

79 4281 232 4336 habendi.”
246 4280 439 4350 (Hammond.)
1167 4319 1169 4323 ,
1196 4322 1264 4364 .
