2684 4634
165 189 224 240 DE
240 189 386 241 VERBO
404 189 657 243 mennunro
675 190 726 241 ET
745 190 1051 241 REDEMPTORE.
1103 190 1161 241 ⁴11

860 304 1153 313 *σι-ᾕ-

57 389 166 452 neque
193 370 369 452 Prophetae
397 370 525 454 (levita)
555 390 669 435 curare
696 380 882 453 potuerunt.
930 370 1163 433 Samaritanus

55 491 175 558 autem,
192 484 211 547 i.
220 503 257 560 e,
266 483 425 561 Christus,
437 483 660 547 misericordia
674 494 793 559 motus,
805 484 968 565 nobisque
981 503 1039 565 per
1054 483 1162 544 lncar-

56 587 231 649 nationem
255 586 537 670 appropinquans,
560 586 695 650 vulnera
718 588 856 663 sanavit,
878 595 1161 650 sacramentorum

56 688 169 751 oleum
198 698 232 752 et
257 690 371 753 vinum
395 689 584 765 infundens,
599 710 727 772 nosque
753 690 785 751 in
809 688 976 752 stabulum
1003 687 1162 751 Ecclesiae

56 789 166 869 duxit,
183 791 240 854 ubi
256 791 327 873 ejus
343 792 484 855 ministri
501 793 604 855 nostri
621 812 734 855 curam
751 800 878 874 gerunt.

97 940 149 1007 23
200 938 236 987 2⁰
264 926 399 990 Utilitas
421 934 585 1009 apparet:
611 926 661 1007 (a)
686 926 741 988 Ex
764 925 925 1007 digm‘tate
947 925 1058 1007 objeiii
1072 949 1083 988 :
1109 924 1162 986 hic

55 1028 147 1089 enim
172 1029 304 1109 agimus
326 1029 369 1091 de
397 1027 534 1104 Christo,
559 1029 616 1110 qui
640 1048 757 1091 omnes
783 1028 956 1090 thesauros
978 1027 1162 1090 divinitatis

55 1130 156 1192 simul
174 1138 209 1193 et
224 1128 482 1212 perfectissimas
493 1131 649 1193 humanae
661 1139 789 1193 naturae
805 1131 901 1192 dotes
917 1132 948 1191 in
966 1150 1001 1192 se
1017 1129 1161 1211 comple-

56 1230 179 1309 &itun
202 1243 236 1296 et
258 1233 392 1315 insuper
411 1234 454 1295 de
477 1233 533 1295 illo
551 1233 677 1295 eximio
697 1232 938 1315 Redenqitionis
959 1243 1056 1313 opere,
1071 1232 1161 1312 quod

56 1345 168 1399 cetera
186 1335 250 1397 Dei
265 1356 367 1417 opera
382 1334 481 1417 longe
496 1344 630 1418 superat
643 1357 650 1412 ;
669 1334 750 1397 nihil
767 1336 867 1416 igitur
880 1335 1015 1415 dignius
1029 1334 1161 1397 investi-

9 1458 11 1507 }
56 1437 250 1518 gationibus
262 1439 384 1505 nostris
396 1436 505 1501 offerri
518 1447 640 1520 potest,
649 1447 682 1501 et
698 1457 773 1500 cum
792 1437 958 1519 Apostolo
974 1436 1162 1500 exclamare

9 1534 14 1637 ἶ
56 1540 179 1602 licet1:
204 1541 311 1603 “Non
328 1541 416 1603 enim
430 1540 576 1623 judicavi
602 1561 655 1602 me
674 1541 757 1602 scire
777 1540 901 1622 aliquid
924 1541 1010 1603 inter
1024 1560 1083 1602 vos
1099 1540 1161 1601 nisi

56 1643 173 1724 Jesum
190 1652 224 1705 et
239 1642 326 1706 hunc
342 1643 538 1707 crucifixum
551 1645 589 1721 '';
613 1643 693 1706 nihil
718 1643 824 1724 magis
846 1643 1066 1718 necessarium,
1083 1662 1161 1704 nam

9 1760 13 1811 ἐ
56 1745 212 1809 Christus
228 1747 299 1827 ipse
314 1747 420 1810 dixit:
438 1746 542 1828 “Ego
558 1766 631 1809 sum
644 1747 705 1822 via,
715 1746 836 1809 veritas
852 1755 885 1808 et
901 1746 969 1807 vita
978 1746 994 1773 ''
1004 1757 1026 1807 2.
1070 1745 1162 1826 Jam-

10 1828 17 1869 “’
55 1868 137 1910 vero
151 1852 169 1879 “
180 1849 251 1911 sine
264 1849 318 1911 via
334 1869 400 1912 non
421 1850 494 1925 itur,
510 1850 582 1913 sine
605 1850 742 1912 veritate
766 1869 830 1910 non
855 1849 1074 1928 cognoscitur,
1091 1847 1162 1908 sine

10 1994 19 2003 .
39 1951 126 2012 uita
142 1970 210 2012 non
226 1952 348 2015 vivitur
357 1951 374 1977 '⁹
385 1963 407 2014 ³.

54 2051 108 2135 (b)
132 2052 191 2115 Ex
209 2054 391 2117 innumeris
412 2054 574 2117 erroribus
599 2054 655 2136 qui
679 2054 765 2116 circa
788 2054 868 2116 illud
892 2053 1016 2134 dogma
1039 2052 1162 2135 ubique

54 2164 253 2236 grassantur
265 2178 273 2234 ;
294 2175 398 2239 quum
410 2156 498 2218 enim
512 2156 668 2219 divinitas
683 2156 804 2220 Christi
817 2156 954 2238 ejusque
970 2176 1030 2237 pro
1041 2176 1162 2237 genere

53 2258 208 2321 humano
230 2256 424 2335 satisfactio,
444 2260 511 2322 sint
533 2259 635 2322 veluti
659 2268 809 2322 centrum
831 2268 865 2322 et
887 2259 976 2322 basis
995 2259 1162 2340 religionis

54 2360 256 2439 christianae,
271 2361 337 2425 illae
352 2361 507 2425 veritates
523 2363 642 2425 acriter
657 2363 863 2444 impugnatae
885 2361 1016 2425 suerunt
1031 2370 1101 2425 tum
1119 2363 1162 2424 ab

54 2460 205 2542 antiquis
220 2460 392 2535 haereticis,
408 2469 479 2525 tum
495 2481 515 2522 a
532 2461 700 2523 modernis
717 2461 948 2524 Rationalistis
971 2470 1028 2523 aut
1044 2482 1063 2523 a
1079 2481 1160 2523 non·
1272 2533 1274 2538 ¹

54 2560 160 2625 nullis
184 2564 445 2628 Protestantium
473 2561 581 2640 settis,
601 2564 785 2644 praescrtim
811 2584 889 2625 vero
917 2564 1102 2627 Socinianis
1128 2573 1161 2626 et

55 2667 223 2731 Unitariis
231 2689 239 2744 ;
255 2668 395 2731 maximi
407 2667 508 2749 igitur
520 2669 681 2730 momenti
694 2677 745 2730 cst
757 2667 831 2729 illos
843 2687 968 2728 errores
981 2666 1159 2729 confutare.

99 2818 149 2884 24.
199 2817 234 2883 30
249 2803 388 2869 Divisio.
433 2804 510 2866 Duo
528 2812 605 2865 sunt
626 2803 783 2884 mysteria
799 2802 1025 2883 exponenda:
1050 2802 1159 2863 Incar-

52 2907 150 2969 natio
165 2915 200 2970 et
217 2908 420 2989 Redemptio
435 2928 443 2983 ;
466 2907 544 2968 inde
559 2906 635 2968 duae
658 2906 835 2986 praecipuae
858 2915 990 2987 partes:
1019 2902 1160 2967 Christo·

50 3009 151 3091 logia,
164 3028 239 3090 quae
255 3010 296 3072 de
313 3009 556 3084 lncarnatione,
566 3007 594 3070 S
596 3008 789 3087 oteriologia,
803 3028 878 3089 quae
890 3007 931 3069 de
945 3008 1160 3088 Redemptio-

52 3132 97 3173 ne
112 3111 253 3174 disserit
293 3111 382 3194 Quia
396 3131 475 3174 vero
490 3111 580 3192 prius
597 3111 792 3190 mysterium
810 3111 1019 3172 divinitatem
1037 3108 1158 3174 Christi

51 3210 225 3296 supponit,
240 3223 274 3277 et
289 3224 468 3295 utrumque
483 3211 688 3275 consedaria
704 3213 841 3274 maximi
860 3213 1019 3274 momenti
1037 3213 1158 3292 impor-

50 3326 113 3395 tat,
129 3325 273 3399 quatuor
288 3327 385 3383 erunt
400 3316 521 3400 capita,
537 3325 573 3378 ut
590 3315 621 3377 in
639 3316 790 3396 sequenti
808 3315 952 3398 Synopsi
974 3315 1159 3381 exhibetur.

81 4308 193 4360 llen
211 4309 249 4372 Il,
264 4322 288 4361 2.
317 4338 340 4346 -
353 4308 433 4377 ΨΜ,
450 4312 492 4363 Xl
500 4313 531 4376 p,
548 4311 573 4367 6.
586 4346 621 4355 -
634 4319 645 4350 ³
659 4316 704 4370 De
717 4316 800 4370 Inrit.
819 4313 976 4384 chrisum
986 4311 1053 4379 ill,
1065 4326 1092 4362 c.
1107 4309 1155 4375 sb.
