<?xml version="1.0" encoding="UTF-8"?>
<!DOCTYPE html PUBLIC "-//W3C//DTD XHTML 1.0 Transitional//EN"
    "http://www.w3.org/TR/xhtml1/DTD/xhtml1-transitional.dtd">
<html xmlns="http://www.w3.org/1999/xhtml" xml:lang="en" lang="en">
 <head>
  <title>
</title>
<meta http-equiv="Content-Type" content="text/html;charset=utf-8" />
  <meta name='ocr-system' content='tesseract 3.04.00' />
  <meta name='ocr-capabilities' content='ocr_page ocr_carea ocr_par ocr_line ocrx_word'/>
</head>
<body>
  <div class='ocr_page' id='page_1' title='image "./synopsistheolog00tanqgoog_0395.png"; bbox 0 0 2684 4634; ppageno 0'>
   <div class='ocr_carea' id='block_1_1' title="bbox 145 172 806 224">
    <p class='ocr_par' dir='ltr' id='par_1_1' title="bbox 145 172 806 224">
     <span class='ocr_line' id='line_1_1' title="bbox 145 172 806 224; baseline 0.005 -3"><span class='ocrx_word' id='word_1_1' title='bbox 145 172 212 221; x_wconf 75' lang='grc'><strong>374</strong></span> <span class='ocrx_word' id='word_1_2' title='bbox 587 174 728 224; x_wconf 79' lang='lat' dir='ltr'><strong>CAPUT</strong></span> <span class='ocrx_word' id='word_1_3' title='bbox 746 175 806 224; x_wconf 91' lang='lat'>111.</span> 
     </span>
    </p>
   </div>
   <div class='ocr_carea' id='block_1_2' title="bbox 137 353 1276 2287">
    <p class='ocr_par' dir='ltr' id='par_1_2' title="bbox 144 353 1276 639">
     <span class='ocr_line' id='line_1_2' title="bbox 145 353 1276 447; baseline 0.008 -36"><span class='ocrx_word' id='word_1_4' title='bbox 145 359 283 430; x_wconf 86' lang='lat' dir='ltr'><strong>apparet</strong></span> <span class='ocrx_word' id='word_1_5' title='bbox 297 361 500 432; x_wconf 84' lang='lat' dir='ltr'><strong>praeceptum</strong></span> <span class='ocrx_word' id='word_1_6' title='bbox 516 373 584 433; x_wconf 92' lang='lat' dir='ltr'><strong>quo</strong></span> <span class='ocrx_word' id='word_1_7' title='bbox 599 353 716 435; x_wconf 88' lang='lat' dir='ltr'><strong>majori</strong></span> <span class='ocrx_word' id='word_1_8' title='bbox 732 359 833 436; x_wconf 68' lang='lat' dir='ltr'><strong>poene‘t</strong></span> <span class='ocrx_word' id='word_1_9' title='bbox 847 355 1015 433; x_wconf 90' lang='lat' dir='ltr'><strong>sancitur;</strong></span> <span class='ocrx_word' id='word_1_10' title='bbox 1037 359 1133 438; x_wconf 89' lang='lat' dir='ltr'><strong>atqui</strong></span> <span class='ocrx_word' id='word_1_11' title='bbox 1147 379 1234 440; x_wconf 87' lang='lat' dir='ltr'><strong>poena</strong></span> <span class='ocrx_word' id='word_1_12' title='bbox 1274 414 1276 447; x_wconf 61' lang='grc' dir='ltr'>Ι</span> 
     </span>
     <span class='ocr_line' id='line_1_3' title="bbox 144 450 1276 542; baseline 0.008 -28"><span class='ocrx_word' id='word_1_13' title='bbox 144 455 348 516; x_wconf 88' lang='lat' dir='ltr'><strong>comminata</strong></span> <span class='ocrx_word' id='word_1_14' title='bbox 362 465 433 517; x_wconf 92' lang='lat' dir='ltr'><strong>erat</strong></span> <span class='ocrx_word' id='word_1_15' title='bbox 447 458 651 536; x_wconf 83' lang='lat' dir='ltr'><strong>gravissima,</strong></span> <span class='ocrx_word' id='word_1_16' title='bbox 666 458 791 520; x_wconf 90' lang='lat' dir='ltr'><strong>scilicet</strong></span> <span class='ocrx_word' id='word_1_17' title='bbox 806 479 905 539; x_wconf 87' lang='lat' dir='ltr'><strong>poena</strong></span> <span class='ocrx_word' id='word_1_18' title='bbox 920 459 1040 522; x_wconf 89' lang='lat' dir='ltr'><strong>mortis</strong></span> <span class='ocrx_word' id='word_1_19' title='bbox 1056 481 1119 542; x_wconf 95' lang='lat' dir='ltr'><strong>pro</strong></span> <span class='ocrx_word' id='word_1_20' title='bbox 1133 481 1234 542; x_wconf 90' lang='lat' dir='ltr'><strong>corpo-</strong></span> <span class='ocrx_word' id='word_1_21' title='bbox 1272 450 1276 503; x_wconf 73' lang='grc' dir='ltr'><em>Ῐ</em></span> 
     </span>
     <span class='ocr_line' id='line_1_4' title="bbox 144 556 481 639; baseline 0.009 -23"><span class='ocrx_word' id='word_1_22' title='bbox 144 576 179 616; x_wconf 93' lang='lat' dir='ltr'><strong>re</strong></span> <span class='ocrx_word' id='word_1_23' title='bbox 194 565 228 617; x_wconf 92' lang='lat' dir='ltr'><strong>et</strong></span> <span class='ocrx_word' id='word_1_24' title='bbox 243 556 353 618; x_wconf 78' lang='lat' dir='ltr'><strong>anima</strong></span> <span class='ocrx_word' id='word_1_25' title='bbox 367 579 374 632; x_wconf 90' lang='lat'>;</span> <span class='ocrx_word' id='word_1_26' title='bbox 394 577 481 639; x_wconf 85' lang='lat' dir='ltr'><strong>ergo.</strong></span> 
     </span>
    </p>

    <p class='ocr_par' dir='ltr' id='par_1_3' title="bbox 137 658 1276 2287">
     <span class='ocr_line' id='line_1_5' title="bbox 187 658 1236 744; baseline 0.009 -24"><span class='ocrx_word' id='word_1_27' title='bbox 187 658 248 739; x_wconf 87' lang='grc' dir='ltr'><strong>(Β)</strong></span> <span class='ocrx_word' id='word_1_28' title='bbox 273 659 329 720; x_wconf 88' lang='lat' dir='ltr'><strong>Ex</strong></span> <span class='ocrx_word' id='word_1_29' title='bbox 352 660 460 721; x_wconf 66' lang='lat' dir='ltr'><strong>variis</strong></span> <span class='ocrx_word' id='word_1_30' title='bbox 482 661 622 723; x_wconf 84' lang='lat' dir='ltr'><strong>malitiis</strong></span> <span class='ocrx_word' id='word_1_31' title='bbox 647 663 680 724; x_wconf 95' lang='lat' dir='ltr'><strong>in</strong></span> <span class='ocrx_word' id='word_1_32' title='bbox 706 663 762 724; x_wconf 92' lang='lat' dir='ltr'><strong>illo</strong></span> <span class='ocrx_word' id='word_1_33' title='bbox 788 673 926 744; x_wconf 90' lang='lat' dir='ltr'><strong>peccato</strong></span> <span class='ocrx_word' id='word_1_34' title='bbox 956 664 1105 727; x_wconf 86' lang='lat' dir='ltr'><strong>inclusis</strong></span> <span class='ocrx_word' id='word_1_35' title='bbox 1161 667 1236 728; x_wconf 86' lang='lat' dir='ltr'><strong>Nam</strong></span> 
     </span>
     <span class='ocr_line' id='line_1_6' title="bbox 144 762 1238 849; baseline 0.007 -28"><span class='ocrx_word' id='word_1_36' title='bbox 144 770 405 842; x_wconf 86' lang='lat' dir='ltr'><strong>protoparentes,</strong></span> <span class='ocrx_word' id='word_1_37' title='bbox 421 762 577 826; x_wconf 89' lang='lat' dir='ltr'><strong>violando</strong></span> <span class='ocrx_word' id='word_1_38' title='bbox 593 765 741 828; x_wconf 90' lang='lat' dir='ltr'><strong>divinum</strong></span> <span class='ocrx_word' id='word_1_39' title='bbox 758 777 962 848; x_wconf 88' lang='lat' dir='ltr'><strong>praeceptum</strong></span> <span class='ocrx_word' id='word_1_40' title='bbox 984 767 1095 830; x_wconf 90' lang='lat' dir='ltr'><strong>multa</strong></span> <span class='ocrx_word' id='word_1_41' title='bbox 1111 779 1238 849; x_wconf 90' lang='lat' dir='ltr'><strong>peccata</strong></span> 
     </span>
     <span class='ocr_line' id='line_1_7' title="bbox 145 865 1238 951; baseline 0.005 -25"><span class='ocrx_word' id='word_1_42' title='bbox 145 865 390 938; x_wconf 88' lang='lat' dir='ltr'><strong>commiserunt,</strong></span> <span class='ocrx_word' id='word_1_43' title='bbox 405 865 551 929; x_wconf 88' lang='lat' dir='ltr'><strong>scilicet:</strong></span> <span class='ocrx_word' id='word_1_44' title='bbox 569 867 621 948; x_wconf 86' lang='lat' dir='ltr'><strong>(a)</strong></span> <span class='ocrx_word' id='word_1_45' title='bbox 638 868 788 949; x_wconf 86' lang='lat' dir='ltr'><strong>Uterque</strong></span> <span class='ocrx_word' id='word_1_46' title='bbox 810 870 979 931; x_wconf 85' lang='lat' dir='ltr'><strong>commisit</strong></span> <span class='ocrx_word' id='word_1_47' title='bbox 998 881 1182 951; x_wconf 89' lang='lat' dir='ltr'><strong>peccatum</strong></span> <span class='ocrx_word' id='word_1_48' title='bbox 1195 893 1238 934; x_wconf 82' lang='lat' dir='ltr'><strong>sn-</strong></span> 
     </span>
     <span class='ocr_line' id='line_1_8' title="bbox 137 965 1239 1054; baseline 0.008 -27"><span class='ocrx_word' id='word_1_49' title='bbox 137 965 265 1046; x_wconf 63' lang='lat' dir='ltr'><strong>peroio,</strong></span> <span class='ocrx_word' id='word_1_50' title='bbox 275 967 464 1048; x_wconf 92' lang='lat' dir='ltr'><strong>appetendo</strong></span> <span class='ocrx_word' id='word_1_51' title='bbox 479 969 728 1032; x_wconf 90' lang='lat' dir='ltr'><strong>similitudinem</strong></span> <span class='ocrx_word' id='word_1_52' title='bbox 743 972 818 1034; x_wconf 92' lang='lat' dir='ltr'><strong>Deo</strong></span> <span class='ocrx_word' id='word_1_53' title='bbox 830 972 931 1035; x_wconf 90' lang='lat' dir='ltr'><strong>modo</strong></span> <span class='ocrx_word' id='word_1_54' title='bbox 943 972 1239 1054; x_wconf 86' lang='lat' dir='ltr'><strong>inordinato,juxta</strong></span> 
     </span>
     <span class='ocr_line' id='line_1_9' title="bbox 144 1068 1276 1159; baseline 0.01 -31"><span class='ocrx_word' id='word_1_55' title='bbox 144 1068 225 1131; x_wconf 92' lang='lat' dir='ltr'><strong>illud</strong></span> <span class='ocrx_word' id='word_1_56' title='bbox 246 1071 335 1149; x_wconf 93' lang='lat' dir='ltr'><strong>quod</strong></span> <span class='ocrx_word' id='word_1_57' title='bbox 354 1089 489 1150; x_wconf 86' lang='lat' dir='ltr'><strong>serpens</strong></span> <span class='ocrx_word' id='word_1_58' title='bbox 507 1071 658 1133; x_wconf 87' lang='lat' dir='ltr'>dixerat:</span> <span class='ocrx_word' id='word_1_59' title='bbox 682 1077 741 1136; x_wconf 82' lang='lat' dir='ltr'><strong>“et</strong></span> <span class='ocrx_word' id='word_1_60' title='bbox 762 1075 853 1137; x_wconf 89' lang='lat' dir='ltr'><strong>eritis</strong></span> <span class='ocrx_word' id='word_1_61' title='bbox 870 1075 956 1137; x_wconf 91' lang='lat' dir='ltr'><strong>sicut</strong></span> <span class='ocrx_word' id='word_1_62' title='bbox 982 1075 1038 1137; x_wconf 92' lang='lat' dir='ltr'><strong>Dii</strong></span> <span class='ocrx_word' id='word_1_63' title='bbox 1050 1077 1067 1101; x_wconf 91' lang='lat'><strong>&#39;&#39;</strong></span> <span class='ocrx_word' id='word_1_64' title='bbox 1082 1089 1102 1138; x_wconf 88' lang='lat'><strong>¹.</strong></span> <span class='ocrx_word' id='word_1_65' title='bbox 1162 1077 1239 1139; x_wconf 88' lang='lat' dir='ltr'><strong>Hinc</strong></span> <span class='ocrx_word' id='word_1_66' title='bbox 1273 1080 1276 1159; x_wconf 75' lang='grc' dir='ltr'>ξ</span> 
     </span>
     <span class='ocr_line' id='line_1_10' title="bbox 144 1176 1276 1262; baseline 0.004 -26"><span class='ocrx_word' id='word_1_67' title='bbox 144 1176 280 1238; x_wconf 93' lang='lat' dir='ltr'><strong>dicitur:</strong></span> <span class='ocrx_word' id='word_1_68' title='bbox 302 1181 318 1206; x_wconf 88' lang='lat'><strong>“</strong></span> <span class='ocrx_word' id='word_1_69' title='bbox 332 1177 364 1238; x_wconf 95' lang='lat' dir='ltr'><strong>in</strong></span> <span class='ocrx_word' id='word_1_70' title='bbox 388 1177 459 1257; x_wconf 76' lang='lat' dir='ltr'><strong>ipsa</strong></span> <span class='ocrx_word' id='word_1_71' title='bbox 481 1178 665 1259; x_wconf 78' lang='lat' dir='ltr'><strong>(superbia)</strong></span> <span class='ocrx_word' id='word_1_72' title='bbox 685 1179 816 1239; x_wconf 92' lang='lat' dir='ltr'><strong>initium</strong></span> <span class='ocrx_word' id='word_1_73' title='bbox 840 1177 983 1258; x_wconf 87' lang='lat' dir='ltr'><strong>sumpsit</strong></span> <span class='ocrx_word' id='word_1_74' title='bbox 1002 1179 1120 1240; x_wconf 92' lang='lat' dir='ltr'><strong>omnis</strong></span> <span class='ocrx_word' id='word_1_75' title='bbox 1143 1181 1240 1262; x_wconf 92' lang='lat' dir='ltr'><strong>perdi·</strong></span> <span class='ocrx_word' id='word_1_76' title='bbox 1274 1182 1276 1191; x_wconf 91' lang='lat'>&#39;</span> 
     </span>
     <span class='ocr_line' id='line_1_11' title="bbox 144 1279 1239 1362; baseline 0.005 -24"><span class='ocrx_word' id='word_1_77' title='bbox 144 1279 192 1339; x_wconf 93' lang='lat' dir='ltr'><strong>tio</strong></span> <span class='ocrx_word' id='word_1_78' title='bbox 202 1279 217 1304; x_wconf 75' lang='lat'><strong>&#39;³</strong></span> <span class='ocrx_word' id='word_1_79' title='bbox 229 1290 250 1340; x_wconf 87' lang='lat'><strong>².</strong></span> <span class='ocrx_word' id='word_1_80' title='bbox 301 1279 352 1359; x_wconf 90' lang='lat' dir='ltr'><strong>(b)</strong></span> <span class='ocrx_word' id='word_1_81' title='bbox 370 1281 519 1361; x_wconf 88' lang='lat' dir='ltr'><strong>Uterque</strong></span> <span class='ocrx_word' id='word_1_82' title='bbox 537 1283 704 1343; x_wconf 89' lang='lat' dir='ltr'><strong>commisit</strong></span> <span class='ocrx_word' id='word_1_83' title='bbox 723 1290 898 1362; x_wconf 90' lang='lat' dir='ltr'><strong>peccatum</strong></span> <span class='ocrx_word' id='word_1_84' title='bbox 918 1279 1131 1356; x_wconf 64' lang='lat' dir='ltr'><strong>curiositatis,</strong></span> <span class='ocrx_word' id='word_1_85' title='bbox 1147 1284 1239 1344; x_wconf 90' lang='lat' dir='ltr'><strong>scien-</strong></span> 
     </span>
     <span class='ocr_line' id='line_1_12' title="bbox 144 1383 1239 1466; baseline 0.003 -24"><span class='ocrx_word' id='word_1_86' title='bbox 144 1383 225 1444; x_wconf 90' lang='lat' dir='ltr'><strong>tiam</strong></span> <span class='ocrx_word' id='word_1_87' title='bbox 249 1383 434 1445; x_wconf 87' lang='lat' dir='ltr'><strong>inordinate</strong></span> <span class='ocrx_word' id='word_1_88' title='bbox 454 1387 651 1466; x_wconf 91' lang='lat' dir='ltr'><strong>appetendo,</strong></span> <span class='ocrx_word' id='word_1_89' title='bbox 664 1386 764 1466; x_wconf 88' lang='lat' dir='ltr'><strong>juxta</strong></span> <span class='ocrx_word' id='word_1_90' title='bbox 779 1384 860 1447; x_wconf 93' lang='lat' dir='ltr'><strong>illud</strong></span> <span class='ocrx_word' id='word_1_91' title='bbox 876 1384 1041 1463; x_wconf 85' lang='lat' dir='ltr'><strong>serpentis</strong></span> <span class='ocrx_word' id='word_1_92' title='bbox 1059 1409 1067 1446; x_wconf 91' lang='lat'>:</span> <span class='ocrx_word' id='word_1_93' title='bbox 1083 1386 1239 1448; x_wconf 87' lang='lat' dir='ltr'><strong>“eteritis</strong></span> 
     </span>
     <span class='ocr_line' id='line_1_13' title="bbox 143 1484 1239 1569; baseline 0.003 -24"><span class='ocrx_word' id='word_1_94' title='bbox 143 1485 229 1547; x_wconf 90' lang='lat' dir='ltr'><strong>sicut</strong></span> <span class='ocrx_word' id='word_1_95' title='bbox 245 1485 301 1546; x_wconf 93' lang='lat' dir='ltr'><strong>Dii</strong></span> <span class='ocrx_word' id='word_1_96' title='bbox 315 1486 446 1549; x_wconf 79' lang='lat' dir='ltr'><strong>scientes</strong></span> <span class='ocrx_word' id='word_1_97' title='bbox 460 1486 576 1548; x_wconf 83' lang='lat' dir='ltr'><strong>bonum</strong></span> <span class='ocrx_word' id='word_1_98' title='bbox 590 1498 622 1550; x_wconf 84' lang='lat' dir='ltr'><strong>et</strong></span> <span class='ocrx_word' id='word_1_99' title='bbox 636 1488 759 1550; x_wconf 86' lang='lat' dir='ltr'><strong>malum</strong></span> <span class='ocrx_word' id='word_1_100' title='bbox 768 1487 793 1548; x_wconf 86' lang='lat'><strong>&#39;&#39;.</strong></span> <span class='ocrx_word' id='word_1_101' title='bbox 840 1485 887 1566; x_wconf 86' lang='lat' dir='ltr'><strong>(c)</strong></span> <span class='ocrx_word' id='word_1_102' title='bbox 902 1484 1018 1548; x_wconf 90' lang='lat' dir='ltr'><strong>Ambo</strong></span> <span class='ocrx_word' id='word_1_103' title='bbox 1035 1488 1165 1567; x_wconf 86' lang='lat' dir='ltr'><strong>pariter</strong></span> <span class='ocrx_word' id='word_1_104' title='bbox 1179 1507 1239 1569; x_wconf 90' lang='lat' dir='ltr'><strong>pec-</strong></span> 
     </span>
     <span class='ocr_line' id='line_1_14' title="bbox 144 1587 1238 1665; baseline 0.005 -18"><span class='ocrx_word' id='word_1_105' title='bbox 144 1594 254 1648; x_wconf 91' lang='lat' dir='ltr'><strong>catum</strong></span> <span class='ocrx_word' id='word_1_106' title='bbox 279 1587 498 1652; x_wconf 81' lang='lat' dir='ltr'><strong>inobedientiae</strong></span> <span class='ocrx_word' id='word_1_107' title='bbox 522 1590 769 1665; x_wconf 91' lang='lat' dir='ltr'><strong>commiserunt,</strong></span> <span class='ocrx_word' id='word_1_108' title='bbox 794 1590 874 1651; x_wconf 92' lang='lat' dir='ltr'><strong>dum</strong></span> <span class='ocrx_word' id='word_1_109' title='bbox 899 1587 1069 1651; x_wconf 87' lang='lat' dir='ltr'><strong>violarunt</strong></span> <span class='ocrx_word' id='word_1_110' title='bbox 1095 1589 1238 1652; x_wconf 89' lang='lat' dir='ltr'><strong>divinum</strong></span> 
     </span>
     <span class='ocr_line' id='line_1_15' title="bbox 143 1690 1238 1772; baseline 0.001 -20"><span class='ocrx_word' id='word_1_111' title='bbox 143 1695 352 1772; x_wconf 85' lang='lat' dir='ltr'><strong>praeceptum.</strong></span> <span class='ocrx_word' id='word_1_112' title='bbox 406 1694 506 1757; x_wconf 90' lang='lat' dir='ltr'><strong>Unde</strong></span> <span class='ocrx_word' id='word_1_113' title='bbox 521 1695 642 1756; x_wconf 92' lang='lat' dir='ltr'><strong>dicitur</strong></span> <span class='ocrx_word' id='word_1_114' title='bbox 659 1717 665 1756; x_wconf 96' lang='lat'><strong>:</strong></span> <span class='ocrx_word' id='word_1_115' title='bbox 681 1698 697 1725; x_wconf 93' lang='lat'>“</span> <span class='ocrx_word' id='word_1_116' title='bbox 709 1694 778 1754; x_wconf 83' lang='lat' dir='ltr'><strong>Per·</strong></span> <span class='ocrx_word' id='word_1_117' title='bbox 793 1690 1057 1754; x_wconf 88' lang='lat' dir='ltr'><strong>inobedientiam</strong></span> <span class='ocrx_word' id='word_1_118' title='bbox 1075 1694 1177 1755; x_wconf 92' lang='lat' dir='ltr'><strong>unius</strong></span> <span class='ocrx_word' id='word_1_119' title='bbox 1191 1692 1238 1753; x_wconf 93' lang='lat' dir='ltr'><strong>ho-</strong></span> 
     </span>
     <span class='ocr_line' id='line_1_16' title="bbox 144 1792 1276 1876; baseline -0.002 -21"><span class='ocrx_word' id='word_1_120' title='bbox 144 1796 242 1855; x_wconf 90' lang='lat' dir='ltr'><strong>minis</strong></span> <span class='ocrx_word' id='word_1_121' title='bbox 268 1804 457 1876; x_wconf 87' lang='lat' dir='ltr'><strong>peccatores</strong></span> <span class='ocrx_word' id='word_1_122' title='bbox 487 1797 658 1859; x_wconf 87' lang='lat' dir='ltr'><strong>constituti</strong></span> <span class='ocrx_word' id='word_1_123' title='bbox 688 1804 765 1858; x_wconf 88' lang='lat' dir='ltr'><strong>sunt</strong></span> <span class='ocrx_word' id='word_1_124' title='bbox 796 1792 893 1855; x_wconf 87' lang='lat' dir='ltr'><strong>multi</strong></span> <span class='ocrx_word' id='word_1_125' title='bbox 905 1793 952 1856; x_wconf 83' lang='lat'><strong>&#39;’3.</strong></span> <span class='ocrx_word' id='word_1_126' title='bbox 1004 1793 1061 1875; x_wconf 85' lang='lat' dir='ltr'><strong>(d)</strong></span> <span class='ocrx_word' id='word_1_127' title='bbox 1092 1796 1237 1858; x_wconf 90' lang='lat' dir='ltr'><strong>Tandem</strong></span> <span class='ocrx_word' id='word_1_128' title='bbox 1274 1800 1276 1853; x_wconf 90' lang='lat' dir='ltr'><strong>l</strong></span> 
     </span>
     <span class='ocr_line' id='line_1_17' title="bbox 145 1888 1276 1997; baseline -0.001 -38"><span class='ocrx_word' id='word_1_129' title='bbox 145 1896 297 1960; x_wconf 88' lang='lat' dir='ltr'><strong>Adamus</strong></span> <span class='ocrx_word' id='word_1_130' title='bbox 320 1899 485 1961; x_wconf 88' lang='lat' dir='ltr'><strong>commisit</strong></span> <span class='ocrx_word' id='word_1_131' title='bbox 510 1907 683 1980; x_wconf 90' lang='lat' dir='ltr'><strong>peccatum</strong></span> <span class='ocrx_word' id='word_1_132' title='bbox 703 1894 886 1958; x_wconf 83' lang='lat' dir='ltr'><strong>inordinati</strong></span> <span class='ocrx_word' id='word_1_133' title='bbox 907 1895 1031 1958; x_wconf 73' lang='lat' dir='ltr'><strong>amoris</strong></span> <span class='ocrx_word' id='word_1_134' title='bbox 1056 1917 1138 1979; x_wconf 88' lang='lat' dir='ltr'><strong>erga</strong></span> <span class='ocrx_word' id='word_1_135' title='bbox 1166 1917 1238 1960; x_wconf 88' lang='lat' dir='ltr'><strong>uxo·</strong></span> <span class='ocrx_word' id='word_1_136' title='bbox 1273 1888 1276 1997; x_wconf 56' lang='lat' dir='ltr'>J</span> 
     </span>
     <span class='ocr_line' id='line_1_18' title="bbox 143 1998 1238 2083; baseline 0.001 -22"><span class='ocrx_word' id='word_1_137' title='bbox 143 2005 222 2074; x_wconf 88' lang='lat' dir='ltr'><strong>rem,</strong></span> <span class='ocrx_word' id='word_1_138' title='bbox 245 2002 335 2075; x_wconf 93' lang='lat' dir='ltr'><strong>dum,</strong></span> <span class='ocrx_word' id='word_1_139' title='bbox 360 2001 414 2063; x_wconf 79' lang='lat' dir='ltr'><strong>illa</strong></span> <span class='ocrx_word' id='word_1_140' title='bbox 441 2012 645 2083; x_wconf 83' lang='lat' dir='ltr'><strong>suggerente,</strong></span> <span class='ocrx_word' id='word_1_141' title='bbox 672 1998 813 2064; x_wconf 74' lang='lat' dir='ltr'><strong>fruetum</strong></span> <span class='ocrx_word' id='word_1_142' title='bbox 840 1999 1007 2079; x_wconf 90' lang='lat' dir='ltr'><strong>comedit;</strong></span> <span class='ocrx_word' id='word_1_143' title='bbox 1033 2000 1110 2063; x_wconf 88' lang='lat' dir='ltr'><strong>Eva</strong></span> <span class='ocrx_word' id='word_1_144' title='bbox 1135 2014 1238 2064; x_wconf 88' lang='lat' dir='ltr'><strong>autem</strong></span> 
     </span>
     <span class='ocr_line' id='line_1_19' title="bbox 144 2102 1239 2185; baseline 0.004 -21"><span class='ocrx_word' id='word_1_145' title='bbox 144 2114 317 2184; x_wconf 88' lang='lat' dir='ltr'><strong>peccatum</strong></span> <span class='ocrx_word' id='word_1_146' title='bbox 338 2106 402 2185; x_wconf 78' lang='lat' dir='ltr'><strong>gol</strong></span> <span class='ocrx_word' id='word_1_147' title='bbox 441 2137 451 2170; x_wconf 83' lang='lat'><strong>,·</strong></span> <span class='ocrx_word' id='word_1_148' title='bbox 477 2106 598 2168; x_wconf 87' lang='lat' dir='ltr'><strong>“Vidit</strong></span> <span class='ocrx_word' id='word_1_149' title='bbox 623 2106 722 2185; x_wconf 89' lang='lat' dir='ltr'><strong>igitur</strong></span> <span class='ocrx_word' id='word_1_150' title='bbox 747 2102 864 2166; x_wconf 90' lang='lat' dir='ltr'><strong>mulier</strong></span> <span class='ocrx_word' id='word_1_151' title='bbox 889 2104 979 2183; x_wconf 92' lang='lat' dir='ltr'><strong>quod</strong></span> <span class='ocrx_word' id='word_1_152' title='bbox 1004 2102 1135 2166; x_wconf 90' lang='lat' dir='ltr'><strong>bonum</strong></span> <span class='ocrx_word' id='word_1_153' title='bbox 1161 2115 1239 2168; x_wconf 90' lang='lat' dir='ltr'><strong>esset</strong></span> 
     </span>
     <span class='ocr_line' id='line_1_20' title="bbox 143 2205 1238 2287; baseline 0.004 -21"><span class='ocrx_word' id='word_1_154' title='bbox 143 2207 269 2286; x_wconf 85' lang='lat' dir='ltr'><strong>lignum</strong></span> <span class='ocrx_word' id='word_1_155' title='bbox 292 2209 334 2270; x_wconf 89' lang='lat' dir='ltr'><strong>ad</strong></span> <span class='ocrx_word' id='word_1_156' title='bbox 354 2208 552 2270; x_wconf 91' lang='lat' dir='ltr'><strong>vescendum</strong></span> <span class='ocrx_word' id='word_1_157' title='bbox 566 2209 626 2285; x_wconf 88' lang='lat'><strong>”4;</strong></span> <span class='ocrx_word' id='word_1_158' title='bbox 651 2217 684 2269; x_wconf 91' lang='lat' dir='ltr'><strong>et</strong></span> <span class='ocrx_word' id='word_1_159' title='bbox 704 2215 878 2287; x_wconf 88' lang='lat' dir='ltr'><strong>peccatum</strong></span> <span class='ocrx_word' id='word_1_160' title='bbox 901 2205 1058 2279; x_wconf 84' lang='lat' dir='ltr'><strong>scandali,</strong></span> <span class='ocrx_word' id='word_1_161' title='bbox 1076 2207 1161 2270; x_wconf 91' lang='lat' dir='ltr'><strong>dum</strong></span> <span class='ocrx_word' id='word_1_162' title='bbox 1183 2208 1238 2270; x_wconf 84' lang='lat' dir='ltr'><strong>fru-</strong></span> 
     </span>
    </p>
   </div>
   <div class='ocr_carea' id='block_1_3' title="bbox 141 2308 1276 2700">
    <p class='ocr_par' dir='ltr' id='par_1_4' title="bbox 141 2308 1276 2700">
     <span class='ocr_line' id='line_1_21' title="bbox 142 2308 1276 2391; baseline 0.001 -20"><span class='ocrx_word' id='word_1_163' title='bbox 142 2308 231 2372; x_wconf 73' lang='lat' dir='ltr'><strong>etum</strong></span> <span class='ocrx_word' id='word_1_164' title='bbox 263 2311 404 2390; x_wconf 89' lang='lat' dir='ltr'><strong>praebuit</strong></span> <span class='ocrx_word' id='word_1_165' title='bbox 425 2313 523 2387; x_wconf 72' lang='lat' dir='ltr'><strong>&#39;viro;</strong></span> <span class='ocrx_word' id='word_1_166' title='bbox 555 2313 630 2385; x_wconf 90' lang='lat' dir='ltr'><strong>imo,</strong></span> <span class='ocrx_word' id='word_1_167' title='bbox 658 2310 757 2391; x_wconf 89' lang='lat' dir='ltr'><strong>juxta</strong></span> <span class='ocrx_word' id='word_1_168' title='bbox 787 2308 993 2390; x_wconf 81' lang='lat' dir='ltr'><strong>probabilem</strong></span> <span class='ocrx_word' id='word_1_169' title='bbox 1030 2312 1239 2374; x_wconf 76' lang='lat' dir='ltr'><strong>sententiam,</strong></span> <span class='ocrx_word' id='word_1_170' title='bbox 1274 2342 1276 2372; x_wconf 85' lang='grc'><strong>;</strong></span> 
     </span>
     <span class='ocr_line' id='line_1_22' title="bbox 142 2410 1239 2494; baseline 0 -20"><span class='ocrx_word' id='word_1_171' title='bbox 142 2422 314 2493; x_wconf 89' lang='lat' dir='ltr'><strong>peccatum</strong></span> <span class='ocrx_word' id='word_1_172' title='bbox 331 2414 542 2494; x_wconf 68' lang='lat' dir='ltr'><strong>infidelitatis,</strong></span> <span class='ocrx_word' id='word_1_173' title='bbox 557 2414 722 2476; x_wconf 90' lang='lat' dir='ltr'><strong>credendo</strong></span> <span class='ocrx_word' id='word_1_174' title='bbox 738 2411 846 2475; x_wconf 89' lang='lat' dir='ltr'><strong>verbis</strong></span> <span class='ocrx_word' id='word_1_175' title='bbox 861 2410 983 2473; x_wconf 91' lang='lat' dir='ltr'><strong>diaboli</strong></span> <span class='ocrx_word' id='word_1_176' title='bbox 999 2420 1117 2473; x_wconf 87' lang='lat' dir='ltr'><strong>contra</strong></span> <span class='ocrx_word' id='word_1_177' title='bbox 1135 2413 1239 2475; x_wconf 90' lang='lat' dir='ltr'><strong>Deum</strong></span> 
     </span>
     <span class='ocr_line' id='line_1_23' title="bbox 142 2515 1239 2598; baseline 0 -19"><span class='ocrx_word' id='word_1_178' title='bbox 142 2516 327 2598; x_wconf 89' lang='lat' dir='ltr'><strong>loquentis;</strong></span> <span class='ocrx_word' id='word_1_179' title='bbox 351 2519 577 2580; x_wconf 86' lang='lat' dir='ltr'><strong>diciturenim</strong></span> <span class='ocrx_word' id='word_1_180' title='bbox 599 2539 618 2578; x_wconf 91' lang='lat' dir='ltr'><strong>a</strong></span> <span class='ocrx_word' id='word_1_181' title='bbox 639 2517 675 2580; x_wconf 82' lang='lat' dir='ltr'><strong>S.</strong></span> <span class='ocrx_word' id='word_1_182' title='bbox 691 2515 847 2579; x_wconf 81' lang='lat' dir='ltr'><strong>Paulos:</strong></span> <span class='ocrx_word' id='word_1_183' title='bbox 873 2515 959 2577; x_wconf 87' lang='lat' dir='ltr'><strong>“Vir</strong></span> <span class='ocrx_word' id='word_1_184' title='bbox 980 2535 1047 2576; x_wconf 94' lang='lat' dir='ltr'><strong>non</strong></span> <span class='ocrx_word' id='word_1_185' title='bbox 1072 2525 1125 2577; x_wconf 90' lang='lat' dir='ltr'><strong>est</strong></span> <span class='ocrx_word' id='word_1_186' title='bbox 1150 2518 1239 2579; x_wconf 89' lang='lat' dir='ltr'><strong>sedu-</strong></span> 
     </span>
     <span class='ocr_line' id='line_1_24' title="bbox 141 2616 1135 2700; baseline -0.001 -18"><span class='ocrx_word' id='word_1_187' title='bbox 141 2616 222 2696; x_wconf 49' lang='grc' dir='ltr'><strong>ἕως</strong></span> <span class='ocrx_word' id='word_1_188' title='bbox 239 2621 354 2683; x_wconf 80' lang='lat' dir='ltr'><strong>mulier</strong></span> <span class='ocrx_word' id='word_1_189' title='bbox 370 2631 477 2682; x_wconf 78' lang='lat' dir='ltr'><strong>autem</strong></span> <span class='ocrx_word' id='word_1_190' title='bbox 492 2621 621 2683; x_wconf 69' lang='lat' dir='ltr'><strong>sedulia</strong></span> <span class='ocrx_word' id='word_1_191' title='bbox 638 2620 670 2681; x_wconf 94' lang='lat' dir='ltr'><strong>in</strong></span> <span class='ocrx_word' id='word_1_192' title='bbox 686 2619 994 2700; x_wconf 76' lang='lat' dir='ltr'><strong>praevaricationem</strong></span> <span class='ocrx_word' id='word_1_193' title='bbox 1011 2616 1100 2679; x_wconf 84' lang='lat' dir='ltr'><strong>fuit”</strong></span> <span class='ocrx_word' id='word_1_194' title='bbox 1111 2620 1135 2681; x_wconf 86' lang='lat'><strong>⁶.</strong></span> 
     </span>
    </p>
   </div>
   <div class='ocr_carea' id='block_1_4' title="bbox 115 2816 1276 4363">
    <p class='ocr_par' dir='ltr' id='par_1_5' title="bbox 115 2816 1276 4363">
     <span class='ocr_line' id='line_1_25' title="bbox 176 2816 374 2885; baseline 0.01 -17"><span class='ocrx_word' id='word_1_195' title='bbox 176 2816 266 2868; x_wconf 84' lang='lat' dir='ltr'><strong>¹Gen.</strong></span> <span class='ocrx_word' id='word_1_196' title='bbox 284 2818 337 2882; x_wconf 92' lang='grc' dir='ltr'>ΙΙΙ,</span> <span class='ocrx_word' id='word_1_197' title='bbox 354 2830 374 2885; x_wconf 87' lang='grc'><strong>5.</strong></span> 
     </span>
     <span class='ocr_line' id='line_1_26' title="bbox 175 2898 1239 2971; baseline -0.001 -18"><span class='ocrx_word' id='word_1_198' title='bbox 175 2908 185 2929; x_wconf 80' lang='lat'><strong>²</strong></span> <span class='ocrx_word' id='word_1_199' title='bbox 201 2903 228 2953; x_wconf 85' lang='grc' dir='ltr'><em>Τ</em></span> <span class='ocrx_word' id='word_1_200' title='bbox 225 2904 264 2955; x_wconf 86' lang='lat' dir='ltr'><strong>ob.</strong></span> <span class='ocrx_word' id='word_1_201' title='bbox 284 2905 331 2968; x_wconf 94' lang='lat' dir='ltr'><strong>lV,</strong></span> <span class='ocrx_word' id='word_1_202' title='bbox 349 2918 387 2968; x_wconf 77' lang='lat'><strong>¹4·</strong></span> <span class='ocrx_word' id='word_1_203' title='bbox 410 2903 575 2971; x_wconf 81' lang='lat' dir='ltr'><strong>superbiam</strong></span> <span class='ocrx_word' id='word_1_204' title='bbox 588 2903 673 2956; x_wconf 85' lang='lat' dir='ltr'><strong>fuisse</strong></span> <span class='ocrx_word' id='word_1_205' title='bbox 687 2901 806 2970; x_wconf 89' lang='lat' dir='ltr'><strong>primum</strong></span> <span class='ocrx_word' id='word_1_206' title='bbox 819 2898 898 2970; x_wconf 89' lang='lat' dir='ltr'><strong>primi</strong></span> <span class='ocrx_word' id='word_1_207' title='bbox 911 2899 1033 2952; x_wconf 90' lang='lat' dir='ltr'><strong>hominis</strong></span> <span class='ocrx_word' id='word_1_208' title='bbox 1043 2910 1193 2968; x_wconf 90' lang='lat' dir='ltr'><strong>peccatum</strong></span> <span class='ocrx_word' id='word_1_209' title='bbox 1203 2900 1239 2954; x_wconf 86' lang='lat' dir='ltr'><strong>sic</strong></span> 
     </span>
     <span class='ocr_line' id='line_1_27' title="bbox 139 2986 1237 3059; baseline 0 -19"><span class='ocrx_word' id='word_1_210' title='bbox 139 2989 238 3057; x_wconf 91' lang='lat' dir='ltr'><strong>probat</strong></span> <span class='ocrx_word' id='word_1_211' title='bbox 251 2990 405 3058; x_wconf 77' lang='lat' dir='ltr'><strong>Angelicus</strong></span> <span class='ocrx_word' id='word_1_212' title='bbox 420 2991 523 3042; x_wconf 76' lang='lat' dir='ltr'><strong>Docior</strong></span> <span class='ocrx_word' id='word_1_213' title='bbox 534 2990 569 3056; x_wconf 86' lang='grc' dir='ltr'><strong>(Ι,</strong></span> <span class='ocrx_word' id='word_1_214' title='bbox 583 3008 609 3059; x_wconf 89' lang='lat' dir='ltr'><strong>q.</strong></span> <span class='ocrx_word' id='word_1_215' title='bbox 628 2991 686 3057; x_wconf 81' lang='lat'><strong>163,</strong></span> <span class='ocrx_word' id='word_1_216' title='bbox 700 3006 723 3041; x_wconf 90' lang='lat' dir='ltr'><strong>a.</strong></span> <span class='ocrx_word' id='word_1_217' title='bbox 741 2987 795 3053; x_wconf 89' lang='lat'>1-2)</span> <span class='ocrx_word' id='word_1_218' title='bbox 812 3006 817 3040; x_wconf 96' lang='lat'><strong>:</strong></span> <span class='ocrx_word' id='word_1_219' title='bbox 840 2987 882 3040; x_wconf 93' lang='lat' dir='ltr'><strong>Ibi</strong></span> <span class='ocrx_word' id='word_1_220' title='bbox 895 2987 946 3040; x_wconf 86' lang='lat' dir='ltr'><strong>fuit</strong></span> <span class='ocrx_word' id='word_1_221' title='bbox 959 2986 1081 3055; x_wconf 86' lang='lat' dir='ltr'><strong>primum</strong></span> <span class='ocrx_word' id='word_1_222' title='bbox 1093 2999 1237 3056; x_wconf 88' lang='lat' dir='ltr'><strong>peccatum</strong></span> 
     </span>
     <span class='ocr_line' id='line_1_28' title="bbox 139 3073 1276 3145; baseline 0.004 -20"><span class='ocrx_word' id='word_1_223' title='bbox 139 3074 269 3141; x_wconf 87' lang='lat' dir='ltr'><strong>hominis,</strong></span> <span class='ocrx_word' id='word_1_224' title='bbox 282 3076 329 3128; x_wconf 92' lang='lat' dir='ltr'><strong>ubi</strong></span> <span class='ocrx_word' id='word_1_225' title='bbox 342 3076 430 3144; x_wconf 91' lang='lat' dir='ltr'><strong>potuit</strong></span> <span class='ocrx_word' id='word_1_226' title='bbox 443 3094 506 3130; x_wconf 89' lang='lat' dir='ltr'><strong>esse</strong></span> <span class='ocrx_word' id='word_1_227' title='bbox 519 3077 624 3144; x_wconf 91' lang='lat' dir='ltr'><strong>primus</strong></span> <span class='ocrx_word' id='word_1_228' title='bbox 637 3076 776 3145; x_wconf 89' lang='lat' dir='ltr'><strong>appetitus</strong></span> <span class='ocrx_word' id='word_1_229' title='bbox 791 3073 941 3128; x_wconf 90' lang='lat' dir='ltr'><strong>inordinati</strong></span> <span class='ocrx_word' id='word_1_230' title='bbox 954 3073 1029 3142; x_wconf 86' lang='lat' dir='ltr'><strong>finis;</strong></span> <span class='ocrx_word' id='word_1_231' title='bbox 1043 3075 1122 3145; x_wconf 88' lang='lat' dir='ltr'><strong>atqui</strong></span> <span class='ocrx_word' id='word_1_232' title='bbox 1137 3077 1237 3145; x_wconf 87' lang='lat' dir='ltr'><strong>primus</strong></span> <span class='ocrx_word' id='word_1_233' title='bbox 1274 3100 1276 3129; x_wconf 74' lang='lat'><em>÷</em></span> 
     </span>
     <span class='ocr_line' id='line_1_29' title="bbox 139 3159 1276 3241; baseline 0.001 -29"><span class='ocrx_word' id='word_1_234' title='bbox 139 3160 278 3228; x_wconf 88' lang='lat' dir='ltr'><strong>appetitus</strong></span> <span class='ocrx_word' id='word_1_235' title='bbox 293 3160 466 3215; x_wconf 89' lang='lat' dir='ltr'><strong>inordinatus</strong></span> <span class='ocrx_word' id='word_1_236' title='bbox 480 3179 535 3214; x_wconf 90' lang='lat' dir='ltr'><strong>non</strong></span> <span class='ocrx_word' id='word_1_237' title='bbox 549 3162 639 3230; x_wconf 87' lang='lat' dir='ltr'><strong>potuit</strong></span> <span class='ocrx_word' id='word_1_238' title='bbox 651 3179 714 3216; x_wconf 91' lang='lat' dir='ltr'><strong>esse</strong></span> <span class='ocrx_word' id='word_1_239' title='bbox 728 3162 802 3215; x_wconf 90' lang='lat' dir='ltr'><strong>circa</strong></span> <span class='ocrx_word' id='word_1_240' title='bbox 817 3160 967 3228; x_wconf 81' lang='lat' dir='ltr'><strong>sensibilia,</strong></span> <span class='ocrx_word' id='word_1_241' title='bbox 979 3159 1046 3229; x_wconf 90' lang='lat' dir='ltr'><strong>quia</strong></span> <span class='ocrx_word' id='word_1_242' title='bbox 1057 3171 1152 3216; x_wconf 87' lang='lat' dir='ltr'><strong>stante</strong></span> <span class='ocrx_word' id='word_1_243' title='bbox 1163 3161 1236 3216; x_wconf 68' lang='lat' dir='ltr'><strong>retli-</strong></span> <span class='ocrx_word' id='word_1_244' title='bbox 1274 3174 1276 3241; x_wconf 51' lang='grc' dir='ltr'>ἰ</span> 
     </span>
     <span class='ocr_line' id='line_1_30' title="bbox 138 3246 1276 3318; baseline -0.001 -17"><span class='ocrx_word' id='word_1_245' title='bbox 138 3246 235 3301; x_wconf 92' lang='lat' dir='ltr'><strong>tudine</strong></span> <span class='ocrx_word' id='word_1_246' title='bbox 249 3248 407 3314; x_wconf 78' lang='lat' dir='ltr'><strong>voluntatiS,</strong></span> <span class='ocrx_word' id='word_1_247' title='bbox 416 3247 507 3302; x_wconf 85' lang='lat' dir='ltr'><strong>carnis</strong></span> <span class='ocrx_word' id='word_1_248' title='bbox 522 3249 749 3318; x_wconf 88' lang='lat' dir='ltr'><strong>concupiscentia</strong></span> <span class='ocrx_word' id='word_1_249' title='bbox 761 3265 819 3301; x_wconf 93' lang='lat' dir='ltr'><strong>non</strong></span> <span class='ocrx_word' id='word_1_250' title='bbox 832 3258 900 3312; x_wconf 91' lang='lat' dir='ltr'><strong>erat;</strong></span> <span class='ocrx_word' id='word_1_251' title='bbox 913 3264 980 3316; x_wconf 83' lang='lat' dir='ltr'><strong>ergo</strong></span> <span class='ocrx_word' id='word_1_252' title='bbox 989 3247 1040 3301; x_wconf 84' lang='lat' dir='ltr'><strong>fuit</strong></span> <span class='ocrx_word' id='word_1_253' title='bbox 1051 3248 1128 3302; x_wconf 90' lang='lat' dir='ltr'><strong>eirca</strong></span> <span class='ocrx_word' id='word_1_254' title='bbox 1137 3251 1236 3302; x_wconf 86' lang='lat' dir='ltr'><strong>bonum</strong></span> <span class='ocrx_word' id='word_1_255' title='bbox 1274 3246 1276 3251; x_wconf 81' lang='lat'>&#39;</span> 
     </span>
     <span class='ocr_line' id='line_1_31' title="bbox 139 3333 1235 3406; baseline 0.003 -18"><span class='ocrx_word' id='word_1_256' title='bbox 139 3334 281 3403; x_wconf 89' lang='lat' dir='ltr'><strong>spirituale</strong></span> <span class='ocrx_word' id='word_1_257' title='bbox 294 3335 451 3387; x_wconf 90' lang='lat' dir='ltr'><strong>inordinate</strong></span> <span class='ocrx_word' id='word_1_258' title='bbox 465 3335 619 3403; x_wconf 87' lang='lat' dir='ltr'><strong>appetitum</strong></span> <span class='ocrx_word' id='word_1_259' title='bbox 624 3357 631 3401; x_wconf 93' lang='lat'>;</span> <span class='ocrx_word' id='word_1_260' title='bbox 645 3337 719 3406; x_wconf 85' lang='lat' dir='ltr'><strong>quod</strong></span> <span class='ocrx_word' id='word_1_261' title='bbox 731 3335 852 3404; x_wconf 89' lang='lat' dir='ltr'><strong>pertinet</strong></span> <span class='ocrx_word' id='word_1_262' title='bbox 862 3335 900 3388; x_wconf 91' lang='lat' dir='ltr'><strong>ad</strong></span> <span class='ocrx_word' id='word_1_263' title='bbox 910 3333 1079 3404; x_wconf 85' lang='lat' dir='ltr'><strong>superbiam.</strong></span> <span class='ocrx_word' id='word_1_264' title='bbox 1113 3337 1186 3405; x_wconf 83' lang='lat' dir='ltr'><strong>Quae</strong></span> <span class='ocrx_word' id='word_1_265' title='bbox 1198 3355 1235 3390; x_wconf 87' lang='lat' dir='ltr'><strong>su·</strong></span> 
     </span>
     <span class='ocr_line' id='line_1_32' title="bbox 137 3421 1235 3492; baseline 0.002 -18"><span class='ocrx_word' id='word_1_266' title='bbox 137 3422 234 3490; x_wconf 91' lang='lat' dir='ltr'><strong>perbia</strong></span> <span class='ocrx_word' id='word_1_267' title='bbox 254 3421 303 3474; x_wconf 87' lang='lat' dir='ltr'><strong>fuit</strong></span> <span class='ocrx_word' id='word_1_268' title='bbox 322 3421 349 3473; x_wconf 91' lang='lat' dir='ltr'><strong>in</strong></span> <span class='ocrx_word' id='word_1_269' title='bbox 368 3422 422 3473; x_wconf 91' lang='lat' dir='ltr'><strong>hoc</strong></span> <span class='ocrx_word' id='word_1_270' title='bbox 440 3422 516 3490; x_wconf 89' lang='lat' dir='ltr'><strong>quod</strong></span> <span class='ocrx_word' id='word_1_271' title='bbox 534 3421 692 3477; x_wconf 88' lang='lat' dir='ltr'><strong>inordinate</strong></span> <span class='ocrx_word' id='word_1_272' title='bbox 709 3423 833 3476; x_wconf 88' lang='lat' dir='ltr'><strong>divinam</strong></span> <span class='ocrx_word' id='word_1_273' title='bbox 850 3422 1063 3476; x_wconf 87' lang='lat' dir='ltr'><strong>similitudinem</strong></span> <span class='ocrx_word' id='word_1_274' title='bbox 1083 3423 1235 3492; x_wconf 85' lang='lat' dir='ltr'><strong>appetierit,</strong></span> 
     </span>
     <span class='ocr_line' id='line_1_33' title="bbox 137 3507 1231 3579; baseline 0.003 -20"><span class='ocrx_word' id='word_1_275' title='bbox 137 3525 193 3560; x_wconf 91' lang='lat' dir='ltr'><strong>non</strong></span> <span class='ocrx_word' id='word_1_276' title='bbox 208 3507 416 3561; x_wconf 88' lang='lat' dir='ltr'><strong>similitudinem</strong></span> <span class='ocrx_word' id='word_1_277' title='bbox 430 3508 609 3576; x_wconf 74' lang='lat' dir='ltr'><strong>(equalitatis,</strong></span> <span class='ocrx_word' id='word_1_278' title='bbox 622 3526 707 3578; x_wconf 87' lang='lat' dir='ltr'><strong>quam</strong></span> <span class='ocrx_word' id='word_1_279' title='bbox 721 3525 806 3562; x_wconf 90' lang='lat' dir='ltr'><strong>nemo</strong></span> <span class='ocrx_word' id='word_1_280' title='bbox 819 3525 897 3562; x_wconf 88' lang='lat' dir='ltr'><strong>sanae</strong></span> <span class='ocrx_word' id='word_1_281' title='bbox 910 3509 1012 3562; x_wconf 90' lang='lat' dir='ltr'><strong>mentis</strong></span> <span class='ocrx_word' id='word_1_282' title='bbox 1025 3520 1125 3577; x_wconf 91' lang='lat' dir='ltr'><strong>optare</strong></span> <span class='ocrx_word' id='word_1_283' title='bbox 1139 3521 1231 3579; x_wconf 85' lang='lat' dir='ltr'><strong>potest,</strong></span> 
     </span>
     <span class='ocr_line' id='line_1_34' title="bbox 138 3593 1233 3664; baseline 0.005 -18"><span class='ocrx_word' id='word_1_284' title='bbox 138 3593 187 3647; x_wconf 90' lang='lat' dir='ltr'><strong>sed</strong></span> <span class='ocrx_word' id='word_1_285' title='bbox 207 3594 419 3648; x_wconf 88' lang='lat' dir='ltr'><strong>similitudinem</strong></span> <span class='ocrx_word' id='word_1_286' title='bbox 437 3596 615 3661; x_wconf 66' lang='lat' dir='ltr'><strong>imitationis,</strong></span> <span class='ocrx_word' id='word_1_287' title='bbox 635 3596 755 3649; x_wconf 91' lang='lat' dir='ltr'><strong>volendo</strong></span> <span class='ocrx_word' id='word_1_288' title='bbox 774 3612 825 3663; x_wconf 86' lang='lat' dir='ltr'><strong>per</strong></span> <span class='ocrx_word' id='word_1_289' title='bbox 844 3593 975 3649; x_wconf 85' lang='lat' dir='ltr'><strong>virtutem</strong></span> <span class='ocrx_word' id='word_1_290' title='bbox 993 3596 1115 3664; x_wconf 85' lang='lat' dir='ltr'><strong>propriae</strong></span> <span class='ocrx_word' id='word_1_291' title='bbox 1135 3607 1233 3651; x_wconf 75' lang='lat' dir='ltr'><strong>nature</strong></span> 
     </span>
     <span class='ocr_line' id='line_1_35' title="bbox 138 3681 1232 3753; baseline 0.002 -19"><span class='ocrx_word' id='word_1_292' title='bbox 138 3681 324 3735; x_wconf 89' lang='lat' dir='ltr'><strong>determinare</strong></span> <span class='ocrx_word' id='word_1_293' title='bbox 337 3683 390 3735; x_wconf 90' lang='lat' dir='ltr'><strong>sibi</strong></span> <span class='ocrx_word' id='word_1_294' title='bbox 404 3682 471 3751; x_wconf 90' lang='lat' dir='ltr'><strong>quid</strong></span> <span class='ocrx_word' id='word_1_295' title='bbox 485 3692 559 3736; x_wconf 89' lang='lat' dir='ltr'><strong>esset</strong></span> <span class='ocrx_word' id='word_1_296' title='bbox 572 3684 678 3735; x_wconf 91' lang='lat' dir='ltr'><strong>bonum</strong></span> <span class='ocrx_word' id='word_1_297' title='bbox 697 3693 724 3736; x_wconf 92' lang='lat' dir='ltr'><strong>et</strong></span> <span class='ocrx_word' id='word_1_298' title='bbox 744 3682 811 3751; x_wconf 89' lang='lat' dir='ltr'><strong>quid</strong></span> <span class='ocrx_word' id='word_1_299' title='bbox 831 3683 935 3735; x_wconf 89' lang='lat' dir='ltr'><strong>malum</strong></span> <span class='ocrx_word' id='word_1_300' title='bbox 954 3681 992 3735; x_wconf 94' lang='lat' dir='ltr'><strong>ad</strong></span> <span class='ocrx_word' id='word_1_301' title='bbox 1008 3683 1163 3752; x_wconf 85' lang='lat' dir='ltr'><strong>agendum,</strong></span> <span class='ocrx_word' id='word_1_302' title='bbox 1180 3700 1232 3753; x_wconf 85' lang='lat' dir='ltr'><strong>pro</strong></span> 
     </span>
     <span class='ocr_line' id='line_1_36' title="bbox 137 3762 1276 3838; baseline 0 -18"><span class='ocrx_word' id='word_1_303' title='bbox 137 3767 260 3836; x_wconf 90' lang='lat' dir='ltr'><strong>priisque</strong></span> <span class='ocrx_word' id='word_1_304' title='bbox 273 3768 377 3820; x_wconf 90' lang='lat' dir='ltr'><strong>viribus</strong></span> <span class='ocrx_word' id='word_1_305' title='bbox 390 3769 594 3822; x_wconf 87' lang='lat' dir='ltr'><strong>beatitudinem</strong></span> <span class='ocrx_word' id='word_1_306' title='bbox 609 3769 752 3838; x_wconf 90' lang='lat' dir='ltr'><strong>consequi.</strong></span> <span class='ocrx_word' id='word_1_307' title='bbox 794 3771 856 3823; x_wconf 90' lang='lat' dir='ltr'><strong>Nec</strong></span> <span class='ocrx_word' id='word_1_308' title='bbox 874 3769 984 3822; x_wconf 85' lang='lat' dir='ltr'><strong>dicatur</strong></span> <span class='ocrx_word' id='word_1_309' title='bbox 1000 3769 1123 3838; x_wconf 91' lang='lat' dir='ltr'><strong>primum</strong></span> <span class='ocrx_word' id='word_1_310' title='bbox 1137 3769 1231 3825; x_wconf 83' lang='lat' dir='ltr'><strong>Adami</strong></span> <span class='ocrx_word' id='word_1_311' title='bbox 1271 3762 1276 3805; x_wconf 82' lang='lat' dir='ltr'><strong>i</strong></span> 
     </span>
     <span class='ocr_line' id='line_1_37' title="bbox 137 3855 1231 3928; baseline 0.002 -20"><span class='ocrx_word' id='word_1_312' title='bbox 137 3865 283 3922; x_wconf 88' lang='lat' dir='ltr'><strong>peccatum</strong></span> <span class='ocrx_word' id='word_1_313' title='bbox 297 3855 381 3908; x_wconf 85' lang='lat' dir='ltr'><strong>fuisse</strong></span> <span class='ocrx_word' id='word_1_314' title='bbox 395 3855 634 3910; x_wconf 85' lang='lat' dir='ltr'><strong>inobedientiam:</strong></span> <span class='ocrx_word' id='word_1_315' title='bbox 655 3875 741 3926; x_wconf 89' lang='lat' dir='ltr'><strong>quum</strong></span> <span class='ocrx_word' id='word_1_316' title='bbox 759 3857 835 3910; x_wconf 89' lang='lat' dir='ltr'><strong>enim</strong></span> <span class='ocrx_word' id='word_1_317' title='bbox 851 3856 1043 3912; x_wconf 85' lang='lat' dir='ltr'><strong>inobedientia</strong></span> <span class='ocrx_word' id='word_1_318' title='bbox 1057 3875 1115 3911; x_wconf 92' lang='lat' dir='ltr'><strong>non</strong></span> <span class='ocrx_word' id='word_1_319' title='bbox 1130 3859 1166 3913; x_wconf 89' lang='lat' dir='ltr'><strong>sit</strong></span> <span class='ocrx_word' id='word_1_320' title='bbox 1178 3875 1231 3928; x_wconf 89' lang='lat' dir='ltr'><strong>pro-</strong></span> 
     </span>
     <span class='ocr_line' id='line_1_38' title="bbox 137 3939 819 4012; baseline 0.003 -17"><span class='ocrx_word' id='word_1_321' title='bbox 137 3952 198 4010; x_wconf 89' lang='lat' dir='ltr'><strong>pter</strong></span> <span class='ocrx_word' id='word_1_322' title='bbox 210 3960 240 3996; x_wconf 91' lang='lat' dir='ltr'><strong>se</strong></span> <span class='ocrx_word' id='word_1_323' title='bbox 254 3939 421 4011; x_wconf 63' lang='lat' dir='ltr'><strong>appetibilis</strong></span> <span class='ocrx_word' id='word_1_324' title='bbox 439 3961 472 3996; x_wconf 87' lang='lat' dir='ltr'><strong>ex</strong></span> <span class='ocrx_word' id='word_1_325' title='bbox 486 3943 616 4012; x_wconf 74' lang='lat' dir='ltr'><strong>superbia</strong></span> <span class='ocrx_word' id='word_1_326' title='bbox 629 3955 744 3997; x_wconf 88' lang='lat' dir='ltr'><strong>causata</strong></span> <span class='ocrx_word' id='word_1_327' title='bbox 758 3942 819 3997; x_wconf 86' lang='lat' dir='ltr'><strong>suit.</strong></span> 
     </span>
     <span class='ocr_line' id='line_1_39' title="bbox 150 4029 930 4098; baseline 0.006 -19"><span class='ocrx_word' id='word_1_328' title='bbox 150 4069 152 4073; x_wconf 53' lang='grc'>,</span> <span class='ocrx_word' id='word_1_329' title='bbox 170 4030 271 4080; x_wconf 84' lang='lat' dir='ltr'><strong>³Rom.</strong></span> <span class='ocrx_word' id='word_1_330' title='bbox 286 4030 315 4095; x_wconf 88' lang='lat' dir='ltr'><strong>V,</strong></span> <span class='ocrx_word' id='word_1_331' title='bbox 337 4031 442 4097; x_wconf 80' lang='lat'><strong>19.—⁴</strong></span> <span class='ocrx_word' id='word_1_332' title='bbox 457 4031 521 4083; x_wconf 84' lang='lat' dir='ltr'><strong>Gen.</strong></span> <span class='ocrx_word' id='word_1_333' title='bbox 540 4032 594 4096; x_wconf 86' lang='grc' dir='ltr'>ΙΙΙ,</span> <span class='ocrx_word' id='word_1_334' title='bbox 608 4029 632 4083; x_wconf 89' lang='lat'><strong>6.</strong></span> <span class='ocrx_word' id='word_1_335' title='bbox 646 4032 736 4082; x_wconf 78' lang='lat' dir='ltr'><strong>—5I</strong></span> <span class='ocrx_word' id='word_1_336' title='bbox 748 4032 819 4084; x_wconf 86' lang='lat' dir='ltr'><strong>Tim.</strong></span> <span class='ocrx_word' id='word_1_337' title='bbox 837 4033 874 4098; x_wconf 93' lang='lat' dir='ltr'><strong>ll,</strong></span> <span class='ocrx_word' id='word_1_338' title='bbox 892 4045 930 4096; x_wconf 84' lang='lat'><strong>14.</strong></span> 
     </span>
     <span class='ocr_line' id='line_1_40' title="bbox 171 4111 1229 4187; baseline 0.003 -20"><span class='ocrx_word' id='word_1_339' title='bbox 171 4111 411 4184; x_wconf 80' lang='lat' dir='ltr'><strong>⁶Protoparentes</strong></span> <span class='ocrx_word' id='word_1_340' title='bbox 435 4117 476 4168; x_wconf 91' lang='lat' dir='ltr'><strong>sui</strong></span> <span class='ocrx_word' id='word_1_341' title='bbox 500 4116 607 4184; x_wconf 90' lang='lat' dir='ltr'><strong>peccati</strong></span> <span class='ocrx_word' id='word_1_342' title='bbox 630 4117 742 4170; x_wconf 90' lang='lat' dir='ltr'><strong>veniam</strong></span> <span class='ocrx_word' id='word_1_343' title='bbox 763 4116 917 4171; x_wconf 86' lang='lat' dir='ltr'><strong>obtinuisse</strong></span> <span class='ocrx_word' id='word_1_344' title='bbox 938 4117 1083 4187; x_wconf 77' lang='lat' dir='ltr'><strong>Scriptura</strong></span> <span class='ocrx_word' id='word_1_345' title='bbox 1105 4129 1229 4174; x_wconf 89' lang='lat' dir='ltr'><strong>constat:</strong></span> 
     </span>
     <span class='ocr_line' id='line_1_41' title="bbox 131 4202 1229 4276; baseline 0.001 -20"><span class='ocrx_word' id='word_1_346' title='bbox 131 4202 150 4229; x_wconf 82' lang='lat'><strong><em>“</em></strong></span> <span class='ocrx_word' id='word_1_347' title='bbox 157 4204 232 4258; x_wconf 85' lang='lat' dir='ltr'><strong>Haec</strong></span> <span class='ocrx_word' id='word_1_348' title='bbox 246 4202 418 4276; x_wconf 81' lang='lat' dir='ltr'><strong>(Sapientia)</strong></span> <span class='ocrx_word' id='word_1_349' title='bbox 432 4203 512 4258; x_wconf 91' lang='lat' dir='ltr'><strong>illum</strong></span> <span class='ocrx_word' id='word_1_350' title='bbox 521 4203 570 4274; x_wconf 87' lang='lat' dir='ltr'><strong>qui</strong></span> <span class='ocrx_word' id='word_1_351' title='bbox 581 4202 704 4274; x_wconf 85' lang='lat' dir='ltr'><strong>primum</strong></span> <span class='ocrx_word' id='word_1_352' title='bbox 712 4204 847 4257; x_wconf 85' lang='lat' dir='ltr'><strong>iorrnatus</strong></span> <span class='ocrx_word' id='word_1_353' title='bbox 855 4215 923 4258; x_wconf 88' lang='lat' dir='ltr'><strong>esta</strong></span> <span class='ocrx_word' id='word_1_354' title='bbox 935 4205 999 4260; x_wconf 92' lang='lat' dir='ltr'><strong>Deo</strong></span> <span class='ocrx_word' id='word_1_355' title='bbox 1009 4215 1091 4274; x_wconf 86' lang='lat' dir='ltr'><strong>pater</strong></span> <span class='ocrx_word' id='word_1_356' title='bbox 1099 4209 1176 4262; x_wconf 91' lang='lat' dir='ltr'><strong>orbis</strong></span> <span class='ocrx_word' id='word_1_357' title='bbox 1185 4219 1229 4261; x_wconf 88' lang='lat' dir='ltr'><strong>ter-</strong></span> 
     </span>
     <span class='ocr_line' id='line_1_42' title="bbox 115 4289 1276 4363; baseline 0.004 -19"><span class='ocrx_word' id='word_1_358' title='bbox 115 4309 225 4363; x_wconf 83' lang='lat' dir='ltr'><strong>rarum,</strong></span> <span class='ocrx_word' id='word_1_359' title='bbox 249 4313 314 4350; x_wconf 81' lang='lat' dir='ltr'><strong>cum</strong></span> <span class='ocrx_word' id='word_1_360' title='bbox 337 4296 418 4352; x_wconf 89' lang='lat' dir='ltr'><strong>solus</strong></span> <span class='ocrx_word' id='word_1_361' title='bbox 437 4304 517 4352; x_wconf 89' lang='lat' dir='ltr'><strong>esset</strong></span> <span class='ocrx_word' id='word_1_362' title='bbox 537 4304 664 4359; x_wconf 85' lang='lat' dir='ltr'><strong>creatus,</strong></span> <span class='ocrx_word' id='word_1_363' title='bbox 680 4289 844 4355; x_wconf 74' lang='lat' dir='ltr'><strong>custodiuit,</strong></span> <span class='ocrx_word' id='word_1_364' title='bbox 856 4299 888 4343; x_wconf 77' lang='lat' dir='ltr'><strong>et</strong></span> <span class='ocrx_word' id='word_1_365' title='bbox 905 4291 998 4340; x_wconf 76' lang='lat' dir='ltr'><strong>eduxit</strong></span> <span class='ocrx_word' id='word_1_366' title='bbox 1014 4292 1097 4342; x_wconf 73' lang='lat' dir='ltr'><strong>illum</strong></span> <span class='ocrx_word' id='word_1_367' title='bbox 1114 4312 1133 4343; x_wconf 78' lang='lat' dir='ltr'><strong>c</strong></span> <span class='ocrx_word' id='word_1_368' title='bbox 1149 4294 1230 4346; x_wconf 67' lang='lat' dir='ltr'><strong>uetito</strong></span> <span class='ocrx_word' id='word_1_369' title='bbox 1272 4292 1276 4349; x_wconf 70' lang='lat' dir='ltr'><strong>i</strong></span> 
     </span>
    </p>
   </div>
   <div class='ocr_carea' id='block_1_5' title="bbox 0 0 1346 4634">
    <p class='ocr_par' dir='ltr' id='par_1_6' title="bbox 0 0 1346 4634">
     <span class='ocr_line' id='line_1_43' title="bbox 0 0 1346 4634; baseline 0 2"><span class='ocrx_word' id='word_1_370' title='bbox 0 0 1346 4634; x_wconf 95' lang='lat' dir='ltr'><strong> </strong></span> 
     </span>
    </p>
   </div>
  </div>
 </body>
</html>
