2684 4634
311 114 366 164 DE
384 107 729 164 OPERATIONIBUS
749 111 922 163 D1V1NIS.
1104 107 1166 162 145

65 315 132 357 non
149 315 195 356 ex
220 296 417 358 necessitate
440 295 601 357 volumus
648 293 696 375 (c)
714 295 823 356 Deum
848 301 959 355 autem
984 311 1045 353 nen
1068 291 1171 353 teneri

63 398 223 478 epte'mmn
235 400 342 462 elicere
353 398 521 480 colligitur
533 419 577 460 ex
589 398 638 460 his
651 406 685 460 et
697 397 858 460 similibus
869 397 1032 461 textibus:
1055 401 1071 427 “
1083 395 1168 477 Quae

63 501 171 565 stulta
187 513 265 565 sunt
283 504 408 580 mundi,
425 502 526 584 elegit
543 504 644 578 Deus,
661 512 697 565 ut
720 503 905 564 confundat
928 503 1111 582 sapientes;
1135 508 1168 562 et

64 605 199 668 infirma
217 607 333 669 mundi
350 601 451 687 elegit
476 607 576 682 Deus,
593 616 630 669 ut
653 607 836 669 confundat
860 606 1014 682 fortia''1;
1038 626 1081 667 ex
1105 605 1168 666 hoc

64 710 156 770 enim
174 704 268 790 patet
284 710 394 771 Deum
413 708 548 771 meliora
572 710 792 773 instrumenta
813 711 934 791 eligere
955 711 1102 792 potuisse
1125 711 1167 770 ad

63 812 278 893 evangelium
292 813 559 894 praedicandum;
583 811 639 872 sed
658 807 906 875 demonstratur
923 813 1106 893 praesertim
1123 800 1167 872 ex

64 937 105 977 eo
121 918 214 997 quod
233 907 432 993 Incarnati0,
449 938 524 998 quae
540 925 590 978 est
608 917 671 977 Dei
695 937 779 998 opus
802 918 977 999 optimum,
995 916 1095 977 libere
1112 915 1167 976 de-

63 1025 158 1078 creta
175 1016 279 1090 suerit,
290 1025 335 1078 >ut
350 1016 434 1078 infra
450 1018 651 1099 probabitur.

110 1151 178 1200 102.
196 1137 256 1218 (Β)
270 1119 346 1199 Rae.
364 1136 531 1200 Voluntas
552 1139 673 1216 divina,
696 1161 798 1221 quum
823 1162 843 1202 a
864 1141 1026 1223 sapientia
1047 1141 1166 1221 diriga-

64 1251 126 1317 tur,
146 1243 333 1331 necessario
349 1242 420 1304 vult
437 1262 567 1323 eaquae
584 1246 769 1307 necessaria
786 1247 922 1308 suntad
940 1243 1039 1307 finem
1062 1266 1167 1319 suum,

64 1344 168 1406 libere
184 1367 262 1409 vero
278 1367 317 1407 ea
333 1366 408 1426 quae
425 1349 610 1410 necessaria
626 1370 692 1411 non
710 1345 792 1412 sunt
804 1352 845 1413 ad
862 1349 979 1426 finem;
1002 1351 1093 1412 sicet
1107 1371 1167 1410 nos

64 1468 133 1510 non
152 1470 195 1511 ex
213 1451 410 1513 necessitate
426 1451 635 1534 volumusea
651 1475 726 1534 quae
742 1463 820 1516 sunt
837 1455 877 1533 ad
896 1452 1005 1529 finem,
1022 1455 1083 1515 nisi
1101 1455 1166 1516 sint

64 1552 148 1613 talia
164 1553 236 1617 sine
257 1553 376 1635 quibus
399 1553 474 1616 finis
495 1575 566 1618 esse
587 1576 654 1618 non
681 1566 807 1639 potest;
831 1559 921 1639 atqui
948 1559 1028 1620 nihil
1052 1579 1166 1620 eorum

63 1677 141 1735 quae
158 1667 236 1719 sunt
252 1666 349 1719 extra
367 1658 486 1734 Deum,
504 1659 565 1740 ipsi
588 1661 807 1722 necessarium
829 1671 887 1737 est,
904 1682 1007 1742 quum
1032 1660 1112 1722 nihil
1137 1660 1166 1723 ei

62 1759 278 1841 perfedtion‘is
294 1781 338 1823 ex
355 1761 402 1822 eis
418 1746 606 1826 accrescat:
629 1773 708 1846 ergo
726 1766 818 1826 Deus
835 1765 910 1826 licet
934 1766 969 1826 ire
991 1785 1023 1826 se
1044 1766 1087 1825 sit
1108 1784 1166 1824 ens

61 1865 256 1939 absolutum,
269 1865 333 1927 alia
349 1886 368 1927 a
384 1886 419 1926 se
435 1866 506 1931 vult
522 1867 655 1931 liberes*
702 1890 707 1899 ·

107 2004 177 2066 103
225 2000 259 2048 20
295 1987 481 2052 Conez'liatz'e
511 1990 669 2052 lz'bertatz's
698 2012 769 2052 eum
801 1991 1064 2053 immutabilitate
1093 1990 1168 2060 Dei.

63 2091 257 2154 Difficultas
273 2093 306 2154 in
323 2112 363 2155 eo
375 2094 439 2155 sita
451 2100 501 2154 est
513 2094 612 2172 quod,
622 2114 666 2155 ex
680 2098 745 2155 una
759 2104 860 2174 parte,
871 2095 1033 2174 quidquid
1048 2095 1078 2155 in
1092 2095 1166 2155 Deo

62 2197 240 2276 reperitur,
257 2197 465 2260 immutabile
480 2206 514 2259 et
530 2198 751 2260 necessarium
768 2197 819 2272 sit,
835 2206 868 2259 et
884 2217 928 2258 ex
945 2198 1055 2273 altera,
1073 2195 1165 2260 actus

62 2299 148 2360 liber
164 2299 381 2379 aliquomodo
397 2301 592 2383 contingens
610 2322 681 2363 esse
697 2301 826 2377 debeat,
843 2321 945 2381 quum
969 2302 1166 2382 possit'esse

62 2402 113 2464 vel
127 2423 194 2465 non
205 2423 286 2468 esse.
325 2403 391 2468 Sed
403 2405 565 2485 imprimis
577 2407 760 2468 notandum
771 2415 821 2468 est
832 2405 986 2466 veritates
994 2404 1063 2484 jam
1075 2413 1165 2466 certo

60 2507 312 2571 demonstratas
328 2509 441 2589 negari
459 2528 526 2573 non
543 2528 642 2589 posse
658 2529 698 2570 eo
714 2511 802 2589 quod
821 2510 989 2579 conciliari
1007 2531 1072 2572 non
1091 2530 1165 2591 pos·

59 2611 146 2673 sint:
171 2610 234 2672 hoc
249 2611 338 2674 enim
355 2609 542 2696 intelledtus
559 2612 820 2676 imbecillitatem
838 2614 954 2694 arguit,
968 2633 1032 2675 non
1052 2613 1164 2674 intrin-

60 2734 174 2776 secam
189 2734 295 2776 rerum
309 2714 618 2795 impossibilitatem.
666 2717 730 2778 His
743 2719 867 2798 positis,
880 2717 1006 2797 duplex
1019 2724 1166 2796 systema

60 2837 79 2877 a
96 2816 264 2898 theologis
274 2805 506 2899 'excogitatum
519 2828 570 2887 est
582 2820 623 2881 ad
638 2819 722 2886 hanc
735 2820 974 2897 difficultatem,
984 2839 1085 2899 quam
1099 2818 1165 2881 fere

60 2921 320 3004 insuperabilem
337 2943 409 2985 esse
428 2909 578 2998 fatemur,
595 2923 706 3003 aliquo
724 2924 824 2986 modo
841 2923 1042 2985 solvendam.
1070 2971 1072 2975 a

107 3064 173 3128 104
220 3048 279 3130 (A)
303 3048 456 3125 Scotz'stae,
480 3070 555 3111 cum
587 3050 701 3131 paucis
732 3051 814 3126 aliis
839 3050 1007 3130 duplicem
1032 3050 1065 3123 in
1091 3051 1166 3111 Deo

61 3150 176 3215 actum
192 3152 384 3228 admittunt,
398 3173 500 3216 unum
517 3153 652 3233 quidem
666 3153 876 3216 essentialem
888 3161 921 3215 et
935 3153 1164 3229 necessarium,

61 3276 129 3336 quo
157 3255 304 3336 seipsum
328 3256 399 3333 vult
423 3265 457 3318 et
480 3265 579 3333 amat,
603 3257 743 3319 alterum
767 3277 845 3318 vero
868 3254 1108 3331 accidentalem
1132 3264 1165 3316 et

61 3359 214 3440 liberum,
242 3379 310 3440 quo
339 3369 506 3438 creaturas
530 3360 600 3434 vult
623 3368 656 3421 et
679 3358 796 3439 diligit.
845 3359 922 3441 Quo
945 3356 1045 3438 paeto
1070 3357 1165 3430 facile

61 3463 251 3525 libertatem
268 3463 458 3544 explicant;
481 3451 523 3525 ad
541 3462 736 3525 salvandam
750 3482 831 3538 ¹vero
849 3461 1165 3536 immutabilitatem,

60 3565 178 3628 dicunt
195 3585 261 3644 non
279 3565 463 3647 quamlibet
480 3566 699 3629 mutationem
716 3565 759 3626 ab
775 3569 813 3625 ea
830 3565 973 3640 excludi,
986 3565 1043 3627 sed
1057 3563 1163 3625 solum

60 3688 134 3730 eam
153 3669 382 3744 mutationem,
399 3673 464 3750 qua
482 3669 574 3732 Deus
591 3667 684 3751 pejor
701 3667 752 3730 vel
767 3666 881 3729 melior
895 3667 994 3744 foret;
1015 3667 1164 3747 jamvero

61 3769 155 3835 actus
172 3771 262 3848 liber,
279 3791 346 3851 quo
361 3781 527 3835 creaturas
544 3782 633 3836 creat
649 3772 700 3835 vel
714 3772 831 3854 diligit,
848 3792 923 3833 eum
942 3792 1001 3833 nec
1018 3771 1163 3851 pejorem

62 3895 120 3938 nec
137 3874 310 3939 meliorem
327 3874 413 3938 facit.
462 3875 548 3939 Illud
566 3885 679 3938 tamen
698 3875 846 3956 systema
863 3875 1073 3935 communius
1091 3872 1164 3952 reji-

60 3980 154 4054 citur,
176 3977 256 4059 quia
278 3978 311 4040 in
337 3977 411 4041 Deo
436 3978 555 4041 modos
579 3979 802 4041 accidentales
826 3977 996 4060 supponit,
1013 3978 1069 4057 qui
1094 3976 1164 4057 ejus

35 4168 38 4173 Ι
60 4076 310 4164 perfectissimae
326 4080 533 4162 simplicitati
550 4092 747 4164 repugnant.
1023 4072 1025 4076 ὗ

91 4218 240 4287 *lemn
253 4238 344 4289 27.,-
357 4223 407 4281 ⁹5.
426 4227 475 4280 re.
494 4229 658 4300 r,q.19,a,
675 4251 699 4304 3,

212 4336 320 4382 mli
334 4352 405 4384 -ro
