2684 4634
196 169 263 218 roa
308 168 361 219 ou
378 167 524 218 vanno
542 168 792 219 rncnnunro
810 138 863 218 ur
880 169 1186 219 nuoumrronu.

447 361 450 365 ’
506 362 547 402 EX
566 362 709 405 SYMBOLO
729 357 982 406 ATHANA81ANO1.

233 458 270 509 14.
311 440 370 498 Sed
384 442 582 498 necessarium
595 452 639 499 est
651 443 689 500 ad
703 453 842 501 aeternam
855 441 990 513 salutem,
1003 453 1036 502 ut
1049 442 1287 501 Incarnationem
1333 508 1335 513 Ι

196 542 317 596 quoque
332 527 453 583 Domini
474 527 565 584 nostri
578 529 649 600 Jesu
663 529 770 587 Christi
786 529 911 588 fideliter
918 531 1027 589 credat.
1067 531 1123 588 Est
1134 549 1208 603 ergo
1220 531 1289 588 fides
1331 528 1335 536 '

196 613 284 681 recta,
304 623 336 670 ut
356 614 513 672 credamus
535 624 564 672 et
584 616 787 687 confiteamur,
812 618 882 688 quia
908 617 1056 675 Dominus
1084 628 1188 675 noster
1209 617 1290 691 Jesus

197 700 332 758 Christus
353 701 410 760 Dei
430 701 529 772 Filius,
546 705 626 760 Deus
648 706 677 761 e't
699 704 790 762 homo
812 715 864 763 est.
905 705 988 763 Deus
1006 705 1053 763 est
1075 724 1111 763 ex
1128 704 1291 763 substantii

198 788 298 858 Patris,
311 798 381 846 ante
400 791 508 847 s'aec'ula
528 791 654 861 genitus,
664 794 697 849 'et
720 792 817 850 homo‘
831 802 874 851 est
893 811 929 850 ex
951 793 1117 851 substantia
1137 794 1248 863 matris,
1265 793 1291 848 in

196 876 412 934 saeculo'natus.
709 872 711 876 ⁴
891 880 894 884 ⁸
920 880 923 884 ’
1056 878 1059 883 ’

221 966 267 1032 ἰς
309 964 458 1022 Perfectus
474 966 564 1037 Deus,
580 967 728 1038 perfectus
747 967 848 1033 honm,
864 986 899 1025 ex
917 968 1017 1025 anima
1030 968 1180 1035 rationaii,
1196 965 1226 1026 et
1244 968 1292 1024 bu-

197 1052 285 1107 mana
313 1070 401 1110 carne
430 1052 601 1111 subsistens
641 1048 778 1125 AEqualis
804 1056 882 1112 Patri
908 1057 1073 1114 secundum
1100 1056 1293 1124 divinitatem,

197 1137 293 1194 minor
307 1140 392 1197 Patre
405 1141 570 1198 secundum
585 1141 808 1199 humanitatem.

233 1225 271 1280 16.
310 1227 370 1297 Qui
393 1227 462 1285 licet
477 1229 560 1286 Deus
579 1229 616 1285 sit
634 1238 664 1286 et
682 1229 783 1300 homo,
800 1247 860 1286 non
874 1231 936 1288 duo
956 1241 1064 1297 tamen,
1081 1231 1135 1288 sed
1156 1249 1235 1288 unus
1254 1241 1295 1288 est

198 1311 341 1370 Christus
382 1314 470 1372 Unus
494 1325 594 1373 autem
615 1335 676 1373 non
704 1317 900 1376 conversione
920 1318 1081 1376 divinitatis
1111 1318 1141 1374 in
1168 1312 1294 1385 carnem,

198 1399 251 1456 sed
270 1401 473 1472 assumptione
494 1402 686 1461 humanitatis
709 1404 739 1460 in
754 1405 862 1462 Deum.
903 1407 991 1464 Unus
1004 1402 1127 1463 omnino
1145 1424 1210 1463 non
1228 1424 1295 1463 con·

198 1486 314 1544 lusione
348 1488 529 1559 substantiae,
561 1491 613 1548 sed
645 1491 758 1548 unitate
782 1510 925 1564 personae.
973 1493 1061 1564 Nam,
1089 1489 1169 1550 sicut
1200 1493 1296 1550 anima

198 1572 347 1631 rationalis
368 1581 403 1632 'et
423 1581 492 1632 caro
511 1594 585 1633 unus
610 1587 654 1634 est
679 1577 787 1648 homo;
824 1579 864 1635 ita
885 1578 967 1636 Deus
984 1577 1016 1636 'et
1038 1579 1130 1635 homo
1154 1596 1234 1636 unus
1255 1588 1295 1636 est

199 1659 343 1719 Christus.
642 1667 645 1672 ’

235 1762 272 1819 17.
311 1750 371 1822 Qui
392 1768 495 1822 passus
519 1760 563 1808 est
586 1768 640 1822 pro
663 1752 757 1809 salute
780 1753 895 1824 nostri;
926 1751 1082 1811 descendit
1108 1754 1148 1811 ad
1175 1755 1294 1823 inseros;

199 1837 284 1895 tertia
296 1837 345 1895 die
358 1838 513 1895 resurrexit
526 1856 543 1894 a
556 1840 688 1895 mortuis.
728 1839 873 1896 Ascendit
885 1841 924 1898 ad
938 1841 1038 1909 coelos,
1051 1841 1136 1899 sedet
1146 1842 1187 1900 ad
1201 1842 1293 1900 dexte-

199 1942 261 1980 ram
282 1924 339 1983 Dei
360 1925 453 1983 Patris
466 1925 688 1996 omnipotentis,
705 1925 775 1983 inde
795 1929 936 1984 venturus
956 1927 1000 1984 est
1017 1927 1152 1998 judicare
1171 1929 1252 1986 vivos
1267 1936 1293 1984 et

201 2022 340 2070 mortuos.
378 2013 427 2070 Ad
446 2014 531 2084 cujus
549 2013 711 2072 adventum
731 2032 836 2071 omnes
858 2014 994 2072 homines
1013 2033 1166 2086 resurgere
1189 2015 1292 2073 habent

201 2118 270 2157 cum
283 2100 458 2171 corporibus
470 2101 540 2165 suis
555 2109 584 2157 et
597 2100 740 2158 reddituri
760 2111 828 2158 sunt
847 2101 885 2159 de
905 2101 989 2159 facilis
1003 2101 1128 2175 propriis
1141 2100 1287 2160 rationem.

202 2187 241 2244 Et
254 2188 304 2258 qui
318 2187 398 2245 bona
410 2197 543 2259 egerunt,
564 2187 649 2245 ibunt
663 2188 693 2244 in
706 2188 795 2245 vitam
814 2197 971 2259 aeternam3
1005 2191 1056 2262 qui
1076 2207 1147 2248 vero
1167 2191 1251 2260 mala,
1265 2190 1289 2244 in

201 2272 301 2342 ignem
314 2282 465 2330 aeternum.
497 2272 574 2331 Haec
586 2281 631 2330 est
641 2272 715 2330 fides
728 2273 890 2343 catholica;
909 2292 999 2351 quam
1013 2275 1068 2332 nisi
1083 2275 1212 2346 quisque
1228 2273 1289 2331 fide-

202 2358 266 2414 liter
279 2359 459 2430 firmiterque
471 2358 638 2429 crediderit,
654 2359 751 2416 salvus
766 2376 829 2416 esse
843 2378 904 2417 non
914 2359 1032 2432 poterit.

342 2493 506 2534 uurrurrro
524 2493 639 2535 srnom
659 2493 690 2533 vr
710 2493 958 2536 cousrnurruoe.
975 2482 1155 2548 111,n.6802.

240 2623 278 2672 18.
318 2614 395 2686 Quae
408 2629 536 2684 praesens
552 2612 655 2668 sancta
673 2619 702 2668 et
722 2611 893 2668 universalis
907 2611 1044 2683 Synodus
1062 2610 1191 2669 fideliter
1209 2610 1290 2669 susci-

203 2704 296 2776 piens,
312 2712 342 2759 et
355 2698 489 2771 expansis
510 2698 647 2755 manibus
664 2697 849 2769 amplectens
868 2707 929 2754 tam
949 2698 1180 2777 suggestionem,
1198 2716 1262 2771 quae
1277 2715 1293 2753 a

202 2788 389 2848 sanclissimo
399 2807 433 2845 ac
447 2786 617 2845 beatissimo
628 2786 787 2856 Agathone
801 2787 883 2857 Papa
901 2786 1031 2857 antiquae
1046 2787 1154 2843 Romae
1166 2786 1244 2843 facta
1255 2795 1293 2843 est

201 2875 241 2937 'ad
261 2875 501 2942 Constantinum,
515 2873 681 2945 piissimum
698 2882 789 2944 atque
804 2872 1009 2930 fidelissimum
1026 2882 1157 2930 nostrum
1177 2873 1293 2945 impera-

204 2976 306 3033 torem,
324 2980 390 3033 quae
409 2959 584 3017 nominatim
603 2959 712 3030 adJecit
732 2976 790 3028 eos
809 2959 858 3029 qui
881 2959 1047 3016 docuerunt
1060 2959 1105 3016 vel
1124 2960 1295 3030 praedicave-

204 3061 279 3119 runt,
296 3050 371 3107 sicut
384 3047 518 3118 superius
531 3045 645 3103 dictum
665 3054 717 3115 est,
734 3062 824 3101 unam
838 3046 1020 3102 voluntatem
1040 3055 1069 3102 et
1090 3063 1181 3102 unam
1200 3063 1295 3118 opera·

205 3141 316 3196 tionem
330 3137 360 3193 in
374 3134 589 3192 Incarnationis
606 3134 830 3205 dispensatione
844 3134 966 3190 Domini
991 3133 1081 3191 nostri
1095 3134 1168 3206 Jesu
1181 3133 1294 3197 Christi,

204 3228 263 3285 veri
278 3226 335 3283 Dei
349 3224 457 3294 nostri;
483 3224 608 3294 adaeque
623 3223 759 3294 amplexa
773 3232 816 3279 est
829 3232 858 3280 et
871 3223 991 3280 alteram
1006 3221 1182 3293 synodalem
1199 3239 1296 3294 sugge-

205 3317 339 3384 stionem,
354 3331 421 3384 quae
433 3311 522 3368 missa
539 3321 583 3368 est
596 3329 613 3366 a
626 3328 710 3367 sacro
721 3309 868 3379 Concilio,
883 3309 964 3380 quod
984 3318 1028 3366 est
1041 3308 1097 3378 sub
1110 3309 1218 3367 eodem
1238 3327 1296 3366 san-

204 3402 336 3461 ctissimo
349 3401 432 3471 Papa,
446 3408 565 3456 centum
588 3398 691 3469 viginti
712 3398 845 3468 quinque
861 3398 927 3454 Deo
948 3395 1122 3453 amabilium
1138 3397 1297 3469 Episcopo·

205 3489 431 3558 rumadejusa
447 3487 513 3543 Deo
527 3486 698 3542 instructanr
713 3484 964 3555 tranquillitatem,
981 3492 1084 3555 utpote
1098 3493 1298 3541 consonantes

206 3577 315 3636 Sancto
328 3571 567 3633 Ch'alcedonensi
589 3572 737 3642 Concili0,
759 3580 788 3628 et
808 3582 891 3628 tomo
911 3569 1115 3627 sacerrimi'ac
1140 3568 1297 3628 beatissimi

206 3668 295 3735 Papae
308 3661 441 3732 eJusdem
456 3658 587 3731 antiquae
600 3659 715 3729 Romae,
734 3659 853 3727 Leonis,
867 3658 918 3729 qui
928 3655 1068 3714 ⁴directus
1081 3666 1127 3714 est
1144 3658 1185 3716 ad
1199 3659 1226 3715 S.
1241 3657 1298 3714 Fla·

204 3753 333 3814 vianum,
349 3766 438 3819 quern
453 3757 481 3804 et
500 3746 616 3804 titulum
631 3747 719 3803 reaae
739 3745 809 3802 fidei
829 3744 1004 3816 hujusmodi
1017 3743 1157 3816 Synodus
1175 3744 1299 3818 appella-

205 3841 260 3909 vit3
287 3838 325 3895 ad
338 3839 400 3892 haec
422 3846 452 3892 et
473 3833 622 3906 synodicis
637 3832 788 3904 Epistolis,
801 3851 868 3904 quae
887 3832 1003 3904 scriptae
1021 3839 1089 3888 sunt
1111 3849 1128 3887 a
1143 3832 1177 3900 B.
1195 3831 1300 3904 Cyrillo

205 3928 344 3985 adversus
359 3923 484 3993 impium
500 3921 671 3979 Nestorium
686 3930 714 3978 et
733 3920 772 3977 ad
791 3920 949 3977 orientales
963 3918 1148 3991 Episcopos3
1177 3921 1298 3977 assecuti

206 4031 326 4086 quoque
340 4011 442 4067 sancta
455 4009 589 4081 quinque
611 4008 786 4065 universalia
800 4007 936 4066 Concilia
956 4016 985 4064 et
1001 4005 1121 4063 sanctos
1133 4016 1228 4078 atque
1241 4024 1301 4080 pro·

206 4100 318 4158 habiles
347 4100 456 4167 Patres,
481 4105 741 4166 consonanterque
775 4093 909 4152 confiteri
934 4093 1111 4151 definientes
1138 4094 1301 4152 Dominum

209 4208 1298 4235 W

242 4301 249 4325 1
264 4285 304 4337 Cl.
318 4284 487 4352 Denainger,
502 4299 527 4333 n.
543 4281 665 4350 137-138.
680 4308 713 4316 ——
727 4293 737 4317 ²
750 4281 790 4333 Cf.
808 4281 942 4350 Denzzirg.
958 4297 984 4334 n.
999 4280 1125 4350 236·239.
