2684 4634
532 187 588 237 DE
608 187 796 239 nomme.
1146 191 1213 243 395

100 365 203 447 phr'ee,
217 369 278 431 sed
293 364 441 431 historice
454 367 605 451 spediata
619 393 627 448 ;
650 370 693 433 de
710 369 799 434 ladio
814 371 903 433 enim
928 380 1045 434 natura
1068 370 1213 433 hominis

100 470 290 553 privilegiis
318 471 484 548 indebitis
511 474 715 556 integritate,
742 475 993 538 immortalitate
1020 484 1090 550 etc,
1116 474 1214 539 audie

111 571 225 649 luerat,
242 582 276 636 et
299 575 435 638 amissio
457 576 575 641 horum
600 579 848 660 privilegiorum
873 578 934 641 suit
950 579 1077 653 vulnus,
1095 589 1131 641 ut
1143 578 1213 659 jam

109 696 209 758 supra
239 679 478 760 exposuimus;
516 681 659 763 ideoque
689 681 824 762 quando
857 682 970 743 Patres
1000 691 1033 743 et
1065 681 1214 745 Concilia

109 780 225 842 dicunt
241 800 303 842 nos
319 801 390 844 esse
407 783 439 844 in
456 783 611 845 deteriori
628 785 820 846 conditione
835 803 936 864 quam
954 793 1062 860 antea,
1078 805 1213 867 compa·

109 884 190 946 ratio
208 883 246 946 fit
264 885 348 946 inter
364 895 562 967 praesentem
579 896 704 950 statum
721 897 755 951 et
772 897 897 950 statum
912 887 1051 968 justitiae
1072 890 1213 970 origina-

109 976 241 1064 lis,‘non
266 998 378 1052 autem
402 999 527 1053 statum
552 1000 680 1053 naturae
704 1010 803 1072 purae.
849 997 865 1023 “
879 990 1000 1072 Quare,
1018 993 1065 1055 ait
1087 992 1212 1055 Bellor-

109 1091 219 1153 minus
243 1087 304 1176 (de
326 1093 416 1157 Grat.
434 1094 531 1177 primi
554 1095 641 1158 hom.
658 1117 684 1160 c.
704 1097 744 1177 5),
762 1116 829 1157 non
852 1097 958 1175 magis
974 1095 1085 1158 differt
1107 1104 1213 1158 status

110 1191 253 1256 hominis
271 1204 346 1276 post
363 1196 493 1278 lapsum
512 1197 598 1260 Adae
614 1219 634 1260 a
650 1208 739 1261 statu
756 1198 827 1279 ejus
844 1199 876 1259 in
894 1196 983 1280 puris
1007 1195 1212 1257 naturalibus

112 1315 208 1376 quam
226 1297 359 1361 differat
373 1301 531 1380 spoliatus
546 1322 565 1364 a
581 1302 712 1365 nude...”

499 1464 535 1513 20
550 1451 592 1513 In
607 1449 713 1514 alteret
728 1448 799 1514 virt
810 1464 830 1514 1.

152 1598 220 1649 201.
269 1586 419 1654 Effedius
430 1589 601 1670 originalis
612 1589 741 1671 peccati
755 1609 815 1670 pro
827 1588 896 1650 vita
909 1587 1019 1649 lutura
1031 1586 1212 1666 respiciunt

117 1688 322 1752 solummodo
326 1701 454 1771 pueros,
467 1691 518 1754 vel
531 1702 680 1768 ementes,
692 1692 748 1774 qui
762 1692 833 1753 sine
843 1691 1019 1772 baptismo,
1031 1699 1209 1770 antequam

121 1791 154 1852 ad
176 1811 270 1855 usum
293 1794 431 1858 rationis
455 1796 674 1876 pervenerint,
698 1796 891 1869 moriuntur,
914 1795 964 1856 vel
989 1794 1130 1869 adultos
1146 1795 1211 1873 qui,

122 1905 245 1976 propter
267 1898 416 1960 nativam
440 1899 564 1980 ingenii
589 1899 864 1973 imbecillitatem,
887 1899 920 1960 in
946 1907 1034 1960 statu
1061 1897 1212 1977 infantie
1290 1969 1292 1973 ¹

123 1998 277 2061 moraliter
292 2011 475 2078 remanent,
492 2022 600 2083 neque
621 2002 762 2083 plenum·
774 2001 910 2064 rationis
927 2022 1023 2064 usum
1040 2001 1211 2082 attingunt

125 2119 178 2179 quo
197 2113 371 2184 peccatum
397 2103 537 2167 mortale
560 2106 658 2185 plene
681 2105 900 2168 deliberatum
925 2105 1133 2167 committere
1155 2125 1210 2166 va-

126 2201 199 2268 lent:
222 2207 256 2268 hi
273 2208 361 2275 enim
379 2207 563 2271 infantibus
579 2209 777 2291 aequiparari
794 2216 941 2290 possunt,
955 2207 1056 2289 juxta
1072 2207 1212 2270 nonnul-

127 2303 164 2368 los
183 2309 357 2392 theologos
369 2323 390 2375 2.
436 2311 545 2375 Ceteri
558 2321 680 2374 autem
704 2311 820 2387 adulti,
835 2312 891 2392 qui
916 2308 1051 2392 plenum
1076 2310 1211 2372 rationis

127 2429 203 2477 usum
223 2415 404 2496 attingunt,
420 2414 473 2478 vel
489 2415 530 2477 ad
549 2416 661 2478 Deum
684 2437 755 2478 sese
776 2425 983 2491 convertunt,
999 2415 1050 2477 vel
1068 2435 1134 2476 non
1154 2416 1211 2477 :si

128 2516 205 2595 prius,
217 2520 427 2605 ‚mundantur
447 2519 491 2582 ab
512 2520 665 2600 originali
685 2529 822 2602 peccato
847 2529 883 2581 ut
905 2521 937 2582 in
969 2519 1020 2581 Te.
1037 2517 1075 2582 de
1093 2517 1212 2582 Cretici

127 2614 157 2692 (u.
171 2622 224 2703 88)
240 2623 422 2704 exponitur
436 2644 444 2700 ;
467 2623 494 2711 si
510 2623 684 2704 posterius,
700 2623 902 2684 damnantur
925 2631 1060 2702 propter
1075 2631 1212 2702 peccata

123 2721 250 2789 annalia
265 2746 341 2807 quae
356 2715 604 2815 eommiserunt.
659 2727 819 2789 Dicemus
836 2726 936 2807 igitur
951 2726 1030 2806 quid
1048 2726 1090 2787 sit
1107 2735 1211 2788 status

118 2841 283 2902 puerorum
301 2830 372 2892 sine
389 2830 559 2913 baptismo
576 2831 789 2893 morientium
811 2832 921 2911 quoad
936 2842 1066 2911 penem
1089 2828 1212 2906 damni,

116 2934 216 3012 quoad
226 2943 360 3013 penam
373 2954 494 3011 sensus,
509 2935 620 3015 quoad
638 2935 821 2997 naturalem
837 2933 1075 2996 beatitudinem.

143 3091 214 3143 202.
259 3078 315 3156 (Α)
333 3081 432 3140 These
446 3106 458 3142 .·
474 3080 618 3144 Parvuli
632 3080 689 3144 vel
704 3083 879 3158 amentes,
896 3079 1115 3144 decedentes
1128 3097 1211 3142 cum

104 3181 256 3248 peccato
284 3176 458 3257 originali,
475 3177 619 3241 'visione
648 3177 713 3241 Dei
742 3177 909 3242 intuitiva
937 3195 1008 3241 non
1037 3177 1208 3241 fruentur.

101 3275 153 3340 De
158 3277 235 3359 fide
247 3285 299 3339 est
314 3297 358 3341 ex
375 3276 513 3340 Flerent.
532 3277 617 3339 inira
634 3277 778 3339 citando.
825 3275 875 3356 (a)
900 3277 992 3339 Dicit
1015 3277 1103 3338 enim
1120 3276 1209 3339 Scri-

100 3388 202 3453 ptura
219 3403 232 3442 .·
247 3379 350 3443 “Nisi
366 3379 440 3460 quis
457 3388 591 3442 renatus
609 3378 707 3441 fuerit
722 3400 766 3442 ex
784 3384 870 3460 aqua
887 3388 920 3441 et
938 3380 1063 3460 Spiritu
1086 3378 1211 3453 saneto

100 3499 168 3548 non
195 3491 306 3565 potest
329 3483 465 3545 introire
489 3482 522 3544 in
546 3502 685 3564 regnum
712 3484 775 3545 Dei
789 3484 832 3538 ”3
847 3505 854 3561 ;
886 3485 978 3563 atqui
1008 3484 1134 3564 parvuli
1159 3484 1209 3546 vel

112 3753 113 3756 Ἴ
131 3700 142 3732 1
159 3688 205 3742 Ci.
223 3688 253 3741 S.
271 3688 298 3740 T
294 3687 400 3758 tomas,
413 3687 521 3756 Quaest.
538 3688 640 3757 disput.
657 3689 693 3742 de
709 3688 795 3756 Malo,
810 3705 836 3757 q.
851 3703 885 3758 5;
906 3688 1022 3755 Suaree,
1037 3689 1072 3742 de
1085 3689 1169 3742 Vitiis
1182 3699 1210 3741 et

100 3773 243 3838 Peccatis,
259 3774 330 3844 disp.
347 3775 408 3842 1X;
426 3774 460 3827 ele
476 3775 586 3844 (iuberi,
607 3791 650 3844 op.
671 3775 716 3829 cit.
737 3792 760 3827 c.
778 3776 860 3844 7276
870 3792 878 3843 3
897 3775 1076 3841 Bellermz‘ni,
1087 3813 1089 3816 -
1100 3793 1144 3844 op.
1161 3776 1205 3828 cit.

100 3860 115 3918 Ι.
130 3863 186 3929 ΙΙΙ,
204 3879 228 3916 c.
246 3874 306 3927 1·7;
321 3860 484 3929 ,Ssimrtratess
499 3861 600 3915 Nodus
619 3861 882 3930 praedestinationis,
906 3879 932 3930 p.
952 3863 972 3928 1,
992 3862 1110 3929 XXlll;
1132 3863 1208 3913 Mae·

100 3951 181 4017 aella,
195 3965 224 4003 n.
244 3962 311 4016 1040
323 3964 380 4018 sq.;
399 3947 547 4014 Palme'e'ri
561 3949 600 4003 th.
613 3950 658 4013 813
671 3950 790 4016 Hurter‚
807 3966 834 4001 n.
852 3949 903 4013 814
917 3965 969 4016 sq.;
992 3948 1116 4015 Bolgteni,
1131 3949 1210 4001 Stato

100 4037 145 4090 dei
161 4033 296 4088 Bambini
308 4033 391 4087 morti
405 4050 488 4089 senza
501 4035 667 4090 Battesimo.

132 4121 201 4175 ²Ci.
222 4120 330 4174 Dublin
349 4120 465 4174 Review
486 4121 561 4190 1881,
585 4140 611 4191 p.
634 4137 701 4189 1233
725 4123 877 4190 Oxenlmm,
901 4122 983 4175 Cath.
1007 4121 1207 4190 Eschatology,

100 4227 124 4281 p.
143 4224 198 4274 20;
218 4208 314 4274 Pesch,
327 4206 431 4272 n.'287.
552 4204 553 4207 ’

132 4295 222 4365 ³Jea.
242 4295 297 4360 ΙΙΙ,
312 4307 334 4362 5.
