2684 4634
528 172 583 221 DE
602 170 790 221 HOMINE.
864 181 868 189 ·
1148 168 1209 218 351

860 286 1041 294 -----—-——-

119 354 331 434 pergratiam,
347 363 500 416 naturam
525 363 673 416 nostram
699 352 836 414 minime
860 352 1000 414 destruit
1024 352 1082 412 sed
1106 351 1213 413 solum

120 457 243 538 perlicit,
267 477 328 519 nos
352 457 478 519 habiles
502 458 673 520 reddendo
698 457 738 518 ad
764 453 982 536 perficiendos
1007 452 1109 529 actus
1131 474 1214 533 quos

123 561 247 642 propriis
264 561 388 623 viribus
404 562 533 643 operari
551 581 617 622 non
634 580 806 640 possemus
821 583 828 637 ;
852 557 903 638 (b)
920 558 1002 618 ordo
1020 566 1214 637 supernatu-

124 665 187 726 ralis
203 685 269 726 non
287 665 501 728 confunditur
524 684 600 726 cum
625 664 742 725 ordine
759 661 911 734 naturali,
928 681 1004 722 nam
1023 670 1072 721 est
1089 660 1214 740 aliquid

125 787 241 846 prorsus
257 767 450 848 gratuitum,
467 768 547 829 dum
564 767 647 828 ordo
665 766 824 832 naturalis
844 766 987 847 pertinet
1005 765 1046 826 ad
1064 764 1213 825 debitum

125 879 260 947 naturae;
285 870 417 952 insuper
440 871 523 932 ordo
545 869 805 951 supernaturalis
829 869 944 930 ordine
968 867 1110 928 naturali
1133 887 1215 947 pra>-

126 975 252 1036 stantior
272 983 323 1035 est
346 995 384 1035 ac
406 973 545 1056 proinde
567 974 609 1035 ab
631 974 704 1053 ipso
721 972 956 1050 distinguitur;
980 992 1009 1032 v.
1026 991 1054 1050 g.
1069 971 1215 1050 cognitio

127 1075 176 1137 Dei
192 1076 451 1158 supernaturalis
468 1097 527 1157 per
542 1077 703 1138 visionem
721 1073 908 1138 beatificam
927 1084 977 1135 est
993 1083 1083 1134 certo
1099 1074 1215 1136 distin·

127 1175 200 1240 ttaa
217 1180 408 1260 cognitione
426 1180 489 1241 Dei
506 1179 687 1241 discursiva
704 1199 762 1260 per
778 1178 938 1240 rationem
957 1177 1149 1239 naturalem.

160 1350 223 1418 150.
273 1354 308 1402 2⁰
334 1341 497 1416 Convenit,
519 1339 683 1422 suppositd
710 1340 929 1402 revelatione:
956 1339 1015 1420 (Α)
1043 1340 1097 1401 Ex
1118 1351 1216 1420 parte

127 1441 199 1516 Dei;
231 1465 309 1506 nam
333 1445 409 1507 talis
434 1444 575 1507 elevatio
600 1442 816 1505 manifestat:
844 1443 894 1523 (a)
917 1442 1066 1504 divinam
1093 1443 1215 1505 bonita-

127 1553 175 1607 tem
191 1571 203 1610 .·
225 1549 389 1630 siquidem
407 1567 448 1609 eo
465 1547 571 1628 magis
588 1555 726 1628 apparet
742 1545 873 1606 bonitas
888 1566 953 1627 quo
967 1544 1074 1623 majus
1090 1545 1214 1607 bonum

127 1649 301 1726 conlertur;
323 1652 414 1731 atqui
432 1651 533 1725 Deus,
543 1649 705 1711 elevando
718 1648 886 1710 hominem
904 1649 946 1709 ad
964 1657 1087 1711 statum
1104 1670 1214 1729 super-

126 1751 309 1827 naturalem,
319 1752 381 1834 ipsi
395 1754 649 1815 conceditbona
659 1753 756 1814 bonis
770 1751 974 1814 naturalibus
987 1753 1092 1815 multo
1105 1754 1215 1815 excel-

126 1834 262 1930 lentiora‚
279 1853 385 1936 quum'
399 1876 457 1936 per
473 1857 614 1937 gratiam
633 1876 693 1917 nos
717 1857 750 1916 in
775 1855 859 1917 lilios
883 1856 1027 1936 adoptet,
1044 1865 1077 1919 ct
1094 1857 1215 1918 divinae

126 1951 212 2017 saciat
224 1967 396 2020 consortes
408 1968 544 2035 naturae,
553 1959 654 2039 juxta
667 1959 745 2022 illud
760 1959 795 2021 S.
810 1959 923 2021 Petri:
935 1965 950 1990 “
962 1959 1053 2020 Deus
1067 1960 1215 2022 maxima

127 2065 151 2118 et
165 2060 308 2139 pretiosa
332 2061 427 2123 nobis
451 2062 614 2143 promissa
636 2062 782 2137 donavit,
800 2071 836 2123 ut
859 2082 917 2142 per
940 2062 1010 2123 haec
1027 2062 1215 2128 efficiamini

127 2159 235 2224 divinae
259 2175 430 2227 consortes
454 2164 606 2227 naturae''
619 2177 638 2227 1.
685 2163 735 2244 (b)
753 2165 838 2226 Item
855 2163 1064 2243 sapientiora·
1083 2186 1159 2228 nam
1177 2188 1217 2229 eo
1252 2188 1256 2193 ·

129 2265 220 2343 magis
244 2265 352 2329 elucet
375 2269 538 2348 sapientia
561 2289 628 2349 quo
651 2268 823 2329 sublimior
851 2267 932 2343 finis,
957 2267 1216 2351 perlectioraque

129 2369 224 2430 media
234 2370 447 2450 assignantur
459 2373 500 2434 ad
515 2371 613 2433 finem
628 2371 719 2433 illum
734 2372 983 2452 attingendum;
1000 2373 1091 2451 atqui
1110 2374 1216 2436 nullus

129 2465 189 2531 finis
204 2472 377 2536 sublimior
391 2475 527 2537 inveniri
541 2484 652 2556 potest
665 2495 765 2555 quarn
779 2473 853 2535 finis
866 2467 1136 2555 supernaturalis,
1149 2497 1216 2556 quo

129 2570 321 2638 destinamur
352 2578 393 2639 ad
424 2578 606 2640 videndum
640 2579 750 2640 Deum
786 2578 868 2639 facie
899 2579 940 2640 ad
974 2577 1101 2653 faciem,
1132 2581 1216 2641 sicut

129 2677 260 2758 seipsum
276 2681 389 2743 videt:
406 2683 527 2761 pariter
544 2683 634 2744 nulla
651 2679 845 2763 perfectiora
862 2680 972 2743 media
988 2703 1088 2762 quam
1107 2685 1216 2746 media

127 2783 386 2862 supernaturalia,
409 2786 516 2866 gratia
539 2784 758 2860 sanctificans
781 2787 920 2847 virtutes
944 2785 1073 2859 infusae,
1096 2787 1215 2865 quibus

126 2885 236 2946 nativae
252 2887 337 2950 vires
353 2888 495 2951 multum
509 2898 678 2970 augentur.
718 2889 766 2970 (c)
778 2888 929 2951 Tandem
943 2888 1215 2969 armipotentium·
1285 2919 1287 2923 ·

124 3002 191 3050 nam
219 2991 336 3053 melius
367 3003 506 3075 apparet
533 2994 777 3074 omnipotentia
807 2993 870 3054 Dei
900 2991 931 3052 in
959 2992 1113 3072 operibus
1141 3014 1215 3074 quae

121 3103 273 3173 superant
288 3095 373 3157 vires
391 3097 493 3159 totius
510 3106 645 3184 naturae,
662 3116 761 3177 quam
788 3098 819 3156 in
844 3098 999 3177 operibus
1017 3117 1105 3159 mere
1122 3083 1216 3177 natu-

119 3194 258 3272 ralibus;
283 3198 328 3260 ita
351 3218 379 3260 v.
401 3219 431 3279 g.
456 3199 633 3280 spiritualis
658 3201 873 3280 regeneratio,
896 3201 927 3261 vi
952 3183 1045 3280 cujus
1069 3222 1087 3261 a
1111 3211 1216 3263 morte

118 3300 241 3372 peccati
260 3301 292 3360 in
308 3301 412 3363 vitam
423 3303 545 3383 gratiae
562 3303 746 3376 transimus,
763 3301 887 3382 filiique
904 3304 967 3364 Dei
986 3304 1132 3383 adoptivi
1150 3303 1216 3364 effi-

117 3398 226 3479 cimur,
252 3403 359 3483 majus
380 3414 430 3467 est
454 3399 537 3486 opus
562 3405 789 3486 majoremque
812 3405 1066 3466 admirationem
1091 3408 1217 3469 excitat

115 3521 213 3584 quam
232 3507 392 3570 naturalis
408 3492 587 3590 generatio,
604 3514 669 3589 qua
685 3511 788 3571 vitam
806 3510 952 3588 corporis
970 3509 1150 3589 accipimus
1160 3530 1166 3584 ;
1183 3520 1216 3572 et

115 3603 161 3669 ita
177 3609 219 3671 de
236 3612 360 3674 ceteris

157 3725 217 3806 (B)
242 3726 298 3788 Ex
312 3728 570 3814 parteleominis.
619 3731 706 3793 Nam
731 3751 789 3812 per
812 3731 961 3791 ordinem
985 3740 1216 3811 supernatura-

116 3826 179 3892 lem
196 3830 299 3893 homo
315 3815 481 3912 perficitur
494 3817 506 3896 :l
524 3833 574 3915 (a)
599 3835 631 3895 in
656 3838 714 3896 sua
730 3833 921 3906 substantr'cl,
937 3855 1012 3914 quae
1030 3834 1066 3896 lit
1082 3855 1216 3897 consors

118 3943 242 3996 naturae
259 3935 380 3999 divina
394 3956 452 4016 per
463 3937 604 4018 gratiam
617 3935 878 3999 sandtificantem
893 3946 926 3997 et
939 3937 1076 4016 gloriam
1093 3959 1098 4011 ;
1122 3936 1172 4017 (b)
1184 3938 1215 3997 in

117 4039 181 4100 suis
188 4038 413 4118 facultatebus,
430 4059 504 4121 quae
521 4041 725 4102 adornantur
741 4041 917 4101 virtutibus
940 4039 1063 4114 inlusis,
1080 4041 1216 4102 virtutes

151 4244 289 4338 maer.
308 4283 328 4344 r,
341 4296 365 4336 a,
438 4242 439 4245 Ὺ
