2684 4634
197 192 264 241 468
656 189 794 239 CAPUT
814 189 854 236 11.

197 364 373 430 abstradtis
387 367 588 429 identificari.
636 366 845 447 (bl'Nomina
858 364 1026 428 abstradta
1039 375 1170 428 naturae
1182 365 1282 427 hunia-

199 492 250 532 nae
267 472 308 531 de
325 473 465 550 persona
483 470 605 533 Christi
622 469 794 551 praedicari
811 477 996 549 nequeunt;
1030 468 1097 529 dici
1115 488 1183 528 non
1200 467 1283 528 debet

198 596 227 635 v.
256 595 284 653 g.
309 574 459 636 Christus
487 582 537 632 est
566 573 765 649 humanitas
790 573 868 651 quia
894 580 1012 633 natura
1037 566 1198 646 humana,
1222 569 1283 632 licet

199 678 312 740 Verbo
329 679 429 752 unita,
444 678 486 738 ab
503 697 543 738 eo
560 686 672 739 tamen
687 675 909 756 distinguitur.
947 674 994 753 (c)
1007 673 1158 734 Nomina
1175 672 1285 734 abstra-

199 779 253 842 &a
286 780 406 841 divinae
453 790 579 841 naturae
624 788 764 861 possunt
799 779 841 840 de
876 778 1018 857 persona
1054 774 1181 839 Christi
1220 795 1289 856 pra-

199 885 310 958 dicari
327 884 404 963 quia
422 884 453 944 in
473 886 546 945 Deo
563 885 740 964 qualitates
757 878 933 943 abstractae
950 899 1025 940 curn
1049 879 1173 940 divinis
1192 897 1289 958 perso·

200 987 250 1047 nis
267 985 521 1060 identificantur,
538 1008 566 1048 v.
580 1006 609 1066 g.
626 987 690 1048 dici
708 994 841 1066 potest:
866 982 1046 1046 “Christus
1063 990 1116 1043 est
1133 981 1291 1054 divinitas,

198 1099 249 1151 est
265 1090 517 1169 omnipotentia,
533 1091 602 1151 vita
613 1091 628 1115 ''
645 1098 704 1150 etc.

244 1233 310 1298 105.
361 1223 574 1286 Corollariam
592 1248 603 1286 .·
630 1225 738 1285 Error
758 1221 1004 1300 sz'quistarnm
1033 1220 1229 1300 rejiciendus
1248 1228 1292 1280 est.

200 1326 373 1401 Latinas,
386 1327 524 1387 nimium
542 1327 728 1388 extendens
739 1322 1076 1386 communicationem
1092 1324 1294 1392 idiomatum,

199 1430 338 1490 asseruit
355 1431 508 1510 quaedam
526 1431 639 1491 divina
655 1429 823 1501 attributa,
841 1426 1024 1507 praesertim
1041 1445 1121 1486 vero
1138 1425 1293 1505 ubiquita-

200 1541 271 1606 tem,
296 1532 536 1592 communicata
567 1532 668 1593 fuisse
695 1531 850 1591 humanae
877 1528 999 1591 Christi
1024 1537 1155 1590 naturae
1165 1550 1173 1605 ;
1213 1527 1292 1608 quod

198 1634 332 1714 quidem
351 1634 555 1714 excogitavit
572 1635 753 1714 praesertim
771 1635 812 1695 ad
831 1632 1067 1713 explicandam
1082 1632 1293 1712 multiplicem

199 1735 321 1798 Christi
340 1737 551 1815 praesentiam
569 1739 601 1797 in
620 1736 837 1798 Eucharistia.
886 1735 998 1796 Hodie
1015 1744 1127 1796 tamen
1143 1734 1198 1796 hic
1215 1753 1292 1795 error

199 1839 300 1900 etiam
318 1861 337 1900 a
349 1839 613 1900 Protestantibus
627 1840 783 1919 rejicitur;
806 1849 839 1901 et
857 1839 990 1915 merito;
1014 1840 1094 1900 varii
1112 1840 1203 1901 enim
1218 1838 1292 1902 Scri-

200 1953 307 2022 pturae
331 1953 445 2005 textus
469 1943 630 2006 exhibent
648 1944 816 2007 Christum
841 1952 1067 2004 transeuntem
1093 1944 1137 2005 de
1166 1943 1238 2005 loco
1263 1943 1290 2003 in

205 2045 321 2119 locum,
338 2054 370 2105 et
386 2045 568 2106 ostendunt
592 2046 684 2107 illum
708 2067 780 2107 esse
797 2046 829 2106 in
848 2045 904 2107 tali
928 2045 1001 2107 loco
1025 2054 1058 2107 et
1082 2065 1150 2107 non
1170 2046 1202 2107 in
1218 2045 1291 2119 ali0;

203 2149 248 2208 ita
260 2147 380 2209 dicitur
393 2171 399 2208 ε
417 2147 474 2210 “Si
490 2148 605 2209 fuisses
618 2149 784 2224 alienata
797 2167 889 2209 meus
903 2168 969 2209 non
981 2147 1097 2210 suisset
1112 2146 1291 2211 mortuus¹'¹

106 2309 110 2316 .
200 2251 406 2329 .·.“Jesum
442 2251 497 2330 qui
533 2251 711 2313 crucifixus
749 2261 807 2326 est,
835 2251 992 2331 quaeritis,
1020 2272 1086 2312 non
1118 2262 1167 2314 est
1188 2251 1291 2313 lzic”².

203 2355 374 2426 Praeterea,
390 2353 415 2412 si
435 2353 557 2415 Christi
582 2355 728 2417 humana
746 2366 863 2418 natura
884 2356 1004 2417 divinis
1024 2356 1195 2418 attributis
1219 2376 1291 2436 gau-

200 2456 286 2530 deat,
312 2455 551 2529 omniscientih,
581 2457 814 2533 immensitate,
840 2458 1094 2538 omnipotentia,
1120 2468 1200 2521 tunc
1232 2478 1291 2519 non

199 2567 250 2620 est
272 2558 415 2638 amplius
443 2559 587 2620 humana
612 2571 738 2638 natura,
766 2583 841 2642 quae
865 2562 1050 2623 necessario
1075 2560 1171 2622 finita
1194 2571 1293 2624 estet

200 2662 350 2735 limitata,
367 2663 423 2723 sed
444 2661 514 2741 jam
531 2683 689 2725 conversa
713 2675 762 2727 est
787 2666 818 2726 in
844 2676 997 2728 naturam
1020 2666 1179 2739 divinam,
1195 2675 1229 2727 et
1252 2665 1293 2725 sic

200 2773 376 2825 renovatur
400 2785 488 2825 error
506 2766 801 2846 Eutychianorum.
848 2769 998 2830 Aliunde
1023 2788 1084 2829 nec
1101 2778 1214 2850 potest
1237 2767 1293 2829 hoc

200 2867 301 2929 modo
323 2867 482 2947 explicari
508 2869 633 2949 dogma
658 2873 844 2951 praesentiae
870 2871 981 2946 realis;
1022 2891 1101 2932 nam
1125 2871 1152 2931 si
1178 2870 1294 2934 Christi

198 2991 317 3050 corpus
335 2971 411 3031 ideo
427 2981 477 3032 est
494 2973 525 3032 in
545 2972 753 3035 Eucharistizl
776 2975 832 3055 qui
849 2983 899 3036 est
924 2974 1055 3053 ubique,
1067 2972 1159 3034 nulla
1176 2974 1294 3054 specia-

199 3073 271 3134 liori
288 3073 414 3133 ratione
431 3084 481 3134 est
498 3075 559 3134 sub
576 3076 749 3154 speciebus
766 3077 966 3138 consecratis
980 3097 1080 3157 quam
1099 3077 1130 3137 in
1150 3077 1294 3157 quolibet

200 3175 265 3239 alio
282 3174 354 3234 loco
366 3186 388 3237 3.
1105 3169 1107 3173 ¹

236 3308 289 3360 106.
331 3306 463 3362 Scholion
470 3329 479 3361 .·
496 3307 526 3361 T
521 3308 699 3377 laulogoritm
709 3309 854 3379 opiniones
866 3310 898 3366 de
910 3311 1030 3366 ersentt'd¹
1041 3309 1158 3366 tantonis
1166 3310 1295 3382 hyposta-

198 3394 266 3471 tica.
308 3394 476 3463 Hucusque
490 3395 682 3465 exposuimus
694 3395 837 3451 Ecclesiae
847 3395 1014 3452 doctrinam
1029 3394 1068 3452 de
1081 3395 1195 3454 unione
1208 3395 1296 3468 hypo-

198 3480 301 3538 statica
309 3500 317 3550 ;
336 3480 388 3537 sed
402 3480 524 3536 ulterius
535 3482 702 3552 procedunt
716 3481 857 3552 theologi,
871 3491 901 3538 et
913 3481 1067 3552 inquirunt
1081 3481 1111 3538 in
1125 3500 1189 3552 quo
1202 3501 1296 3541 essen·

198 3569 304 3626 tialiter
317 3569 458 3625 consistat
472 3569 535 3626 haec
549 3571 627 3627 unio.
666 3569 755 3626 Varia
775 3570 982 3642 theologorum
1003 3581 1163 3643 systemata
1182 3572 1222 3629 ad
1240 3572 1298 3630 duo

198 3652 295 3708 referri
311 3661 443 3722 possunt.
484 3654 524 3721 (a)
538 3652 596 3707 Alii
611 3652 715 3709 dicunt
730 3671 794 3710 esse
813 3653 944 3725 aliquem
965 3671 1069 3709 aexmn
1089 3653 1225 3721 medium,
1240 3672 1297 3725 quo

198 3735 358 3804 formaliter
378 3736 508 3792 humana
522 3746 626 3792 natura
641 3736 741 3793 Verbo
761 3737 868 3794 unitur.
908 3738 955 3794 De
975 3737 1079 3794 natura
1092 3748 1194 3795 autem
1214 3738 1298 3810 hujus

198 3825 289 3880 nexus
303 3841 363 3880 non
376 3824 568 3880 consentiunt
587 3845 592 3878 :
621 3823 742 3895 quidam
758 3826 899 3895 putarunt
912 3825 993 3882 hunc
1007 3842 1071 3882 esse
1085 3824 1218 3896 aliquam
1231 3826 1298 3882 erati-

197 3917 292 3980 tatem‚
318 3911 378 3981 qna
396 3910 487 3967 veluti
503 3912 618 3981 glutino
638 3911 768 3967 humana
788 3921 892 3969 natura
917 3929 986 3968 cum
1006 3911 1108 3970 divina
1126 3913 1298 3984 copulatum

232 4115 240 4144 ¹
245 4112 310 4179 soa.
326 4112 377 4177 Xl,
392 4128 434 4164 21.
450 4141 485 4148 —
498 4110 603 4162 2illati.
620 4111 761 4176 XXVIII,
779 4112 803 4162 ό.

232 4198 293 4250 ³Cf.
318 4198 464 4259 Petavncs,
487 4198 503 4250 l.
527 4198 561 4264 X,
583 4214 605 4250 c,
627 4210 700 4261 7-1o;
732 4194 874 4264 &grand
897 4193 913 4248 l.
938 4213 960 4248 c.
982 4212 1007 4264 p.
1026 4196 1078 4264 658
1102 4212 1161 4265 sq.;
1192 4196 1295 4266 Schtffi

198 4285 303 4339 Creeds
316 4284 348 4336 of
358 4283 545 4350 Cristendoin,
559 4284 611 4336 vol.
632 4301 653 4351 1,
669 4300 694 4351 p.
711 4283 759 4350 285
774 4300 826 4352 sq,
840 4297 889 4349 322
903 4299 944 4351 sq.
