2684 4634
191 173 234 224 88
647 171 786 223 CAPUT
803 171 828 219 1.

191 352 293 434 lapsae
305 353 331 428 ''‚
347 356 364 384 “
376 372 451 415 cum
468 372 515 427 ea,
531 371 605 432 quae
622 351 654 413 in
672 351 735 414 ista
751 347 902 413 dodirina
919 348 1089 424 docentur,
1104 346 1284 429 generatim
1334 370 1338 379 ·

190 476 267 519 vera
283 455 436 518 habenda
451 455 526 531 sint,
538 455 606 517 sive
618 464 767 518 sumatur
782 455 883 517 homo
899 455 931 515 in
948 461 1036 516 statu
1054 461 1182 515 naturae
1198 470 1285 533 purae
1332 478 1338 514 2·

165 559 259 622 ,sive
282 560 315 621 in
339 567 428 622 statu
452 567 579 622 naturae
602 559 753 641 lapsae.”1
800 559 918 638 Itaque
936 557 1078 620 docetur
1099 576 1120 618 a
1139 554 1287 620 Concilio
1332 578 1338 619 ·.

192 663 301 726 Deum
326 663 453 726 ratione
476 663 621 725 humana
638 663 717 725 rotie
732 659 866 737 evoluti,
882 660 982 723 etiam
1007 659 1039 721 in
1058 667 1148 722 statu
1165 667 1288 720 noturoe
1334 664 1338 721 ἑ

190 765 288 846 lapso
301 774 332 828 ot
347 765 439 829 rebus
449 765 570 828 creatis
585 766 740 846 cognosci
763 765 873 846 posse,
886 773 987 845 atque
1010 762 1043 826 id
1066 762 1203 844 quidem
1219 783 1288 824 curn

190 867 385 932 certitudine.
432 867 516 950 Quae
540 869 674 950 quidem
696 869 845 933 definitio
863 869 1015 950 dirigitur
1030 876 1146 931 contra
1162 867 1289 948 eosqui

192 971 256 1034 Dei
272 973 485 1036 existentiam
503 972 600 1035 nullis
616 973 719 1036 firmis
735 973 936 1056 argumentis
948 971 1082 1055 ‚probari
1096 971 1221 1046 dicunt,
1232 990 1290 1033 nec

192 1076 331 1158 proinde
347 1085 438 1139 certo
454 1077 625 1158 cognosci;
647 1077 765 1140 dircite
780 1078 881 1159 igitur
896 1075 1031 1157 attingit
1054 1074 1127 1137 illos
1139 1074 1292 1156 fideistas

192 1189 225 1243 et
242 1179 516 1243 traditionalistas
531 1180 587 1260 qui
603 1179 787 1244 docuerunt
807 1181 1038 1244 certitudinem
1055 1179 1097 1241 de
1112 1178 1292 1241 existentia

194 1284 257 1346 Dei
274 1283 386 1346 haberi
404 1303 470 1345 non
488 1303 584 1365 posse
601 1284 662 1346 nisi
679 1305 737 1366 per
749 1283 860 1347 fidem.
899 1283 1021 1366 Quoad
1034 1281 1178 1345 mitiores
1189 1280 1292 1344 tradi·

193 1387 386 1464 tionolistas,
410 1387 465 1468 qui
489 1396 604 1451 tenent
626 1386 806 1451 humanam
830 1389 991 1451 rationem
1015 1387 1056 1449 ad
1080 1394 1204 1448 certam
1230 1384 1292 1447 Dei

191 1491 418 1573 cognitionem
436 1491 605 1574 pervenire
622 1511 687 1554 non
709 1512 806 1573 posse
830 1493 891 1554 nisi
910 1491 1043 1572 juvetur
1066 1488 1294 1552 traditionibus

194 1593 227 1656 in
243 1593 401 1663 societate
417 1592 562 1673 humana
578 1594 808 1672 existentibus,
824 1595 851 1658 si
870 1596 983 1659 dicant
1006 1593 1079 1656 illas
1099 1593 1294 1656 traditiones

194 1716 259 1759 non
276 1717 296 1758 a
311 1696 552 1778 supernaturali
576 1697 777 1761 revelatione
799 1707 953 1780 acceptas
976 1717 1056 1773 esse,
1072 1698 1129 1758 sed
1153 1696 1294 1758 naturali

194 1800 338 1881 quadam
354 1800 416 1877 via,
432 1821 460 1864 v.
477 1821 507 1883 g.
525 1801 607 1864 ideis
630 1801 755 1877 infusis,
770 1822 790 1864 a
814 1801 963 1867 Concilio
987 1821 1054 1864 non
1078 1801 1296 1877 damnantur;

193 1905 221 1965 si
251 1925 329 1967 vero
361 1905 543 1969 admittant
570 1905 643 1968 illas
669 1905 863 1969 traditiones
889 1904 1021 1966 nonnisi
1048 1925 1068 1966 a
1096 1903 1296 1967 revelatione

195 2007 298 2087 accipi
316 2008 473 2088 potuisse,
492 2006 651 2071 indireite
667 2029 687 2070 a
705 2009 854 2073 Concilio
873 2008 1083 2071 damnantur.
1130 2007 1186 2069 Ex
1201 2006 1298 2070 Atto

198 2111 334 2176 Concilii
348 2121 481 2174 constat
499 2113 612 2175 Patres
630 2113 776 2176 noluisse
798 2109 922 2175 dirette
937 2111 1001 2174 hoc
1017 2112 1151 2174 decreto
1169 2109 1298 2174 Ontolo

189 2215 336 2296 grimuni
367 2215 578 2295 proscribere,
609 2217 677 2278 imo
708 2216 978 2279 emendationem
1009 2212 1201 2295 rejecerunt,
1232 2216 1299 2295 qua

196 2317 492 2394 condemnabatur,
520 2324 535 2350 “
549 2318 635 2399 quia,
661 2319 768 2401 inquit
797 2318 944 2392 Relator,
971 2317 1204 2399 gravissimum
1235 2315 1300 2379 hoc

196 2430 343 2503 systema
359 2421 573 2502 ontologismi
592 2443 658 2492 non
676 2431 787 2505 potest
803 2423 896 2504 quasi
913 2421 1162 2486 accidentaliter
1173 2429 1207 2484 et
1221 2420 1300 2483 inci-

196 2524 313 2587 denter
329 2523 520 2606 pertraitari
533 2525 549 2550 ’'
561 2537 595 2602 2;
618 2523 777 2589 ἰηάἰῐεᾶε
792 2535 905 2588 tamen
924 2525 1101 2606 attingitur
1119 2523 1176 2586 illa
1191 2524 1301 2590 Onto-

198 2625 330 2707 logismi
354 2625 469 2703 forma,
492 2648 567 2708 quae
590 2638 690 2710 negat
715 2631 825 2692 Deum
849 2650 867 2691 e
890 2630 988 2691 rebus
1013 2628 1130 2691 creatis
1158 2628 1302 2691 naturali

198 2730 334 2792 rationis
351 2729 476 2793 lumine
493 2740 583 2793 certo
599 2734 753 2814 cognosci
766 2752 871 2814 posse.
918 2733 1064 2796 Aliunde
1081 2731 1304 2812 §.inquisitio

178 2835 252 2916 .(18
285 2834 375 2914 Sept.
414 2831 511 2919 1861)
543 2834 613 2915 jam
644 2837 868 2902 declaraverat
898 2838 1026 2921 aliquas
1057 2838 1304 2921 propositiones

197 2938 448 3018 ontologisticas
465 2948 532 3000 tuto
549 2939 640 3001 tradi
659 2960 724 3003 non
747 2955 870 3023 posse,³
886 2954 919 3006 et
942 2944 1058 3006 eadem
1077 2942 1304 3024 congregatio

200 3043 256 3123 (14
273 3042 352 3103 Dec.
374 3041 470 3122 1887)
486 3042 662 3105 nonnullas
678 3047 920 3127 propositiones
940 3047 1090 3128 ejusdem
1110 3047 1243 3128 generis
1258 3067 1303 3109 ex

199 3145 354 3226 operibus
372 3144 536 3207 Rosminii
553 3157 728 3229 excerptas
745 3149 942 3212 damnavit4

243 3247 355 3328 Quaeri
372 3257 483 3327 potest
500 3249 599 3310 etiam
618 3259 727 3312 utrum
746 3251 919 3314 definitum
942 3252 1039 3314 fuerit
1061 3250 1188 3314 ratione
1207 3261 1303 3315 natu-

199 3350 310 3412 raliter
326 3350 481 3430 cognosci
498 3371 596 3431 posse
614 3352 723 3415 Deum
740 3375 811 3417 esse
826 3365 995 3418 creatorem
1015 3351 1101 3441 (can.
1123 3350 1166 3439 1).
1212 3356 1302 3437 Jam-

198 3453 326 3516 veroin
343 3454 555 3534 expositione
571 3456 746 3535 rationum,
762 3479 837 3540 quae
855 3459 1007 3521 Patribus
1028 3457 1210 3541 propositae
1227 3469 1305 3522 sunt

199 3560 241 3621 ad
258 3557 346 3619 hunc
362 3577 523 3620 canonem
540 3559 787 3640 explicandum,
802 3561 874 3624 haec
891 3562 1062 3643 leguntur:
1080 3561 1184 3624 “Etsi
1201 3562 1235 3623 in
1252 3581 1302 3624 ca·

200 3682 286 3724 none
303 3662 432 3741 legatur
447 3662 644 3724 vocabulum
662 3675 791 3738 creator,
808 3685 873 3726 non
895 3665 971 3726 ideo
993 3662 1150 3728 definitur
1165 3665 1303 3727 creatio·

200 3786 275 3828 nem
293 3767 425 3848 proprie
441 3764 564 3829 dinam
583 3769 710 3831 ratione
726 3770 947 3832 demonstrari
969 3789 1088 3852 posse;
1110 3769 1174 3831 sed'
1186 3769 1304 3832 retine·

234 4039 242 4061 ¹
259 4035 303 4087 lta
317 4035 406 4087 Rmus
419 4034 529 4098 Gasser,
540 4032 634 4101 Episc.
646 4032 827 4098 Brixinensis‚
836 4032 911 4100 apud
925 4031 998 4087 Atta
1011 4043 1039 4086 et
1053 4035 1177 4087 Decreta
1187 4033 1305 4088 Concilii

200 4123 329 4176 Vaticani
345 4122 423 4189 (tom.
440 4121 560 4191 septimo
576 4121 749 4172 Collettt'om's
762 4117 911 4188 Locencis),
925 4137 952 4188 p.
973 4133 1029 4188 13¹·

234 4206 330 4259 2Αίῑιι
345 4208 372 4259 C.
391 4208 474 4259 Vatic.
489 4224 515 4275 p.
538 4207 591 4258 128.
606 4238 640 4244 -
653 4203 663 4233 ³
678 4207 719 4258 Cf.
738 4207 904 4273 Denrr'nger,
914 4205 1108 4275 Enchiridion,
1118 4223 1145 4260 n.
1160 4218 1227 4276 1515
1242 4224 1302 4277 sqq.

200 4296 256 4333 --4
271 4293 313 4347 Cf.
329 4295 402 4347 Aoo
417 4296 445 4347 S.
461 4295 548 4361 Sedis,
564 4304 580 4347 t.
596 4295 659 4360 XX,
673 4312 691 4362 p
715 4307 765 4362 397
780 4310 840 4362 sqq.
