2684 4634
192 111 257 161 290
656 109 788 159 CAPUT
806 109 831 156 1.

1247 218 1274 228 ..-

190 282 249 352 jam
265 281 423 339 stabilitate
436 281 577 352 gaudent,
593 292 706 353 quanto
720 283 845 354 majores
859 281 1038 340 mutationes
1051 299 1117 339 esse
1131 289 1277 353 potuerunt

192 368 346 439 primitivis
371 368 563 440 temporibus,
593 369 714 441 quando
739 370 852 427 scilicet
876 369 991 440 species
1023 369 1117 440 magis
1150 368 1278 427 flexibiles

192 465 282 523 erant,
295 465 400 526 utpote
411 455 551 526 juniores

225 543 310 612 Resp.
352 542 519 599 Seledtione
533 543 655 599 naturali
669 545 821 600 uariantes
834 543 970 613 ejusdem
990 543 1100 614 speciei
1122 543 1281 614 producun-

192 637 239 684 tur
251 626 382 698 quidem,
399 627 452 684 sed
466 646 522 683 non
541 646 620 684 nance
639 628 737 699 specr'es
756 628 878 687 diversis
899 629 1024 700 organis,
1042 629 1088 685 vel
1102 627 1283 688 facultatibus

192 710 335 782 praeditae3
355 711 477 782 insuper
490 712 645 769 varietates
658 713 842 784 hujusmodi,
857 713 1002 771 industria
1015 712 1175 770 hominum
1190 712 1284 770 obten-

192 810 237 867 tae,
251 799 393 856 citissime
406 817 582 858 evanescere
595 801 700 871 solent,
717 801 740 857 si
754 801 810 858 sibi
820 802 1034 874 permittantur.
1073 800 1186 872 Quoad
1196 799 1286 872 hybri-

192 885 252 955 daS,
270 886 319 957 qui
334 905 369 942 ex
383 887 526 944 mixtione
539 888 685 944 variarum
700 888 865 959 specierum
880 889 1020 958 oriuntur,
1038 888 1202 959 generatim
1217 887 1287 944 serti-

192 975 233 1031 les
248 974 323 1031 inter
336 993 367 1031 se
382 993 442 1032 non
456 983 532 1043 sunt,
551 975 591 1031 ita
605 986 636 1032 ut
649 976 786 1034 stabilem
798 976 928 1048 speeiem
940 976 1120 1033 constituere
1130 985 1285 1047 nequeant,

192 1073 220 1119 et
234 1079 330 1133 pauca
343 1061 420 1118 satta
434 1080 501 1132 quae
515 1062 544 1118 in
559 1063 740 1120 contrarium
756 1055 942 1136 proferuntur
956 1063 1029 1120 nihil
1047 1063 1130 1120 aliud
1150 1073 1219 1120 sunt
1237 1064 1288 1120 nisi

192 1150 382 1220 exceptiones
407 1149 538 1220 generali
563 1151 679 1220 regulae,
704 1150 812 1221 quibus
832 1151 904 1207 nihil
923 1150 1156 1209 demonstrative
1176 1151 1288 1223 probari

191 1247 290 1306 possit.

226 1381 267 1434 5²·
308 1363 366 1420 His
391 1363 479 1433 igitur
501 1365 640 1436 utrinque
663 1366 812 1437 expositis
836 1375 976 1437 putamus
994 1366 1289 1423 Transsormistarum

192 1458 366 1521 argumenta
386 1450 555 1521 spernenda
578 1467 637 1505 non
659 1467 733 1515 esse,
756 1449 823 1506 licet
846 1450 1078 1508 demonstrativa
1098 1470 1160 1509 non
1182 1455 1248 1523 sint,
1263 1463 1290 1510 et

191 1537 312 1595 aliunde
321 1537 487 1594 stabilitatis
496 1537 662 1608 specierum
674 1537 844 1595 defensores
853 1536 1018 1608 probabilia
1027 1538 1130 1596 afferre
1140 1558 1287 1612 responsa,

192 1636 221 1683 et
234 1625 383 1683 immerito
397 1634 429 1682 ut
443 1625 616 1696 ignorantiae
630 1642 696 1682 reos
709 1624 748 1681 ab
761 1625 936 1682 adversariis
949 1626 1108 1682 existimari
1123 1649 1128 1684 :
1151 1628 1227 1685 inter
1245 1647 1290 1685 eos

192 1714 271 1771 enim
285 1713 417 1770 invenire
429 1713 497 1769 licet
511 1713 652 1784 geologos
666 1722 694 1770 et
708 1713 845 1784 physicos
856 1713 984 1770 maxima
993 1714 1116 1772 scientia
1126 1716 1287 1787 praedit0s¹.

194 1804 320 1872 Pergant
343 1801 430 1873 igitur
450 1801 626 1857 naturalium
648 1799 868 1872 disciplinarum
892 1802 1019 1860 cultores
1039 1821 1101 1860 rem
1122 1803 1290 1861 scientificis

192 1889 373 1959 argumentis
387 1888 564 1959 expendere,
581 1887 749 1945 dummodo
764 1888 906 1946 Ecclesiae
923 1889 1037 1960 judicio
1057 1889 1182 1948 obedire
1201 1891 1288 1964 parati

192 1975 267 2032 sint:
289 1976 393 2032 veritas
406 1975 520 2032 veritati
533 1974 679 2031 adversari
694 1975 805 2046 nequit.
838 2030 840 2037 ,

193 3251 244 3302 das
260 3251 377 3318 plantas,
392 3257 419 3300 et
433 3247 589 3315 praesertim
604 3245 834 3315 investigationes
848 3247 891 3299 W.
909 3249 1032 3301 Herbert
1051 3249 1172 3316 probant
1192 3250 1293 3303 multas

194 3337 327 3406 hybridas
342 3336 450 3404 species
464 3335 503 3387 ita
517 3336 588 3387 inter
603 3352 632 3387 se
646 3335 794 3388 foecundas
808 3352 880 3400 esse,
894 3346 923 3389 ut
938 3336 1047 3404 species
1060 3338 1172 3405 puras.’'

229 3443 238 3472 1
254 3427 361 3476 Paucos
380 3438 602 3475 commemorare
621 3425 740 3477 sufficiat
759 3426 896 3493 Agazzr'z,
911 3426 1002 3493 Essay
1022 3443 1056 3478 on
1077 3425 1125 3478 the
1144 3427 1292 3481 classifica·

195 3517 286 3570 tion...
306 3515 382 3580 1869;
396 3515 426 3580 J.
438 3514 475 3564 D.
491 3515 591 3575 Βάκις
603 3513 635 3579 J.
656 3513 697 3565 W.
713 3513 853 3574 Dawsom
872 3512 1020 3579 Flourerrs,
1035 3513 1163 3565 Examen
1177 3513 1214 3566 du
1228 3514 1294 3567 livre

194 3604 229 3656 de
246 3601 369 3663 Darwin,
390 3602 466 3668 18643
485 3600 522 3654 A.
536 3601 568 3652 (le
580 3599 772 3667 Quatreffuges,
786 3598 836 3651 Ch.
849 3597 972 3665 Darwin,
982 3609 1009 3652 et
1022 3615 1067 3651 ses
1081 3598 1292 3666 precurseurs...

198 3691 275 3757 187o;
295 3690 408 3753 Fuivre,
426 3689 464 3739 La
478 3687 582 3739 variete
597 3688 647 3740 des
661 3686 776 3754 especes
790 3696 817 3738 et
831 3703 876 3738 ses
890 3685 1004 3749 limites;
1023 3687 1067 3738 De
1078 3684 1242 3752 Nadaillac,
1257 3688 1294 3741 Le

197 3775 343 3828 Probleme
357 3775 392 3826 de
407 3775 432 3826 la
446 3773 507 3837 Vie;
528 3773 698 3839 Blunclzord,
710 3775 749 3825 La
759 3773 803 3826 vie
814 3783 841 3827 et
852 3773 893 3826 les
903 3773 975 3832 etres
985 3773 1105 3841 animes3
1125 3773 1168 3824 D'
1172 3775 1295 3841 litasset,

196 3862 388 3916 Evolutionet
402 3861 636 3925 transformisme;
653 3863 679 3928 J.
694 3862 725 3928 J.
743 3862 890 3925 Biuncom',
911 3862 951 3913 La
970 3860 1076 3914 theorie
1096 3861 1294 3929 darwinienne,

197 3952 273 4017 ¹8743
294 3950 331 4002 Α.
351 3949 483 4017 Wagner,
495 3949 665 4015 Ehrerrberg,
679 3948 848 4014 Grr'esebaclz‚
859 3949 893 3999 F.
904 3947 1047 4016 Psoffetc.
1085 3948 1246 4001 Fatendum
1254 3958 1296 4002 est

195 4048 289 4088 tamen
303 4035 387 4087 hodie
402 4036 549 4103 plerosque
563 4035 732 4087 naturalium
746 4034 958 4101 disciplinarum
973 4035 1093 4088 cultores
1108 4035 1295 4088 transformis-

182 4138 233 4172 mo
243 4122 311 4189 plus
324 4121 456 4175 minusve
470 4119 573 4188 favere,
588 4118 717 4190 quanwis
730 4120 887 4173 concedant
899 4120 1080 4175 selectionem
1089 4122 1247 4176 naturalem
1261 4123 1297 4176 ad

169 4209 272 4263 omnia
288 4211 467 4280 explicanda
481 4211 627 4282 imparem
640 4226 715 4265 esse.
