2684 4634
256 111 323 161 -DE
340 111 423 161 DEO
441 111 641 162 CREANTE
659 111 711 160 ΕΤ
729 111 964 161 ELEVANTE.
1102 111 1159 162 261

99 292 187 350 Inter
199 291 470 356 Protestantes:
491 288 639 359 Hickoclr,
658 291 780 349 Creator
798 290 858 347 and
872 291 1022 358 Creation,
1037 290 1159 359 Bostou,

62 388 146 456 1872;
185 387 315 448 chkler,
330 384 504 467 ¹Theologie
535 381 598 439 und
636 381 941 450 Naturwissenschast‚
972 380 1162 445 Giithersloh,

61 474 198 544 1877-793
227 473 284 532 Die
298 471 393 530 Lehre
405 489 474 529 vom
487 468 621 528 Urstand
630 468 684 526 des
695 469 860 526 Menschen
874 467 1087 541 geschichtlich
1101 467 1162 524 und

60 558 470 632 dogmatisch·apologetisch
483 556 659 628 dargestellt,
680 560 757 622 188o;
775 557 799 623 J.
816 557 847 610 B.
862 557 964 619 Heard,
981 555 1047 612 The
1061 555 1160 626 tripar-

60 646 112 704 tite
126 656 235 704 nature
247 647 282 704 os
295 664 374 716 man,
390 642 576 714 Edinburgh‚
593 644 670 714 18843
689 643 821 704 Watson,
836 641 1029 712 Theological
1044 641 1161 698 Institu-

60 743 112 803 tes‚
132 752 152 790 a
175 753 240 792 new
258 733 329 791 edit.
351 732 390 805 by
410 732 459 789 M’
483 730 620 800 Clintock,
638 734 713 799 1889,
727 730 783 786 vol.
806 729 846 799 II,
871 748 895 785 c.
916 727 1161 794 XVIIIXXIX:

61 823 177 889 Hodge,
202 820 378 894 Systematic
408 820 558 890 theology,
584 817 642 874 vol.
671 816 695 885 I,
719 816 765 873 ch.
797 835 848 886 103
879 816 935 872 vol.
964 815 1005 885 ΙΙ,
1033 815 1079 871 eh.
1111 833 1162 885 1·9;

61 911 92 961 E.
104 911 140 962 V.
158 911 287 976 Gerhart,
299 907 452 966 Institutes
464 907 498 964 ol
508 910 557 963 the
570 903 719 963 Christian
733 903 880 974 Religion,
896 903 968 962 New
978 902 1068 974 llork‚
1084 906 1158 973 1891,
1246 947 1249 952 .

62 991 166 1136 ΒΙΙΙΙΙΙΞ
176 993 268 1152 (ΙΙῑΙεῐα
280 1082 310 1137 in
324 1082 449 1140 decursu
462 1078 619 1135 Traelatus
632 1076 846 1147 allegabuntur.

256 1219 427 1276 Exortum
446 1232 488 1272 ux
507 1217 542 1275 C.
559 1216 785 1272 Lnrnanrvuusr
806 1214 978 1285 IV(1215)1.

97 1352 120 1389 1.
165 1333 301 1392 Firmiter
314 1337 462 1397 credimus
474 1349 503 1396 et
516 1337 689 1409 simpliciter
698 1336 875 1394 confitemur
937 1354 1030 1392 unum
1049 1334 1160 1392 univer-

61 1438 161 1476 sorum
181 1419 360 1493 principium
387 1445 394 1483 :
428 1433 542 1482 creator
564 1423 699 1481 omnium
726 1422 885 1480 visibilium
912 1432 941 1479 et
960 1420 1157 1489 invisibilium,

61 1506 259 1578 spiritualium
272 1517 302 1566 et
314 1512 511 1583 corporalium
526 1532 533 1568 :
559 1511 609 1582 qui
624 1511 676 1567 sua
689 1509 888 1581 omnipotenti
900 1509 1006 1566 virtute
1023 1506 1111 1564 simul
1123 1506 1161 1565 ab

61 1593 146 1650 initio
160 1595 304 1666 temporis
316 1605 473 1671 utramque
487 1599 525 1656 de
538 1597 632 1654 nihilo
645 1596 781 1655 condidit
791 1607 962 1666 creaturam,
979 1594 1160 1668 spiritualem

60 1690 87 1737 et
105 1680 319 1752 corporalem:
346 1685 511 1756 angelicam
530 1683 669 1742 videlicet
697 1693 726 1740 et
752 1683 957 1739 mundanam:
991 1699 1025 1738 ac
1051 1679 1161 1738 deinde

60 1767 232 1837 humanam,
254 1769 337 1839 quasi
356 1788 548 1830 communem
576 1788 611 1828 ex
633 1769 738 1842 spiritu
758 1779 787 1828 et
807 1786 931 1840 corpore
962 1767 1159 1826 constitutam.

61 1855 211 1913 Diabolus
230 1854 309 1912 enim
327 1858 422 1914 etalii
439 1858 591 1916 daemones
609 1859 707 1915 aDeo
720 1856 843 1928 quidem
863 1856 966 1914 natura
985 1855 1073 1913 creati
1093 1864 1160 1911 sunt

60 1942 142 2009 honi,
158 1941 215 1999 sed
227 1940 283 2014 ipsi
303 1960 355 2014 per
373 1963 404 2003 se
422 1944 491 2003 faeti
511 1954 579 2002 sunt
599 1944 675 2001 mali.
715 1945 819 2002 Homo
838 1961 908 2001 vero
927 1942 1038 2002 diaboli
1057 1959 1160 2013 sugge-

59 2030 158 2087 stione
170 2028 348 2101 peccavit

145 2169 329 2226 Decumum
348 2175 497 2226 aaronita.
512 2184 555 2226 nr:
574 2183 713 2226 peccaro
732 2182 896 2224 omentum
917 2167 999 2238 (Sess.
1013 2167 1077 2235 V)2.

92 2303 117 2345 2.
160 2288 203 2347 Ut
224 2288 299 2346 tides
322 2297 421 2346 nostra
441 2287 605 2357 Catholica‚
618 2287 682 2345 sine
701 2285 761 2358 qua
779 2285 963 2358 impossibile
982 2296 1025 2343 est
1044 2285 1160 2357 placere

62 2377 138 2446 Deo,
155 2374 286 2447 purgatis
305 2373 458 2444 erroribus,
473 2374 503 2430 in
522 2373 575 2431 sua
595 2373 763 2431 sinceritate
786 2373 899 2444 integra
918 2384 947 2430 et
966 2372 1077 2429 illibata
1096 2389 1159 2443 per·

61 2470 189 2530 maneat,
206 2469 235 2518 et
249 2478 286 2517 ne
299 2460 427 2532 populus
441 2459 628 2518 Christianus
646 2460 728 2516 omni
742 2469 833 2516 vento
846 2457 990 2516 doetrinae
1007 2457 1158 2514 circumse-

61 2558 155 2618 ratur,
173 2564 243 2604 eum
261 2564 382 2617 serpens
395 2545 444 2604 ille
456 2547 604 2618 antiquus,
618 2546 738 2603 humani
753 2546 868 2617 generis
882 2554 1042 2617 perpetuus
1055 2544 1155 2613 hostis,

60 2635 137 2693 inter
158 2631 286 2705 plurima
307 2633 392 2704 mala,
416 2632 524 2705 quibus
544 2633 678 2691 Ecclesia
701 2633 756 2690 Dei
783 2633 828 2688 his
848 2631 954 2689 nostris
974 2631 1158 2702 temporibus

60 2719 257 2794 perturbatur,
269 2719 359 2777 etiam
371 2719 410 2778 de
422 2729 546 2793 peccato
559 2720 692 2790 originali
703 2721 827 2790 ejusque
841 2718 973 2776 remedio
987 2735 1048 2774 nou
1061 2716 1158 2773 solum

60 2826 146 2873 nova,
157 2806 211 2865 sed
225 2815 323 2864 vetera
332 2807 421 2864 etiam
434 2806 556 2864 dissidia
568 2807 754 2864 excitaverit:
774 2805 961 2863 sacrosancta
974 2803 1158 2862 oecumenica

59 2906 85 2954 et
98 2893 246 2967 generalis
254 2892 430 2951 Tridentina
440 2893 586 2965 Synodus,
597 2893 626 2949 in
641 2893 749 2964 Spiritu
760 2892 869 2949 Sancto
888 2891 1019 2962 legitime
1036 2908 1158 2961 congre·

58 2993 134 3054 gata,
155 2977 384 3052 praesidentibus
403 2979 432 3035 in
452 2980 487 3036 eal
505 2979 618 3036 eisdem
632 2979 724 3036 tribus
737 2977 916 3049 Apostolicae
929 2977 1014 3034 Sedis
1029 2977 1156 3047 LegatiS,

57 3071 117 3140 jam
138 3068 178 3126 ad
197 3066 381 3125 revocandos
399 3075 536 3135 errantes,
559 3076 589 3123 et
614 3075 751 3124 nutantes
771 3065 991 3123 confirmandos
1017 3065 1159 3123 accedere

58 3159 170 3228 volens,
188 3158 340 3213 Sacrarum
359 3153 583 3227 scripturarum,
596 3165 625 3212 et
640 3154 815 3211 Sanctorum
830 3155 948 3211 Patrum
963 3172 998 3210 ac
1018 3153 1159 3225 probatis-

57 3246 203 3304 simorum
223 3241 425 3301 Conciliorum
446 3243 622 3312 testimonia,
639 3252 668 3299 et
690 3242 782 3314 ipsius
805 3241 947 3299 Ecclesiae
965 3241 1110 3312 judicium
1130 3250 1159 3297 et

57 3348 242 3391 consensum
263 3337 372 3401 secuta,
387 3329 452 3388 haec
465 3328 503 3387 de
523 3328 589 3401 ipso
596 3330 709 3400 peccato
720 3328 864 3400 originali
874 3327 984 3393 statuit,
1000 3328 1114 3394 fatetur,
1124 3344 1158 3382 ac

56 3418 197 3479 declarat.

88 3559 115 3611 3.
149 3538 226 3596 Can.
241 3555 265 3592 r.
293 3535 324 3593 Si
337 3535 402 3607 quis
412 3553 473 3594 non
481 3535 648 3603 confitetur,
659 3535 787 3606 primurn
800 3533 954 3591 hominem
968 3532 1074 3600 Adam,
1088 3548 1156 3587 cum

55 3626 236 3684 mandatum
258 3623 315 3681 Dei
337 3623 367 3679 in
388 3622 524 3695 paradiso
544 3622 647 3679 fuisset
666 3631 872 3692 transgressus,
893 3620 993 3676 statim
1020 3618 1156 3675 sandiita-

55 3722 126 3781 tem,
142 3718 175 3766 et
190 3705 341 3780 justitiam,
355 3705 385 3762 in
399 3705 459 3777 qua
473 3705 650 3763 constitutus
668 3705 770 3774 suerat,
786 3703 925 3772 amisisse,
944 3701 1158 3772 incurrisseque

55 3817 107 3871 per
117 3797 263 3856 offensam
275 3793 520 3866 praevaricationis
529 3793 700 3862 huiusmodi
716 3793 796 3861 iram,
808 3801 836 3848 et
848 3788 1081 3860 indignationem
1089 3788 1155 3854 Dei,

54 3897 146 3958 atque
158 3882 230 3940 ideo
236 3891 372 3952 mortem,
385 3899 475 3953 quam
483 3890 571 3938 antea
584 3880 624 3936 illi
635 3879 834 3937 comminatus
843 3880 936 3935 fuerat
947 3879 1037 3941 Deus,
1049 3887 1156 3934 etcum

88 4043 152 4098 ¹Cf.
162 4043 304 4109 Denaing.
318 4057 345 4095 n.
363 4053 423 4110 355.
469 4039 635 4093 Vaticanum
648 4039 792 4092 decretum
807 4038 842 4091 de
857 4038 1005 4090 Creatioue
1014 4037 1159 4090 retulimus

54 4134 81 4186 in
99 4134 148 4186 Tr.
162 4130 197 4183 de
209 4129 269 4182 Deo
281 4144 344 4181 uno.

88 4217 154 4273 ²Cs.
170 4216 311 4284 Denaing.
326 4230 354 4267 n.
370 4213 494 4283 669-674.
