<?xml version="1.0" encoding="UTF-8"?>
<!DOCTYPE html PUBLIC "-//W3C//DTD XHTML 1.0 Transitional//EN"
    "http://www.w3.org/TR/xhtml1/DTD/xhtml1-transitional.dtd">
<html xmlns="http://www.w3.org/1999/xhtml" xml:lang="en" lang="en">
 <head>
  <title>
</title>
<meta http-equiv="Content-Type" content="text/html;charset=utf-8" />
  <meta name='ocr-system' content='tesseract 3.04.00' />
  <meta name='ocr-capabilities' content='ocr_page ocr_carea ocr_par ocr_line ocrx_word'/>
</head>
<body>
  <div class='ocr_page' id='page_1' title='image "./synopsistheolog00tanqgoog_0582.png"; bbox 0 0 2684 4634; ppageno 0'>
   <div class='ocr_carea' id='block_1_1' title="bbox 353 168 1223 221">
    <p class='ocr_par' dir='ltr' id='par_1_1' title="bbox 353 168 1223 221">
     <span class='ocr_line' id='line_1_1' title="bbox 353 168 1223 221; baseline -0.002 -3"><span class='ocrx_word' id='word_1_1' title='bbox 353 168 408 218; x_wconf 84' lang='lat' dir='ltr'>DE</span> <span class='ocrx_word' id='word_1_2' title='bbox 426 168 646 221; x_wconf 77' lang='lat' dir='ltr'><strong>MYSTERIO</strong></span> <span class='ocrx_word' id='word_1_3' title='bbox 663 168 993 219; x_wconf 78' lang='lat' dir='ltr'><strong>REDEMPTIONIS.</strong></span> <span class='ocrx_word' id='word_1_4' title='bbox 1163 168 1223 219; x_wconf 80' lang='lat'>561</span> 
     </span>
    </p>
   </div>
   <div class='ocr_carea' id='block_1_2' title="bbox 117 347 1231 2736">
    <p class='ocr_par' dir='ltr' id='par_1_2' title="bbox 117 347 1226 722">
     <span class='ocr_line' id='line_1_2' title="bbox 119 347 1224 431; baseline 0 -22"><span class='ocrx_word' id='word_1_5' title='bbox 119 347 285 429; x_wconf 89' lang='lat' dir='ltr'>competit</span> <span class='ocrx_word' id='word_1_6' title='bbox 308 357 456 430; x_wconf 88' lang='lat' dir='ltr'>potestas</span> <span class='ocrx_word' id='word_1_7' title='bbox 468 350 662 430; x_wconf 80' lang='lat' dir='ltr'>J&#39;udt&#39;ciaria,</span> <span class='ocrx_word' id='word_1_8' title='bbox 682 353 748 431; x_wconf 78' lang='lat' dir='ltr'>qua</span> <span class='ocrx_word' id='word_1_9' title='bbox 769 349 918 431; x_wconf 90' lang='lat' dir='ltr'>judicare</span> <span class='ocrx_word' id='word_1_10' title='bbox 942 357 1053 431; x_wconf 89' lang='lat' dir='ltr'>potest</span> <span class='ocrx_word' id='word_1_11' title='bbox 1075 348 1167 410; x_wconf 88' lang='lat' dir='ltr'>vivos</span> <span class='ocrx_word' id='word_1_12' title='bbox 1191 356 1224 410; x_wconf 90' lang='lat' dir='ltr'>et</span> 
     </span>
     <span class='ocr_line' id='line_1_3' title="bbox 121 452 1226 535; baseline 0 -23"><span class='ocrx_word' id='word_1_13' title='bbox 121 460 295 513; x_wconf 91' lang='lat' dir='ltr'>mortuos:</span> <span class='ocrx_word' id='word_1_14' title='bbox 312 452 457 534; x_wconf 89' lang='lat' dir='ltr'>“Neque</span> <span class='ocrx_word' id='word_1_15' title='bbox 469 454 557 517; x_wconf 90' lang='lat' dir='ltr'>enim</span> <span class='ocrx_word' id='word_1_16' title='bbox 572 454 669 516; x_wconf 91' lang='lat' dir='ltr'>Pater</span> <span class='ocrx_word' id='word_1_17' title='bbox 681 454 810 533; x_wconf 89' lang='lat' dir='ltr'>judicat</span> <span class='ocrx_word' id='word_1_18' title='bbox 825 472 1038 535; x_wconf 85' lang='lat' dir='ltr'><strong>quemquam,</strong></span> <span class='ocrx_word' id='word_1_19' title='bbox 1051 453 1108 515; x_wconf 93' lang='lat' dir='ltr'>sed</span> <span class='ocrx_word' id='word_1_20' title='bbox 1126 471 1226 513; x_wconf 93' lang='lat' dir='ltr'>omne</span> 
     </span>
     <span class='ocr_line' id='line_1_4' title="bbox 117 552 1226 636; baseline -0.001 -20"><span class='ocrx_word' id='word_1_21' title='bbox 117 552 284 635; x_wconf 91' lang='lat' dir='ltr'>judicium</span> <span class='ocrx_word' id='word_1_22' title='bbox 301 555 395 618; x_wconf 86' lang='lat' dir='ltr'>dedit</span> <span class='ocrx_word' id='word_1_23' title='bbox 412 556 496 618; x_wconf 89' lang='lat' dir='ltr'>Filio</span> <span class='ocrx_word' id='word_1_24' title='bbox 509 557 541 619; x_wconf 88' lang='lat'>&#39;’.</span> <span class='ocrx_word' id='word_1_25' title='bbox 554 607 577 619; x_wconf 90' lang='lat'>..</span> <span class='ocrx_word' id='word_1_26' title='bbox 595 561 611 588; x_wconf 87' lang='lat'>“</span> <span class='ocrx_word' id='word_1_27' title='bbox 622 557 678 636; x_wconf 92' lang='lat' dir='ltr'>qui</span> <span class='ocrx_word' id='word_1_28' title='bbox 702 557 902 620; x_wconf 87' lang='lat' dir='ltr'>constitutus</span> <span class='ocrx_word' id='word_1_29' title='bbox 922 566 972 618; x_wconf 90' lang='lat' dir='ltr'>est</span> <span class='ocrx_word' id='word_1_30' title='bbox 995 576 1014 618; x_wconf 91' lang='lat' dir='ltr'>a</span> <span class='ocrx_word' id='word_1_31' title='bbox 1034 556 1108 616; x_wconf 93' lang='lat' dir='ltr'>Deo</span> <span class='ocrx_word' id='word_1_32' title='bbox 1121 554 1226 635; x_wconf 86' lang='lat' dir='ltr'>judex</span> 
     </span>
     <span class='ocr_line' id='line_1_5' title="bbox 121 658 604 722; baseline 0.004 -2"><span class='ocrx_word' id='word_1_33' title='bbox 121 658 274 720; x_wconf 92' lang='lat' dir='ltr'>vivorum</span> <span class='ocrx_word' id='word_1_34' title='bbox 291 667 325 721; x_wconf 89' lang='lat' dir='ltr'>et</span> <span class='ocrx_word' id='word_1_35' title='bbox 341 668 545 722; x_wconf 91' lang='lat' dir='ltr'>mortuorum</span> <span class='ocrx_word' id='word_1_36' title='bbox 557 660 572 685; x_wconf 86' lang='lat'>&#39;’</span> <span class='ocrx_word' id='word_1_37' title='bbox 585 672 604 722; x_wconf 89' lang='lat'>1.</span> 
     </span>
    </p>

    <p class='ocr_par' dir='ltr' id='par_1_3' title="bbox 122 759 1228 1764">
     <span class='ocr_line' id='line_1_6' title="bbox 166 759 1226 844; baseline 0 -22"><span class='ocrx_word' id='word_1_38' title='bbox 166 759 229 840; x_wconf 90' lang='lat' dir='ltr'>(B)</span> <span class='ocrx_word' id='word_1_39' title='bbox 252 761 463 839; x_wconf 81' lang='lat' dir='ltr'>Universalis,</span> <span class='ocrx_word' id='word_1_40' title='bbox 479 772 643 844; x_wconf 89' lang='lat' dir='ltr'>quatenus</span> <span class='ocrx_word' id='word_1_41' title='bbox 662 764 856 826; x_wconf 86' lang='lat' dir='ltr'>extenditur</span> <span class='ocrx_word' id='word_1_42' title='bbox 871 762 913 825; x_wconf 89' lang='lat' dir='ltr'>ad</span> <span class='ocrx_word' id='word_1_43' title='bbox 931 762 1043 825; x_wconf 89' lang='lat' dir='ltr'>omnia</span> <span class='ocrx_word' id='word_1_44' title='bbox 1060 761 1140 836; x_wconf 90' lang='lat' dir='ltr'>loca,</span> <span class='ocrx_word' id='word_1_45' title='bbox 1157 779 1226 823; x_wconf 94' lang='lat' dir='ltr'>om-</span> 
     </span>
     <span class='ocr_line' id='line_1_7' title="bbox 122 863 1227 946; baseline 0.003 -21"><span class='ocrx_word' id='word_1_46' title='bbox 122 865 179 927; x_wconf 91' lang='lat' dir='ltr'>nia</span> <span class='ocrx_word' id='word_1_47' title='bbox 195 874 356 946; x_wconf 89' lang='lat' dir='ltr'>tempora,</span> <span class='ocrx_word' id='word_1_48' title='bbox 373 886 489 929; x_wconf 90' lang='lat' dir='ltr'>omnes</span> <span class='ocrx_word' id='word_1_49' title='bbox 505 878 672 930; x_wconf 88' lang='lat' dir='ltr'>creaturas</span> <span class='ocrx_word' id='word_1_50' title='bbox 688 892 694 929; x_wconf 93' lang='lat'>:</span> <span class='ocrx_word' id='word_1_51' title='bbox 720 867 884 930; x_wconf 89' lang='lat' dir='ltr'>“Postula</span> <span class='ocrx_word' id='word_1_52' title='bbox 900 887 919 928; x_wconf 92' lang='lat' dir='ltr'>a</span> <span class='ocrx_word' id='word_1_53' title='bbox 936 885 996 942; x_wconf 88' lang='lat' dir='ltr'>me,</span> <span class='ocrx_word' id='word_1_54' title='bbox 1013 875 1047 928; x_wconf 88' lang='lat' dir='ltr'>et</span> <span class='ocrx_word' id='word_1_55' title='bbox 1063 864 1151 927; x_wconf 91' lang='lat' dir='ltr'>dabo</span> <span class='ocrx_word' id='word_1_56' title='bbox 1167 863 1227 928; x_wconf 88' lang='lat' dir='ltr'>tibi</span> 
     </span>
     <span class='ocr_line' id='line_1_8' title="bbox 122 969 1227 1053; baseline 0.004 -24"><span class='ocrx_word' id='word_1_57' title='bbox 122 978 241 1049; x_wconf 85' lang='lat' dir='ltr'>gentes</span> <span class='ocrx_word' id='word_1_58' title='bbox 265 969 482 1033; x_wconf 82' lang='lat' dir='ltr'>hereditatem</span> <span class='ocrx_word' id='word_1_59' title='bbox 507 980 609 1046; x_wconf 92' lang='lat' dir='ltr'>tuam,</span> <span class='ocrx_word' id='word_1_60' title='bbox 633 981 667 1034; x_wconf 88' lang='lat' dir='ltr'>et</span> <span class='ocrx_word' id='word_1_61' title='bbox 686 972 928 1053; x_wconf 90' lang='lat' dir='ltr'>possessionem</span> <span class='ocrx_word' id='word_1_62' title='bbox 953 979 1044 1031; x_wconf 87' lang='lat' dir='ltr'>tuam</span> <span class='ocrx_word' id='word_1_63' title='bbox 1069 969 1227 1033; x_wconf 91' lang='lat' dir='ltr'>terminos</span> 
     </span>
     <span class='ocr_line' id='line_1_9' title="bbox 124 1073 1167 1156; baseline 0 -22"><span class='ocrx_word' id='word_1_64' title='bbox 124 1081 222 1134; x_wconf 87' lang='lat' dir='ltr'>terrae</span> <span class='ocrx_word' id='word_1_65' title='bbox 235 1073 251 1098; x_wconf 87' lang='lat'>&#39;&#39;</span> <span class='ocrx_word' id='word_1_66' title='bbox 263 1122 270 1135; x_wconf 86' lang='lat'><strong>.</strong></span> <span class='ocrx_word' id='word_1_67' title='bbox 284 1122 310 1134; x_wconf 90' lang='lat'>..</span> <span class='ocrx_word' id='word_1_68' title='bbox 327 1078 389 1136; x_wconf 90' lang='lat' dir='ltr'>“et</span> <span class='ocrx_word' id='word_1_69' title='bbox 414 1076 567 1156; x_wconf 86' lang='lat' dir='ltr'>regnabit</span> <span class='ocrx_word' id='word_1_70' title='bbox 595 1076 627 1137; x_wconf 93' lang='lat' dir='ltr'>in</span> <span class='ocrx_word' id='word_1_71' title='bbox 656 1077 758 1137; x_wconf 93' lang='lat' dir='ltr'>domo</span> <span class='ocrx_word' id='word_1_72' title='bbox 782 1075 887 1156; x_wconf 89' lang='lat' dir='ltr'>Jacob</span> <span class='ocrx_word' id='word_1_73' title='bbox 919 1074 951 1134; x_wconf 93' lang='lat' dir='ltr'>in</span> <span class='ocrx_word' id='word_1_74' title='bbox 978 1083 1139 1135; x_wconf 84' lang='lat' dir='ltr'>aeternum</span> <span class='ocrx_word' id='word_1_75' title='bbox 1152 1073 1167 1097; x_wconf 78' lang='lat'>&#39;⁹</span> 
     </span>
     <span class='ocr_line' id='line_1_10' title="bbox 124 1177 1226 1262; baseline 0 -24"><span class='ocrx_word' id='word_1_76' title='bbox 124 1177 267 1239; x_wconf 90' lang='lat' dir='ltr'>“omnia</span> <span class='ocrx_word' id='word_1_77' title='bbox 290 1177 441 1259; x_wconf 64' lang='lat' dir='ltr'>subjecta</span> <span class='ocrx_word' id='word_1_78' title='bbox 462 1190 539 1242; x_wconf 89' lang='lat' dir='ltr'>sunt</span> <span class='ocrx_word' id='word_1_79' title='bbox 561 1181 590 1241; x_wconf 93' lang='lat' dir='ltr'>ei</span> <span class='ocrx_word' id='word_1_80' title='bbox 602 1180 618 1204; x_wconf 90' lang='lat'>’&#39;</span> <span class='ocrx_word' id='word_1_81' title='bbox 630 1192 651 1242; x_wconf 87' lang='lat'>2.</span> <span class='ocrx_word' id='word_1_82' title='bbox 697 1180 787 1242; x_wconf 93' lang='lat' dir='ltr'>Hinc</span> <span class='ocrx_word' id='word_1_83' title='bbox 809 1179 965 1262; x_wconf 87' lang='lat' dir='ltr'>praeclare</span> <span class='ocrx_word' id='word_1_84' title='bbox 987 1179 1034 1240; x_wconf 86' lang='lat' dir='ltr'>ait</span> <span class='ocrx_word' id='word_1_85' title='bbox 1056 1177 1086 1238; x_wconf 87' lang='grc' dir='ltr'><em>Τ</em></span> <span class='ocrx_word' id='word_1_86' title='bbox 1083 1177 1226 1239; x_wconf 82' lang='lat' dir='ltr'>erlullia-</span> 
     </span>
     <span class='ocr_line' id='line_1_11' title="bbox 125 1281 1228 1364; baseline -0.001 -21"><span class='ocrx_word' id='word_1_87' title='bbox 125 1302 188 1343; x_wconf 83' lang='lat' dir='ltr'>nus</span> <span class='ocrx_word' id='word_1_88' title='bbox 200 1293 215 1336; x_wconf 87' lang='grc'>3</span> <span class='ocrx_word' id='word_1_89' title='bbox 227 1305 238 1344; x_wconf 91' lang='grc'>.·</span> <span class='ocrx_word' id='word_1_90' title='bbox 262 1281 413 1345; x_wconf 89' lang='lat' dir='ltr'>“Christi</span> <span class='ocrx_word' id='word_1_91' title='bbox 430 1293 541 1345; x_wconf 90' lang='lat' dir='ltr'>autem</span> <span class='ocrx_word' id='word_1_92' title='bbox 560 1303 698 1364; x_wconf 88' lang='lat' dir='ltr'>regnum</span> <span class='ocrx_word' id='word_1_93' title='bbox 716 1294 750 1347; x_wconf 88' lang='lat' dir='ltr'>et</span> <span class='ocrx_word' id='word_1_94' title='bbox 766 1302 887 1346; x_wconf 93' lang='lat' dir='ltr'>nomen</span> <span class='ocrx_word' id='word_1_95' title='bbox 904 1282 1027 1364; x_wconf 92' lang='lat' dir='ltr'>ubique</span> <span class='ocrx_word' id='word_1_96' title='bbox 1042 1282 1228 1363; x_wconf 85' lang='lat' dir='ltr'>porrigitur,</span> 
     </span>
     <span class='ocr_line' id='line_1_12' title="bbox 125 1383 1228 1467; baseline 0 -21"><span class='ocrx_word' id='word_1_97' title='bbox 125 1383 168 1446; x_wconf 92' lang='lat' dir='ltr'>ab</span> <span class='ocrx_word' id='word_1_98' title='bbox 206 1385 362 1447; x_wconf 92' lang='lat' dir='ltr'>omnibus</span> <span class='ocrx_word' id='word_1_99' title='bbox 400 1386 556 1466; x_wconf 81' lang='lat' dir='ltr'>gentibus</span> <span class='ocrx_word' id='word_1_100' title='bbox 586 1408 686 1467; x_wconf 92' lang='lat' dir='ltr'>supra</span> <span class='ocrx_word' id='word_1_101' title='bbox 716 1388 918 1451; x_wconf 88' lang='lat' dir='ltr'>enumeratis</span> <span class='ocrx_word' id='word_1_102' title='bbox 949 1386 1076 1462; x_wconf 90' lang='lat' dir='ltr'>colitur,</span> <span class='ocrx_word' id='word_1_103' title='bbox 1107 1385 1228 1466; x_wconf 94' lang='lat' dir='ltr'>ubique</span> 
     </span>
     <span class='ocr_line' id='line_1_13' title="bbox 126 1486 1228 1572; baseline 0.003 -24"><span class='ocrx_word' id='word_1_104' title='bbox 126 1495 252 1567; x_wconf 84' lang='lat' dir='ltr'>regnat,</span> <span class='ocrx_word' id='word_1_105' title='bbox 268 1486 390 1568; x_wconf 92' lang='lat' dir='ltr'>ubique</span> <span class='ocrx_word' id='word_1_106' title='bbox 410 1490 574 1566; x_wconf 88' lang='lat' dir='ltr'>adoratur,</span> <span class='ocrx_word' id='word_1_107' title='bbox 591 1491 746 1553; x_wconf 93' lang='lat' dir='ltr'>omnibus</span> <span class='ocrx_word' id='word_1_108' title='bbox 771 1492 893 1572; x_wconf 92' lang='lat' dir='ltr'>ubique</span> <span class='ocrx_word' id='word_1_109' title='bbox 916 1491 1072 1554; x_wconf 91' lang='lat' dir='ltr'>tribuitur</span> <span class='ocrx_word' id='word_1_110' title='bbox 1094 1489 1228 1570; x_wconf 88' lang='lat' dir='ltr'>aequali·</span> 
     </span>
     <span class='ocr_line' id='line_1_14' title="bbox 127 1593 1228 1674; baseline 0.003 -22"><span class='ocrx_word' id='word_1_111' title='bbox 127 1600 234 1653; x_wconf 90' lang='lat' dir='ltr'>ter...</span> <span class='ocrx_word' id='word_1_112' title='bbox 251 1593 406 1655; x_wconf 90' lang='lat' dir='ltr'>omnibus</span> <span class='ocrx_word' id='word_1_113' title='bbox 430 1594 575 1674; x_wconf 78' lang='lat' dir='ltr'>aequalis,</span> <span class='ocrx_word' id='word_1_114' title='bbox 591 1596 746 1658; x_wconf 91' lang='lat' dir='ltr'>omnibus</span> <span class='ocrx_word' id='word_1_115' title='bbox 770 1616 839 1670; x_wconf 91' lang='lat' dir='ltr'>rex,</span> <span class='ocrx_word' id='word_1_116' title='bbox 855 1595 1011 1657; x_wconf 92' lang='lat' dir='ltr'>omnibus</span> <span class='ocrx_word' id='word_1_117' title='bbox 1026 1594 1142 1674; x_wconf 89' lang='lat' dir='ltr'>judex,</span> <span class='ocrx_word' id='word_1_118' title='bbox 1158 1615 1228 1655; x_wconf 94' lang='lat' dir='ltr'>om-</span> 
     </span>
     <span class='ocr_line' id='line_1_15' title="bbox 127 1696 656 1764; baseline 0.011 -6"><span class='ocrx_word' id='word_1_119' title='bbox 127 1696 225 1759; x_wconf 89' lang='lat' dir='ltr'>nibus</span> <span class='ocrx_word' id='word_1_120' title='bbox 242 1697 334 1759; x_wconf 93' lang='lat' dir='ltr'>Deus</span> <span class='ocrx_word' id='word_1_121' title='bbox 350 1707 384 1759; x_wconf 94' lang='lat' dir='ltr'>et</span> <span class='ocrx_word' id='word_1_122' title='bbox 400 1699 555 1761; x_wconf 90' lang='lat' dir='ltr'>dominus</span> <span class='ocrx_word' id='word_1_123' title='bbox 571 1711 622 1763; x_wconf 91' lang='lat' dir='ltr'>est</span> <span class='ocrx_word' id='word_1_124' title='bbox 632 1702 656 1764; x_wconf 91' lang='lat'>&#39;&#39;.</span> 
     </span>
    </p>

    <p class='ocr_par' dir='ltr' id='par_1_4' title="bbox 126 1798 1230 2277">
     <span class='ocr_line' id='line_1_16' title="bbox 168 1798 1229 1883; baseline 0 -20"><span class='ocrx_word' id='word_1_125' title='bbox 168 1798 229 1881; x_wconf 88' lang='lat' dir='ltr'>(C)</span> <span class='ocrx_word' id='word_1_126' title='bbox 240 1799 409 1883; x_wconf 71' lang='lat' dir='ltr'>adfinem</span> <span class='ocrx_word' id='word_1_127' title='bbox 419 1804 732 1883; x_wconf 74' lang='lat' dir='ltr'>praestantissimum</span> <span class='ocrx_word' id='word_1_128' title='bbox 748 1803 920 1875; x_wconf 82' lang='lat' dir='ltr'>ordinata‚·</span> <span class='ocrx_word' id='word_1_129' title='bbox 936 1804 1016 1865; x_wconf 93' lang='lat' dir='ltr'>dum</span> <span class='ocrx_word' id='word_1_130' title='bbox 1034 1802 1122 1863; x_wconf 90' lang='lat' dir='ltr'>enim</span> <span class='ocrx_word' id='word_1_131' title='bbox 1136 1822 1229 1882; x_wconf 85' lang='lat' dir='ltr'>reges</span> 
     </span>
     <span class='ocr_line' id='line_1_17' title="bbox 126 1903 1228 1989; baseline 0.001 -23"><span class='ocrx_word' id='word_1_132' title='bbox 126 1913 224 1966; x_wconf 85' lang='lat' dir='ltr'>terrae</span> <span class='ocrx_word' id='word_1_133' title='bbox 240 1903 365 1966; x_wconf 92' lang='lat' dir='ltr'>bonum</span> <span class='ocrx_word' id='word_1_134' title='bbox 382 1906 503 1968; x_wconf 92' lang='lat' dir='ltr'>civium</span> <span class='ocrx_word' id='word_1_135' title='bbox 521 1907 704 1989; x_wconf 88' lang='lat' dir='ltr'>temporale</span> <span class='ocrx_word' id='word_1_136' title='bbox 721 1926 779 1988; x_wconf 93' lang='lat' dir='ltr'>per</span> <span class='ocrx_word' id='word_1_137' title='bbox 791 1907 901 1969; x_wconf 89' lang='lat' dir='ltr'>media</span> <span class='ocrx_word' id='word_1_138' title='bbox 915 1903 1106 1986; x_wconf 68' lang='lat' dir='ltr'>imperfedta</span> <span class='ocrx_word' id='word_1_139' title='bbox 1119 1925 1228 1987; x_wconf 91' lang='lat' dir='ltr'>prose-</span> 
     </span>
     <span class='ocr_line' id='line_1_18' title="bbox 126 2007 1229 2091; baseline 0.001 -22"><span class='ocrx_word' id='word_1_140' title='bbox 126 2016 282 2088; x_wconf 86' lang='lat' dir='ltr'>quuntur,</span> <span class='ocrx_word' id='word_1_141' title='bbox 294 2007 444 2072; x_wconf 90' lang='lat' dir='ltr'>Christus</span> <span class='ocrx_word' id='word_1_142' title='bbox 461 2010 502 2071; x_wconf 91' lang='lat' dir='ltr'>ad</span> <span class='ocrx_word' id='word_1_143' title='bbox 520 2009 619 2072; x_wconf 88' lang='lat' dir='ltr'>finem</span> <span class='ocrx_word' id='word_1_144' title='bbox 637 2010 922 2091; x_wconf 89' lang='lat' dir='ltr'>supernaturalem</span> <span class='ocrx_word' id='word_1_145' title='bbox 939 2020 973 2072; x_wconf 90' lang='lat' dir='ltr'>et</span> <span class='ocrx_word' id='word_1_146' title='bbox 989 2009 1229 2072; x_wconf 88' lang='lat' dir='ltr'>beatitudinem</span> 
     </span>
     <span class='ocr_line' id='line_1_19' title="bbox 126 2111 1230 2194; baseline 0.001 -22"><span class='ocrx_word' id='word_1_147' title='bbox 126 2118 287 2173; x_wconf 84' lang='lat' dir='ltr'>aeternam</span> <span class='ocrx_word' id='word_1_148' title='bbox 308 2131 366 2191; x_wconf 91' lang='lat' dir='ltr'>per</span> <span class='ocrx_word' id='word_1_149' title='bbox 390 2113 499 2174; x_wconf 89' lang='lat' dir='ltr'>media</span> <span class='ocrx_word' id='word_1_150' title='bbox 521 2111 761 2194; x_wconf 63' lang='lat' dir='ltr'>perfeetissima</span> <span class='ocrx_word' id='word_1_151' title='bbox 782 2113 932 2176; x_wconf 90' lang='lat' dir='ltr'>subditos</span> <span class='ocrx_word' id='word_1_152' title='bbox 954 2133 1031 2175; x_wconf 91' lang='lat' dir='ltr'>suos</span> <span class='ocrx_word' id='word_1_153' title='bbox 1055 2111 1230 2174; x_wconf 86' lang='lat' dir='ltr'>efficaciter</span> 
     </span>
     <span class='ocr_line' id='line_1_20' title="bbox 126 2214 229 2277; baseline -0.01 0"><span class='ocrx_word' id='word_1_154' title='bbox 126 2214 229 2277; x_wconf 87' lang='lat' dir='ltr'>ducit.</span> 
     </span>
    </p>

    <p class='ocr_par' dir='ltr' id='par_1_5' title="bbox 124 2312 1231 2736">
     <span class='ocr_line' id='line_1_21' title="bbox 161 2312 1230 2388; baseline 0.002 -18"><span class='ocrx_word' id='word_1_155' title='bbox 161 2312 242 2385; x_wconf 83' lang='lat' dir='ltr'>Regi</span> <span class='ocrx_word' id='word_1_156' title='bbox 262 2313 349 2385; x_wconf 83' lang='lat' dir='ltr'>igitur</span> <span class='ocrx_word' id='word_1_157' title='bbox 371 2315 529 2374; x_wconf 89' lang='lat' dir='ltr'>immortali</span> <span class='ocrx_word' id='word_1_158' title='bbox 552 2327 580 2375; x_wconf 91' lang='lat' dir='ltr'>et</span> <span class='ocrx_word' id='word_1_159' title='bbox 603 2317 741 2374; x_wconf 89' lang='lat' dir='ltr'>invisibili</span> <span class='ocrx_word' id='word_1_160' title='bbox 760 2317 853 2373; x_wconf 77' lang='lat' dir='ltr'>honor</span> <span class='ocrx_word' id='word_1_161' title='bbox 869 2323 896 2374; x_wconf 86' lang='lat' dir='ltr'>et</span> <span class='ocrx_word' id='word_1_162' title='bbox 909 2316 1006 2388; x_wconf 83' lang='lat' dir='ltr'>gloria</span> <span class='ocrx_word' id='word_1_163' title='bbox 1014 2337 1028 2383; x_wconf 87' lang='lat'>,·</span> <span class='ocrx_word' id='word_1_164' title='bbox 1048 2333 1131 2386; x_wconf 86' lang='lat' dir='ltr'>reges</span> <span class='ocrx_word' id='word_1_165' title='bbox 1151 2316 1230 2373; x_wconf 91' lang='lat' dir='ltr'>enirn</span> 
     </span>
     <span class='ocr_line' id='line_1_22' title="bbox 124 2402 1231 2476; baseline 0.002 -16"><span class='ocrx_word' id='word_1_166' title='bbox 124 2412 211 2460; x_wconf 87' lang='lat' dir='ltr'>terrae</span> <span class='ocrx_word' id='word_1_167' title='bbox 224 2402 378 2473; x_wconf 76' lang='lat' dir='ltr'>sapientia,</span> <span class='ocrx_word' id='word_1_168' title='bbox 395 2405 776 2476; x_wconf 72' lang='lat' dir='ltr'>potentih,1rragnilicentia</span> <span class='ocrx_word' id='word_1_169' title='bbox 795 2415 823 2462; x_wconf 88' lang='lat' dir='ltr'>et</span> <span class='ocrx_word' id='word_1_170' title='bbox 843 2404 976 2462; x_wconf 88' lang='lat' dir='ltr'>bonitate</span> <span class='ocrx_word' id='word_1_171' title='bbox 996 2403 1080 2462; x_wconf 85' lang='lat' dir='ltr'>facile</span> <span class='ocrx_word' id='word_1_172' title='bbox 1094 2415 1231 2476; x_wconf 84' lang='lat' dir='ltr'>superat;</span> 
     </span>
     <span class='ocr_line' id='line_1_23' title="bbox 124 2487 1230 2564; baseline 0.001 -17"><span class='ocrx_word' id='word_1_173' title='bbox 124 2489 226 2548; x_wconf 90' lang='lat' dir='ltr'>eidem</span> <span class='ocrx_word' id='word_1_174' title='bbox 238 2487 403 2559; x_wconf 84' lang='lat' dir='ltr'>obedientia,</span> <span class='ocrx_word' id='word_1_175' title='bbox 416 2500 445 2548; x_wconf 93' lang='lat' dir='ltr'>et</span> <span class='ocrx_word' id='word_1_176' title='bbox 463 2492 588 2562; x_wconf 90' lang='lat' dir='ltr'>quidem</span> <span class='ocrx_word' id='word_1_177' title='bbox 608 2492 745 2549; x_wconf 85' lang='lat' dir='ltr'>absoluta</span> <span class='ocrx_word' id='word_1_178' title='bbox 765 2501 927 2564; x_wconf 90' lang='lat' dir='ltr'>praestetur‚</span> <span class='ocrx_word' id='word_1_179' title='bbox 941 2508 1034 2562; x_wconf 92' lang='lat' dir='ltr'>quum</span> <span class='ocrx_word' id='word_1_180' title='bbox 1054 2501 1230 2562; x_wconf 87' lang='lat' dir='ltr'>potestatem</span> 
     </span>
     <span class='ocr_line' id='line_1_24' title="bbox 125 2575 1231 2650; baseline 0.002 -16"><span class='ocrx_word' id='word_1_181' title='bbox 125 2575 237 2634; x_wconf 91' lang='lat' dir='ltr'>habeat</span> <span class='ocrx_word' id='word_1_182' title='bbox 259 2594 319 2634; x_wconf 91' lang='lat' dir='ltr'>non</span> <span class='ocrx_word' id='word_1_183' title='bbox 341 2578 438 2634; x_wconf 90' lang='lat' dir='ltr'>solum</span> <span class='ocrx_word' id='word_1_184' title='bbox 460 2596 549 2649; x_wconf 87' lang='lat' dir='ltr'>super</span> <span class='ocrx_word' id='word_1_185' title='bbox 568 2596 693 2650; x_wconf 87' lang='lat' dir='ltr'>corpora</span> <span class='ocrx_word' id='word_1_186' title='bbox 714 2579 766 2636; x_wconf 92' lang='lat' dir='ltr'>sed</span> <span class='ocrx_word' id='word_1_187' title='bbox 789 2579 878 2635; x_wconf 91' lang='lat' dir='ltr'>etiam</span> <span class='ocrx_word' id='word_1_188' title='bbox 901 2595 989 2649; x_wconf 90' lang='lat' dir='ltr'>super</span> <span class='ocrx_word' id='word_1_189' title='bbox 1011 2578 1144 2650; x_wconf 86' lang='lat' dir='ltr'>animas;</span> <span class='ocrx_word' id='word_1_190' title='bbox 1170 2579 1231 2636; x_wconf 90' lang='lat' dir='ltr'>imo</span> 
     </span>
     <span class='ocr_line' id='line_1_25' title="bbox 124 2663 1231 2736; baseline 0.005 -20"><span class='ocrx_word' id='word_1_191' title='bbox 124 2679 211 2718; x_wconf 83' lang='lat' dir='ltr'>amor</span> <span class='ocrx_word' id='word_1_192' title='bbox 222 2663 248 2720; x_wconf 91' lang='lat' dir='ltr'>ei</span> <span class='ocrx_word' id='word_1_193' title='bbox 262 2663 411 2730; x_wconf 84' lang='lat' dir='ltr'>reddatur,</span> <span class='ocrx_word' id='word_1_194' title='bbox 428 2683 495 2722; x_wconf 88' lang='lat' dir='ltr'>narn</span> <span class='ocrx_word' id='word_1_195' title='bbox 511 2683 634 2736; x_wconf 77' lang='lat' dir='ltr'>regnum</span> <span class='ocrx_word' id='word_1_196' title='bbox 655 2666 717 2735; x_wconf 90' lang='lat' dir='ltr'>ejus</span> <span class='ocrx_word' id='word_1_197' title='bbox 736 2683 860 2735; x_wconf 84' lang='lat' dir='ltr'>regnum</span> <span class='ocrx_word' id='word_1_198' title='bbox 875 2663 1043 2721; x_wconf 70' lang='lat' dir='ltr'>dileetionis</span> <span class='ocrx_word' id='word_1_199' title='bbox 1057 2674 1109 2734; x_wconf 85' lang='lat' dir='ltr'>est,</span> <span class='ocrx_word' id='word_1_200' title='bbox 1126 2675 1155 2722; x_wconf 90' lang='lat' dir='ltr'>et</span> <span class='ocrx_word' id='word_1_201' title='bbox 1168 2665 1231 2736; x_wconf 91' lang='lat' dir='ltr'>ipse</span> 
     </span>
    </p>
   </div>
   <div class='ocr_carea' id='block_1_3' title="bbox 125 2748 1227 2824">
    <p class='ocr_par' dir='ltr' id='par_1_6' title="bbox 125 2748 1227 2824">
     <span class='ocr_line' id='line_1_26' title="bbox 125 2748 1227 2824; baseline 0.003 -19"><span class='ocrx_word' id='word_1_202' title='bbox 125 2748 216 2807; x_wconf 91' lang='lat' dir='ltr'>nobis</span> <span class='ocrx_word' id='word_1_203' title='bbox 229 2751 337 2808; x_wconf 88' lang='lat' dir='ltr'>amoris</span> <span class='ocrx_word' id='word_1_204' title='bbox 347 2753 517 2824; x_wconf 89' lang='lat' dir='ltr'>exemplum</span> <span class='ocrx_word' id='word_1_205' title='bbox 531 2753 677 2824; x_wconf 79' lang='lat' dir='ltr'>praebuit3</span> <span class='ocrx_word' id='word_1_206' title='bbox 696 2770 764 2808; x_wconf 89' lang='lat' dir='ltr'>nam</span> <span class='ocrx_word' id='word_1_207' title='bbox 782 2754 839 2808; x_wconf 90' lang='lat' dir='ltr'>“se</span> <span class='ocrx_word' id='word_1_208' title='bbox 859 2769 983 2808; x_wconf 89' lang='lat' dir='ltr'>nascens</span> <span class='ocrx_word' id='word_1_209' title='bbox 1002 2751 1086 2809; x_wconf 91' lang='lat' dir='ltr'>dedit</span> <span class='ocrx_word' id='word_1_210' title='bbox 1104 2753 1227 2822; x_wconf 89' lang='lat' dir='ltr'>socium,</span> 
     </span>
    </p>
   </div>
   <div class='ocr_carea' id='block_1_4' title="bbox 125 2838 1231 2996">
    <p class='ocr_par' dir='ltr' id='par_1_7' title="bbox 125 2838 1231 2996">
     <span class='ocr_line' id='line_1_27' title="bbox 125 2838 1231 2911; baseline 0.001 -17"><span class='ocrx_word' id='word_1_211' title='bbox 125 2854 311 2895; x_wconf 87' lang='lat' dir='ltr'>convescens</span> <span class='ocrx_word' id='word_1_212' title='bbox 330 2838 361 2896; x_wconf 91' lang='lat' dir='ltr'>in</span> <span class='ocrx_word' id='word_1_213' title='bbox 380 2839 524 2907; x_wconf 90' lang='lat' dir='ltr'>edulium,</span> <span class='ocrx_word' id='word_1_214' title='bbox 539 2858 570 2898; x_wconf 92' lang='lat' dir='ltr'>se</span> <span class='ocrx_word' id='word_1_215' title='bbox 584 2840 713 2898; x_wconf 87' lang='lat' dir='ltr'>moriens</span> <span class='ocrx_word' id='word_1_216' title='bbox 733 2839 762 2896; x_wconf 91' lang='lat' dir='ltr'>in</span> <span class='ocrx_word' id='word_1_217' title='bbox 783 2839 919 2911; x_wconf 90' lang='lat' dir='ltr'>pretium,</span> <span class='ocrx_word' id='word_1_218' title='bbox 935 2856 966 2897; x_wconf 90' lang='lat' dir='ltr'>se</span> <span class='ocrx_word' id='word_1_219' title='bbox 986 2857 1112 2910; x_wconf 82' lang='lat' dir='ltr'>regnans</span> <span class='ocrx_word' id='word_1_220' title='bbox 1131 2841 1182 2896; x_wconf 88' lang='lat' dir='ltr'>dat</span> <span class='ocrx_word' id='word_1_221' title='bbox 1201 2841 1231 2895; x_wconf 92' lang='lat' dir='ltr'>in</span> 
     </span>
     <span class='ocr_line' id='line_1_28' title="bbox 127 2923 319 2996; baseline 0.016 -17"><span class='ocrx_word' id='word_1_222' title='bbox 127 2923 285 2996; x_wconf 80' lang='lat' dir='ltr'>praemium</span> <span class='ocrx_word' id='word_1_223' title='bbox 296 2924 319 2982; x_wconf 77' lang='lat'>²².</span> 
     </span>
    </p>
   </div>
   <div class='ocr_carea' id='block_1_5' title="bbox 256 3073 1107 3155">
    <p class='ocr_par' dir='ltr' id='par_1_8' title="bbox 256 3073 1107 3155">
     <span class='ocr_line' id='line_1_29' title="bbox 256 3073 1107 3155; baseline 0.002 -17"><span class='ocrx_word' id='word_1_224' title='bbox 256 3083 325 3138; x_wconf 89' lang='lat'>111.</span> <span class='ocrx_word' id='word_1_225' title='bbox 352 3084 407 3142; x_wconf 88' lang='lat' dir='ltr'>De</span> <span class='ocrx_word' id='word_1_226' title='bbox 431 3082 589 3142; x_wconf 84' lang='lat' dir='ltr'>Christo</span> <span class='ocrx_word' id='word_1_227' title='bbox 614 3074 806 3155; x_wconf 78' lang='lat' dir='ltr'>Propheta</span> <span class='ocrx_word' id='word_1_228' title='bbox 829 3086 866 3140; x_wconf 86' lang='lat' dir='ltr'>et</span> <span class='ocrx_word' id='word_1_229' title='bbox 892 3073 1107 3152; x_wconf 81' lang='lat' dir='ltr'>Magistro⁴.</span> 
     </span>
    </p>
   </div>
   <div class='ocr_carea' id='block_1_6' title="bbox 118 3221 1232 3612">
    <p class='ocr_par' dir='ltr' id='par_1_9' title="bbox 118 3221 1232 3612">
     <span class='ocr_line' id='line_1_30' title="bbox 170 3221 1232 3304; baseline 0.001 -21"><span class='ocrx_word' id='word_1_230' title='bbox 170 3234 242 3299; x_wconf 85' lang='lat'><strong>240.</strong></span> <span class='ocrx_word' id='word_1_231' title='bbox 290 3221 464 3304; x_wconf 85' lang='lat' dir='ltr'>Prophetae</span> <span class='ocrx_word' id='word_1_232' title='bbox 489 3223 617 3303; x_wconf 90' lang='lat' dir='ltr'>antiqui</span> <span class='ocrx_word' id='word_1_233' title='bbox 641 3243 707 3284; x_wconf 92' lang='lat' dir='ltr'>non</span> <span class='ocrx_word' id='word_1_234' title='bbox 728 3222 835 3283; x_wconf 90' lang='lat' dir='ltr'>solum</span> <span class='ocrx_word' id='word_1_235' title='bbox 857 3221 966 3285; x_wconf 88' lang='lat' dir='ltr'>sutura</span> <span class='ocrx_word' id='word_1_236' title='bbox 990 3221 1232 3284; x_wconf 88' lang='lat' dir='ltr'>annuntiabant</span> 
     </span>
     <span class='ocr_line' id='line_1_31' title="bbox 128 3323 1231 3407; baseline -0.001 -20"><span class='ocrx_word' id='word_1_237' title='bbox 128 3323 301 3388; x_wconf 90' lang='lat' dir='ltr'>sedetiam</span> <span class='ocrx_word' id='word_1_238' title='bbox 314 3325 365 3407; x_wconf 88' lang='lat' dir='ltr'>(a)</span> <span class='ocrx_word' id='word_1_239' title='bbox 378 3325 570 3390; x_wconf 90' lang='lat' dir='ltr'>resdivinas</span> <span class='ocrx_word' id='word_1_240' title='bbox 587 3325 754 3388; x_wconf 91' lang='lat' dir='ltr'>docebant</span> <span class='ocrx_word' id='word_1_241' title='bbox 768 3347 774 3400; x_wconf 91' lang='lat'>;</span> <span class='ocrx_word' id='word_1_242' title='bbox 798 3324 849 3405; x_wconf 88' lang='lat' dir='ltr'>(b)</span> <span class='ocrx_word' id='word_1_243' title='bbox 867 3325 948 3406; x_wconf 83' lang='lat' dir='ltr'>legis</span> <span class='ocrx_word' id='word_1_244' title='bbox 964 3325 1231 3387; x_wconf 87' lang='lat' dir='ltr'>observationem</span> 
     </span>
     <span class='ocr_line' id='line_1_32' title="bbox 118 3425 1231 3511; baseline -0.004 -18"><span class='ocrx_word' id='word_1_245' title='bbox 118 3437 162 3505; x_wconf 62' lang='lat' dir='ltr'>at</span> <span class='ocrx_word' id='word_1_246' title='bbox 177 3427 305 3491; x_wconf 85' lang='lat' dir='ltr'>cultum</span> <span class='ocrx_word' id='word_1_247' title='bbox 321 3429 471 3491; x_wconf 86' lang='lat' dir='ltr'>divinum</span> <span class='ocrx_word' id='word_1_248' title='bbox 489 3429 732 3511; x_wconf 88' lang='lat' dir='ltr'>promovebant</span> <span class='ocrx_word' id='word_1_249' title='bbox 748 3450 755 3504; x_wconf 89' lang='lat'>;</span> <span class='ocrx_word' id='word_1_250' title='bbox 779 3427 827 3507; x_wconf 84' lang='lat' dir='ltr'>(c)</span> <span class='ocrx_word' id='word_1_251' title='bbox 851 3425 1036 3489; x_wconf 65' lang='lat' dir='ltr'>doetrinam</span> <span class='ocrx_word' id='word_1_252' title='bbox 1054 3448 1147 3489; x_wconf 88' lang='lat' dir='ltr'>suam</span> <span class='ocrx_word' id='word_1_253' title='bbox 1166 3449 1231 3489; x_wconf 91' lang='lat' dir='ltr'>non</span> 
     </span>
     <span class='ocr_line' id='line_1_33' title="bbox 128 3528 1231 3612; baseline -0.005 -19"><span class='ocrx_word' id='word_1_254' title='bbox 128 3529 237 3611; x_wconf 88' lang='lat' dir='ltr'>solum</span> <span class='ocrx_word' id='word_1_255' title='bbox 260 3530 434 3612; x_wconf 62' lang='lat' dir='ltr'>exemplis</span> <span class='ocrx_word' id='word_1_256' title='bbox 452 3533 508 3592; x_wconf 90' lang='lat' dir='ltr'>sed</span> <span class='ocrx_word' id='word_1_257' title='bbox 534 3531 699 3592; x_wconf 88' lang='lat' dir='ltr'>miraculis</span> <span class='ocrx_word' id='word_1_258' title='bbox 722 3541 756 3592; x_wconf 90' lang='lat' dir='ltr'>et</span> <span class='ocrx_word' id='word_1_259' title='bbox 776 3531 939 3594; x_wconf 88' lang='lat' dir='ltr'>vaticiniis</span> <span class='ocrx_word' id='word_1_260' title='bbox 957 3528 1199 3593; x_wconf 89' lang='lat' dir='ltr'>confirmabant</span> <span class='ocrx_word' id='word_1_261' title='bbox 1212 3541 1231 3607; x_wconf 44' lang='lat'>5·</span> 
     </span>
    </p>
   </div>
   <div class='ocr_carea' id='block_1_7' title="bbox 126 3752 1332 4374">
    <p class='ocr_par' dir='ltr' id='par_1_10' title="bbox 127 3752 1233 3915">
     <span class='ocr_line' id='line_1_34' title="bbox 163 3752 1233 3822; baseline 0.002 -18"><span class='ocrx_word' id='word_1_262' title='bbox 163 3752 244 3822; x_wconf 84' lang='lat' dir='ltr'>¹Joa.</span> <span class='ocrx_word' id='word_1_263' title='bbox 260 3752 295 3820; x_wconf 88' lang='lat' dir='ltr'>V,</span> <span class='ocrx_word' id='word_1_264' title='bbox 312 3767 361 3817; x_wconf 69' lang='lat'>225</span> <span class='ocrx_word' id='word_1_265' title='bbox 380 3752 441 3806; x_wconf 75' lang='lat' dir='ltr'>Ali.</span> <span class='ocrx_word' id='word_1_266' title='bbox 457 3753 493 3815; x_wconf 90' lang='lat' dir='ltr'>X,</span> <span class='ocrx_word' id='word_1_267' title='bbox 510 3769 558 3816; x_wconf 76' lang='lat'>42;</span> <span class='ocrx_word' id='word_1_268' title='bbox 579 3753 613 3808; x_wconf 84' lang='lat' dir='ltr'>cs.</span> <span class='ocrx_word' id='word_1_269' title='bbox 633 3755 729 3820; x_wconf 86' lang='lat' dir='ltr'>XVII,</span> <span class='ocrx_word' id='word_1_270' title='bbox 744 3767 785 3819; x_wconf 83' lang='lat'>31.</span> <span class='ocrx_word' id='word_1_271' title='bbox 802 3783 834 3790; x_wconf 96' lang='lat'><strong>—</strong></span> <span class='ocrx_word' id='word_1_272' title='bbox 854 3755 922 3807; x_wconf 75' lang='lat' dir='ltr'><em>2Ps.</em></span> <span class='ocrx_word' id='word_1_273' title='bbox 947 3754 985 3819; x_wconf 88' lang='lat' dir='ltr'>ll,</span> <span class='ocrx_word' id='word_1_274' title='bbox 1005 3755 1035 3818; x_wconf 86' lang='lat'>8;</span> <span class='ocrx_word' id='word_1_275' title='bbox 1055 3754 1120 3808; x_wconf 84' lang='lat' dir='ltr'>Luc.</span> <span class='ocrx_word' id='word_1_276' title='bbox 1144 3756 1166 3817; x_wconf 91' lang='lat' dir='ltr'>l,</span> <span class='ocrx_word' id='word_1_277' title='bbox 1189 3767 1233 3820; x_wconf 86' lang='lat'>32;</span> 
     </span>
     <span class='ocr_line' id='line_1_35' title="bbox 127 3838 836 3915; baseline 0.003 -21"><span class='ocrx_word' id='word_1_278' title='bbox 127 3841 148 3893; x_wconf 92' lang='lat' dir='ltr'><em>I</em></span> <span class='ocrx_word' id='word_1_279' title='bbox 157 3840 221 3894; x_wconf 89' lang='lat' dir='ltr'>Cor.</span> <span class='ocrx_word' id='word_1_280' title='bbox 237 3839 301 3902; x_wconf 93' lang='lat' dir='ltr'>XV,</span> <span class='ocrx_word' id='word_1_281' title='bbox 317 3852 359 3915; x_wconf 78' lang='lat'>27.</span> <span class='ocrx_word' id='word_1_282' title='bbox 375 3838 432 3877; x_wconf 71' lang='lat' dir='ltr'>-l</span> <span class='ocrx_word' id='word_1_283' title='bbox 447 3839 506 3892; x_wconf 93' lang='lat' dir='ltr'>Lib.</span> <span class='ocrx_word' id='word_1_284' title='bbox 521 3851 619 3892; x_wconf 84' lang='lat' dir='ltr'>contra</span> <span class='ocrx_word' id='word_1_285' title='bbox 632 3841 756 3908; x_wconf 84' lang='lat' dir='ltr'>Judaeos,</span> <span class='ocrx_word' id='word_1_286' title='bbox 772 3859 795 3894; x_wconf 93' lang='lat' dir='ltr'>c.</span> <span class='ocrx_word' id='word_1_287' title='bbox 812 3855 836 3906; x_wconf 88' lang='lat'>7.</span> 
     </span>
    </p>

    <p class='ocr_par' dir='ltr' id='par_1_11' title="bbox 128 3927 1233 4084">
     <span class='ocr_line' id='line_1_36' title="bbox 162 3927 1233 3998; baseline -0.002 -15"><span class='ocrx_word' id='word_1_288' title='bbox 162 3927 243 3983; x_wconf 84' lang='lat' dir='ltr'>⁴Cir.</span> <span class='ocrx_word' id='word_1_289' title='bbox 263 3929 295 3982; x_wconf 87' lang='lat' dir='ltr'>S.</span> <span class='ocrx_word' id='word_1_290' title='bbox 315 3927 411 3981; x_wconf 76' lang='lat' dir='ltr'>Thom.</span> <span class='ocrx_word' id='word_1_291' title='bbox 434 3944 460 3995; x_wconf 93' lang='lat' dir='ltr'>q.</span> <span class='ocrx_word' id='word_1_292' title='bbox 482 3942 535 3993; x_wconf 80' lang='lat'>42;</span> <span class='ocrx_word' id='word_1_293' title='bbox 556 3929 673 3991; x_wconf 76' lang='lat' dir='ltr'>Suarez,</span> <span class='ocrx_word' id='word_1_294' title='bbox 690 3929 725 3982; x_wconf 91' lang='lat' dir='ltr'>de</span> <span class='ocrx_word' id='word_1_295' title='bbox 745 3929 886 3998; x_wconf 87' lang='lat' dir='ltr'>Mysteriis</span> <span class='ocrx_word' id='word_1_296' title='bbox 908 3928 1021 3992; x_wconf 87' lang='lat' dir='ltr'>Christi,</span> <span class='ocrx_word' id='word_1_297' title='bbox 1043 3929 1114 3997; x_wconf 86' lang='lat' dir='ltr'>disp.</span> <span class='ocrx_word' id='word_1_298' title='bbox 1138 3930 1233 3994; x_wconf 86' lang='grc' dir='ltr'><strong>ΧΧΧ;</strong></span> 
     </span>
     <span class='ocr_line' id='line_1_37' title="bbox 128 4013 999 4084; baseline 0 -15"><span class='ocrx_word' id='word_1_299' title='bbox 128 4015 275 4084; x_wconf 78' lang='lat' dir='ltr'>Stentrup‚</span> <span class='ocrx_word' id='word_1_300' title='bbox 290 4013 418 4068; x_wconf 89' lang='lat' dir='ltr'>Soteriol.</span> <span class='ocrx_word' id='word_1_301' title='bbox 433 4015 472 4067; x_wconf 91' lang='lat' dir='ltr'>th.</span> <span class='ocrx_word' id='word_1_302' title='bbox 492 4015 541 4066; x_wconf 86' lang='lat'>126</span> <span class='ocrx_word' id='word_1_303' title='bbox 555 4033 596 4084; x_wconf 89' lang='lat' dir='ltr'>sq.</span> <span class='ocrx_word' id='word_1_304' title='bbox 619 4018 766 4079; x_wconf 65' lang='lat' dir='ltr'>Petamus,</span> <span class='ocrx_word' id='word_1_305' title='bbox 782 4016 799 4068; x_wconf 87' lang='lat' dir='ltr'>l.</span> <span class='ocrx_word' id='word_1_306' title='bbox 819 4018 856 4082; x_wconf 91' lang='grc' dir='ltr'>ΙΙ,</span> <span class='ocrx_word' id='word_1_307' title='bbox 871 4033 894 4069; x_wconf 93' lang='lat' dir='ltr'>c.</span> <span class='ocrx_word' id='word_1_308' title='bbox 913 4032 999 4069; x_wconf 86' lang='lat'>10·11.</span> 
     </span>
    </p>

    <p class='ocr_par' dir='ltr' id='par_1_12' title="bbox 126 4102 1332 4374">
     <span class='ocr_line' id='line_1_38' title="bbox 162 4102 1234 4174; baseline -0.003 -17"><span class='ocrx_word' id='word_1_309' title='bbox 162 4105 173 4137; x_wconf 79' lang='lat'><em>⁶</em></span> <span class='ocrx_word' id='word_1_310' title='bbox 185 4102 271 4174; x_wconf 90' lang='lat' dir='ltr'>Apud</span> <span class='ocrx_word' id='word_1_311' title='bbox 282 4104 397 4172; x_wconf 84' lang='lat' dir='ltr'>Judaeos</span> <span class='ocrx_word' id='word_1_312' title='bbox 410 4104 549 4173; x_wconf 86' lang='lat' dir='ltr'>propheta</span> <span class='ocrx_word' id='word_1_313' title='bbox 563 4104 716 4156; x_wconf 87' lang='lat' dir='ltr'>vocabatur</span> <span class='ocrx_word' id='word_1_314' title='bbox 729 4103 816 4156; x_wconf 81' lang='lat' dir='ltr'>nahbr&#39;</span> <span class='ocrx_word' id='word_1_315' title='bbox 827 4121 844 4155; x_wconf 92' lang='lat' dir='ltr'>a</span> <span class='ocrx_word' id='word_1_316' title='bbox 856 4104 943 4156; x_wconf 88' lang='lat' dir='ltr'>verbo</span> <span class='ocrx_word' id='word_1_317' title='bbox 956 4102 1056 4169; x_wconf 71' lang='lat' dir='ltr'>nablia,</span> <span class='ocrx_word' id='word_1_318' title='bbox 1071 4103 1146 4171; x_wconf 93' lang='lat' dir='ltr'>quod</span> <span class='ocrx_word' id='word_1_319' title='bbox 1160 4102 1234 4156; x_wconf 92' lang='lat' dir='ltr'>idern</span> 
     </span>
     <span class='ocr_line' id='line_1_39' title="bbox 127 4190 1235 4260; baseline -0.005 -12"><span class='ocrx_word' id='word_1_320' title='bbox 127 4202 209 4248; x_wconf 89' lang='lat' dir='ltr'>sonat</span> <span class='ocrx_word' id='word_1_321' title='bbox 231 4208 265 4246; x_wconf 90' lang='lat' dir='ltr'>ac</span> <span class='ocrx_word' id='word_1_322' title='bbox 286 4194 466 4256; x_wconf 81' lang='lat' dir='ltr'>annuntiare,</span> <span class='ocrx_word' id='word_1_323' title='bbox 484 4191 615 4260; x_wconf 76' lang='lat' dir='ltr'>proferre</span> <span class='ocrx_word' id='word_1_324' title='bbox 637 4207 796 4245; x_wconf 89' lang='lat' dir='ltr'>sermonem</span> <span class='ocrx_word' id='word_1_325' title='bbox 818 4190 892 4254; x_wconf 87' lang='lat' dir='ltr'>Dei;</span> <span class='ocrx_word' id='word_1_326' title='bbox 918 4191 961 4244; x_wconf 92' lang='lat' dir='ltr'>vel</span> <span class='ocrx_word' id='word_1_327' title='bbox 984 4190 1070 4245; x_wconf 87' lang='lat' dir='ltr'>etiarn</span> <span class='ocrx_word' id='word_1_328' title='bbox 1091 4190 1156 4242; x_wconf 82' lang='lat' dir='ltr'>roelr</span> <span class='ocrx_word' id='word_1_329' title='bbox 1178 4191 1235 4242; x_wconf 92' lang='lat' dir='ltr'>and</span> 
     </span>
     <span class='ocr_line' id='line_1_40' title="bbox 126 4277 1332 4374; baseline -0.009 -39"><span class='ocrx_word' id='word_1_330' title='bbox 126 4279 234 4343; x_wconf 70' lang='lat' dir='ltr'>choreb,</span> <span class='ocrx_word' id='word_1_331' title='bbox 247 4278 264 4332; x_wconf 87' lang='lat' dir='ltr'>i.</span> <span class='ocrx_word' id='word_1_332' title='bbox 277 4295 301 4332; x_wconf 84' lang='lat' dir='ltr'>e.</span> <span class='ocrx_word' id='word_1_333' title='bbox 314 4278 417 4344; x_wconf 65' lang='lat' dir='ltr'>wiltun</span> <span class='ocrx_word' id='word_1_334' title='bbox 429 4277 493 4347; x_wconf 88' lang='lat' dir='ltr'>quia</span> <span class='ocrx_word' id='word_1_335' title='bbox 506 4279 647 4347; x_wconf 87' lang='lat' dir='ltr'>propheta</span> <span class='ocrx_word' id='word_1_336' title='bbox 659 4297 703 4334; x_wconf 89' lang='lat' dir='ltr'>res</span> <span class='ocrx_word' id='word_1_337' title='bbox 715 4278 828 4335; x_wconf 84' lang='lat' dir='ltr'>divinas</span> <span class='ocrx_word' id='word_1_338' title='bbox 838 4279 959 4334; x_wconf 79' lang='lat' dir='ltr'>videbat</span> <span class='ocrx_word' id='word_1_339' title='bbox 966 4289 1000 4333; x_wconf 85' lang='lat' dir='ltr'>ut</span> <span class='ocrx_word' id='word_1_340' title='bbox 1009 4277 1130 4332; x_wconf 73' lang='lat' dir='ltr'>easdem</span> <span class='ocrx_word' id='word_1_341' title='bbox 1139 4290 1255 4328; x_wconf 72' lang='lat' dir='ltr'>annun·</span> <span class='ocrx_word' id='word_1_342' title='bbox 1315 4320 1332 4374; x_wconf 55' lang='grc' dir='ltr'><strong><em>Δ</em></strong></span> 
     </span>
    </p>
   </div>
   <div class='ocr_carea' id='block_1_8' title="bbox 233 4391 489 4452">
    <p class='ocr_par' dir='ltr' id='par_1_13' title="bbox 233 4391 489 4452">
     <span class='ocr_line' id='line_1_41' title="bbox 233 4391 489 4452; baseline 0.016 -17"><span class='ocrx_word' id='word_1_343' title='bbox 233 4391 361 4436; x_wconf 76' lang='lat' dir='ltr'>Sruorsrs</span> <span class='ocrx_word' id='word_1_344' title='bbox 373 4394 402 4438; x_wconf 86' lang='lat' dir='ltr'>ll.</span> <span class='ocrx_word' id='word_1_345' title='bbox 419 4420 441 4425; x_wconf 97' lang='lat'>—</span> <span class='ocrx_word' id='word_1_346' title='bbox 458 4397 489 4452; x_wconf 81' lang='lat'>36</span> 
     </span>
    </p>
   </div>
   <div class='ocr_carea' id='block_1_9' title="bbox 0 0 1356 4634">
    <p class='ocr_par' dir='ltr' id='par_1_14' title="bbox 0 0 1356 4634">
     <span class='ocr_line' id='line_1_42' title="bbox 0 0 1356 4634; baseline 0 0"><span class='ocrx_word' id='word_1_347' title='bbox 0 0 1356 4634; x_wconf 95' lang='lat' dir='ltr'> </span> 
     </span>
    </p>
   </div>
  </div>
 </body>
</html>
