2684 4634
119 172 182 221 258
293 191 295 195 ’
570 166 709 218 CAPUT
726 165 767 216 11.

117 350 190 423 quid
209 348 343 417 caveatis,
364 346 438 419 quid
464 343 600 403 timeatis.
648 340 819 399 Membrum
840 339 1017 412 praesectum
1034 341 1078 400 de
1096 359 1207 419 corpore

118 435 250 492 humano
259 451 319 490 non
330 430 594 504 sequitur-animus,
607 427 649 484 sic
660 444 715 483 nec
726 425 851 498 Spiritus
862 426 889 484 S.
904 428 1039 500 sequitur
1052 430 1208 488 membrum

118 523 156 580 de
174 521 528 591 Ecclesiaamputatum5
554 517 576 574 si
595 532 665 586 ergo
684 513 771 571 vultis
790 514 886 571 vivere
905 515 943 573 de
957 515 1071 588 Spiritu
1085 516 1123 586 S.,
1135 523 1210 573 tenete

117 603 273 677 c'arr'tatem,
291 613 386 663 aniate
405 605 562 683 veritatem,
583 602 739 684 desiderate
757 600 904 672 unitatem,
922 612 954 660 ut
974 603 1160 680 perveniatis,
1178 605 1210 662 ad

118 694 345 752 aeternitatem’'.
785 697 788 703 ’

156 811 209 866 17²·
249 801 299 870 (D)
310 800 353 857 Ut
367 797 505 856 invisibili
519 797 683 856 divinarum
697 807 890 867 personarum
904 795 1049 855 missione
1062 798 1117 856 frui
1128 790 1212 856 valea-

119 905 195 958 mus,
210 888 273 944 haec
283 882 474 944 attendamus
490 905 496 944 ε
520 886 539 912 “
549 895 620 942 tunc
634 882 818 941 invisibiliter
830 885 868 942 ad
882 902 935 941 nos
947 882 1078 943 mittitur
1096 878 1213 957 Spiritus

119 979 159 1041 S.‚
175 994 243 1033 cum
263 975 377 1032 mundo
397 974 546 1044 morimur,
563 990 622 1029 non
643 971 828 1042 separatione
847 972 978 1044 corporis
991 971 1030 1030 ab
1043 973 1213 1044 animassed

118 1060 225 1118 affectu
239 1078 255 1116 a
269 1059 391 1125 saecul0;
411 1077 479 1115 curn
494 1057 593 1116 odisse
606 1059 765 1130 incipimus
778 1077 846 1131 quae
859 1060 990 1118 mundus
1003 1071 1118 1119 amat...
1126 1083 1133 1130 ;
1152 1079 1213 1120 cum

119 1166 179 1205 non
191 1147 362 1206 ‚desinimus
381 1145 512 1203 coelestia
531 1145 618 1216 sitire,
636 1158 665 1205 et
678 1147 809 1204 humana
821 1148 951 1206 fastidire
1000 1169 1008 1220 3
1027 1168 1098 1207 curn
1113 1149 1214 1207 utimur

119 1236 177 1292 hoc
197 1236 310 1293 mundo
329 1245 481 1306 tamquam
502 1252 562 1290 non
583 1244 708 1307 utentes,
722 1244 751 1292 et
771 1247 870 1294 nostra
882 1237 1070 1295 conversatio
1089 1237 1119 1294 in
1139 1237 1213 1294 coelis

119 1323 207 1380 est²'1.

512 1476 516 1484 Ι
565 1396 770 1460 Sci-rotroni.

238 1548 243 1561 x
263 1508 395 1588 Regula
410 1508 456 1568 ad
469 1510 550 1571 relic
564 1509 755 1589 loquendum
770 1511 808 1572 de
826 1510 853 1573 S
856 1510 890 1574 S.
904 1512 934 1573 T
932 1513 1077 1579 rinr'tate.

165 1662 228 1730 173.
281 1659 311 1706 ιο
338 1646 467 1726 Regula
494 1646 657 1726 generalis
684 1656 734 1710 est
765 1647 857 1709 illum
896 1648 1055 1730 loquendi
1084 1649 1214 1712 modum

120 1751 346 1813 adhibendum
371 1763 443 1812 esse
461 1762 567 1830 'quem
595 1751 765 1832 Scriptura
787 1751 839 1813 vel
865 1753 1015 1821 Ecclesia
1032 1737 1214 1817 sancivit:

121 1856 229 1935 agitur
245 1855 332 1916 enim
350 1854 392 1915 de
409 1853 567 1934 mysterio
585 1852 738 1916 humana
756 1855 875 1918 rationi
891 1840 1061 1939 impervio
1109 1859 1215 1941 Quum

121 1971 232 2022 autern
250 1959 444 2040 mysterium
462 1957 680 2019 essentialiter
697 1959 728 2019 in
746 1959 871 2024 unitate
885 1970 1012 2023 natura>
1026 1972 1060 2024 et
1069 1966 1216 2042 persona·

122 2085 195 2126 rum
222 2063 424 2125 distinetione
446 2063 546 2123 situm
571 2063 622 2137 sit,
638 2082 677 2122 ea
701 2063 813 2125 omnia
835 2063 930 2127 vitari
954 2064 1080 2129 debent
1102 2064 1217 2145 quibus

121 2177 273 2230 utrumve
289 2166 412 2247 dogma
428 2165 575 2227 laedatur.

130 2350 133 2355 ,
174 2304 238 2372 174.
285 2302 320 2349 20
349 2287 495 2348 Nomina
516 2285 869 2362 substantivadirette
890 2281 1119 2370 exprimentia
1142 2277 1218 2353 divi·

122 2414 199 2455 nam
223 2392 411 2467 essentiam,
426 2391 477 2452 vel
495 2381 654 2453 attributa
676 2388 838 2467 absoluta,
853 2391 1002 2454 adhiberi
1022 2394 1150 2456 debent
1165 2414 1218 2454 nu·

123 2519 213 2579 moro
236 2496 403 2577 singulari,
427 2516 492 2557 non
517 2504 629 2557 autern
654 2495 780 2576 plurali.
828 2496 917 2574 Nam
940 2496 1053 2558 divina
1080 2497 1219 2561 essentia

122 2612 173 2665 est
195 2622 269 2677 una,
295 2601 416 2680 pariter
442 2599 602 2661 attributa
629 2597 782 2661 absoluta
809 2587 875 2661 non
903 2600 1169 2680 multiplicantur
1190 2601 1218 2662 in

124 2708 214 2784 Dco;
245 2726 272 2765 v.
289 2725 320 2784 g.
336 2704 400 2765 dici
417 2702 518 2764 debet
536 2725 542 2763 :
577 2722 663 2763 unus
686 2710 736 2763 est
754 2701 856 2777 Deus,
872 2722 956 2790 unus
972 2712 1111 2779 creator,
1128 2703 1220 2766 unica

122 2794 390 2890 omnipotentia}
417 2816 449 2868 et
473 2805 537 2867 dici
554 2805 669 2885 nequit
687 2828 694 2867 ε
727 2814 792 2867 tres
809 2815 887 2868 sunt
903 2807 965 2880 dei,
981 2816 1142 2870 tres‘sunt
1156 2806 1219 2869 dei-

123 2924 208 2976 tates
224 2923 283 2974 ete.

168 3050 232 3117 175.
281 3051 315 3115 30
326 3017 472 3097 Nomina
482 3036 652 3117 «tartaria,
663 3056 738 3116 quae
754 3036 1030 3118 direiiepersouas
1045 3039 1221 3120 designant

124 3153 156 3203 et
173 3138 332 3202 indirecte
349 3150 479 3201 tanturn
498 3151 660 3214 naturam,
678 3160 815 3203 nurnero
832 3141 949 3222 plurali
966 3144 1134 3205 enuntiari
1150 3163 1220 3224 pos·

123 3254 209 3305 sunt.
263 3244 362 3305 Ratio
379 3252 429 3305 est
445 3244 523 3323 quia
540 3243 595 3304 illa
619 3243 755 3304 nomina
781 3243 963 3307 referuntur
986 3246 1028 3307 ad
1056 3266 1221 3327 personas,

126 3347 231 3426 Atqui
249 3346 359 3428 plures
376 3356 453 3409 sunt
470 3365 628 3426 personae.
676 3346 840 3426 Ergodici
853 3345 990 3410 debetv.
1004 3367 1033 3428 g.
1048 3369 1055 3412 :
1071 3357 1139 3410 tres
1150 3358 1223 3410 sunt

125 3471 275 3531 personae
310 3461 452 3524 aeternae,
479 3450 734 3529 omnipotentes,
787 3451 1005 3514 Inveniuntur
1030 3453 1169 3532 quidem
1192 3452 1221 3513 in

125 3554 278 3634 symbolo
295 3555 526 3615 Atlnrnasinno
548 3552 600 3613 hae
617 3553 850 3632 expressiones
868 3577 875 3616 :
907 3559 923 3585 “
934 3574 1000 3617 non
1018 3564 1085 3617 tres
1101 3556 1223 3629 aeterni‚

125 3656 183 3717 sed
200 3677 284 3718 unus
301 3667 443 3739 aeternus
454 3659 478 3732 '',
488 3656 545 3717 sed
560 3656 603 3717 ibi
615 3666 754 3718 eternus
764 3658 906 3720 sumitur
916 3639 1089 3740 tamquam
1103 3679 1222 3722 nomen

125 3759 379 3834 substantivum,
393 3760 439 3821 ita
454 3768 491 3821 ut
507 3780 621 3820 seusus
637 3760 679 3821 sit
695 3783 700 3821 :
724 3748 789 3822 una
806 3770 856 3823 est
868 3747 993 3824 'aeterna
1011 3772 1139 3825 natura.

166 3884 235 3962 176.
279 3898 315 3962 40
336 3885 507 3947 Vocabula
529 3887 677 3960 relation,
697 3908 772 3968 quae
794 3888 988 3968 exprimunt
1014 3889 1224 3969 operationes

127 3986 274 4064 proprias
294 4006 507 4064 personarum
532 3996 565 4048 et
584 4008 696 4048 earum
721 3989 907 4064 relationeS,
924 3990 966 4051 de
990 3988 1137 4052 essentia
1160 4008 1223 4051 non

126 4089 248 4150 ilcbeut
265 4091 444 4169 praedicari,
462 4092 518 4151 sed
537 4091 644 4152 solum
661 4092 703 4152 dc
720 4093 879 4173 personis,
895 4093 946 4155 vel
962 4092 1004 4154 de
1021 4093 1115 4171 Deo;
1150 4115 1178 4156 vs
1197 4113 1224 4173 g.

161 4292 167 4315 ¹
181 4283 341 4350 (ammirari,
352 4291 400 4353 op.
416 4289 460 4340 cit.
476 4287 542 4342 diss.
561 4290 583 4341 V
588 4291 610 4343 1.
624 4307 646 4342 c.
665 4305 687 4355 2,
705 4308 778 4359 spec.
794 4308 817 4356 2,
832 4290 924 4348 reflex.
