<?xml version="1.0" encoding="UTF-8"?>
<!DOCTYPE html PUBLIC "-//W3C//DTD XHTML 1.0 Transitional//EN"
    "http://www.w3.org/TR/xhtml1/DTD/xhtml1-transitional.dtd">
<html xmlns="http://www.w3.org/1999/xhtml" xml:lang="en" lang="en">
 <head>
  <title>
</title>
<meta http-equiv="Content-Type" content="text/html;charset=utf-8" />
  <meta name='ocr-system' content='tesseract 3.04.00' />
  <meta name='ocr-capabilities' content='ocr_page ocr_carea ocr_par ocr_line ocrx_word'/>
</head>
<body>
  <div class='ocr_page' id='page_1' title='image "./synopsistheolog00tanqgoog_0052.png"; bbox 0 0 2684 4634; ppageno 0'>
   <div class='ocr_carea' id='block_1_1' title="bbox 473 139 1223 197">
    <p class='ocr_par' dir='ltr' id='par_1_1' title="bbox 473 139 1223 197">
     <span class='ocr_line' id='line_1_1' title="bbox 473 139 1223 197; baseline 0.011 -11"><span class='ocrx_word' id='word_1_1' title='bbox 473 139 730 192; x_wconf 84' lang='lat' dir='ltr'>DE-OBJECTO</span> <span class='ocrx_word' id='word_1_2' title='bbox 748 142 877 192; x_wconf 83' lang='lat' dir='ltr'>FIDEI.</span> <span class='ocrx_word' id='word_1_3' title='bbox 1186 146 1223 197; x_wconf 81' lang='lat'>31</span> 
     </span>
    </p>
   </div>
   <div class='ocr_carea' id='block_1_2' title="bbox 1090 261 1223 269">
    <p class='ocr_par' dir='ltr' id='par_1_2' title="bbox 1090 261 1223 269">
     <span class='ocr_line' id='line_1_2' title="bbox 1090 261 1223 269; baseline 0 -2"><span class='ocrx_word' id='word_1_4' title='bbox 1090 261 1223 269; x_wconf 75' lang='lat'>——-—</span> 
     </span>
    </p>
   </div>
   <div class='ocr_carea' id='block_1_3' title="bbox 116 319 1225 3088">
    <p class='ocr_par' dir='ltr' id='par_1_3' title="bbox 116 319 1225 2362">
     <span class='ocr_line' id='line_1_3' title="bbox 120 319 1224 403; baseline 0.006 -22"><span class='ocrx_word' id='word_1_5' title='bbox 120 319 196 381; x_wconf 86' lang='lat' dir='ltr'>circa</span> <span class='ocrx_word' id='word_1_6' title='bbox 211 327 390 401; x_wconf 85' lang='lat' dir='ltr'>praecepta</span> <span class='ocrx_word' id='word_1_7' title='bbox 406 320 558 400; x_wconf 88' lang='lat' dir='ltr'>positiva,</span> <span class='ocrx_word' id='word_1_8' title='bbox 576 321 698 385; x_wconf 83' lang='lat' dir='ltr'>Christi</span> <span class='ocrx_word' id='word_1_9' title='bbox 717 325 928 403; x_wconf 73' lang='lat' dir='ltr'>praesentiam</span> <span class='ocrx_word' id='word_1_10' title='bbox 947 323 1067 386; x_wconf 89' lang='lat' dir='ltr'>realem</span> <span class='ocrx_word' id='word_1_11' title='bbox 1093 325 1124 385; x_wconf 92' lang='lat' dir='ltr'>in</span> <span class='ocrx_word' id='word_1_12' title='bbox 1152 326 1224 388; x_wconf 89' lang='lat' dir='ltr'>Eu-</span> 
     </span>
     <span class='ocr_line' id='line_1_4' title="bbox 119 423 1225 506; baseline 0.005 -22"><span class='ocrx_word' id='word_1_13' title='bbox 119 423 282 500; x_wconf 72' lang='lat' dir='ltr'>charistia,</span> <span class='ocrx_word' id='word_1_14' title='bbox 299 433 516 505; x_wconf 90' lang='lat' dir='ltr'>peccatorum</span> <span class='ocrx_word' id='word_1_15' title='bbox 534 425 786 502; x_wconf 87' lang='lat' dir='ltr'>confessionem,</span> <span class='ocrx_word' id='word_1_16' title='bbox 805 426 964 488; x_wconf 83' lang='lat' dir='ltr'>Ecclesiae</span> <span class='ocrx_word' id='word_1_17' title='bbox 981 426 1225 506; x_wconf 67' lang='lat' dir='ltr'>autioritatem,</span> 
     </span>
     <span class='ocr_line' id='line_1_5' title="bbox 118 525 1223 610; baseline 0.005 -22"><span class='ocrx_word' id='word_1_18' title='bbox 118 525 248 602; x_wconf 86' lang='lat' dir='ltr'>cultum,</span> <span class='ocrx_word' id='word_1_19' title='bbox 267 525 441 604; x_wconf 88' lang='lat' dir='ltr'>sacrificia,</span> <span class='ocrx_word' id='word_1_20' title='bbox 458 537 528 604; x_wconf 80' lang='lat' dir='ltr'>etc,</span> <span class='ocrx_word' id='word_1_21' title='bbox 545 530 603 590; x_wconf 91' lang='lat' dir='ltr'>sed</span> <span class='ocrx_word' id='word_1_22' title='bbox 620 530 721 590; x_wconf 89' lang='lat' dir='ltr'>etiam</span> <span class='ocrx_word' id='word_1_23' title='bbox 735 530 821 591; x_wconf 92' lang='lat' dir='ltr'>circa</span> <span class='ocrx_word' id='word_1_24' title='bbox 835 531 992 610; x_wconf 91' lang='lat' dir='ltr'>mysteria</span> <span class='ocrx_word' id='word_1_25' title='bbox 1007 529 1065 594; x_wconf 88' lang='lat' dir='ltr'>SS.</span> <span class='ocrx_word' id='word_1_26' title='bbox 1080 531 1223 594; x_wconf 87' lang='lat' dir='ltr'>Trinita-</span> 
     </span>
     <span class='ocr_line' id='line_1_6' title="bbox 117 630 1223 715; baseline 0.004 -23"><span class='ocrx_word' id='word_1_27' title='bbox 117 630 153 692; x_wconf 89' lang='lat' dir='ltr'>tis</span> <span class='ocrx_word' id='word_1_28' title='bbox 181 640 216 692; x_wconf 90' lang='lat' dir='ltr'>et</span> <span class='ocrx_word' id='word_1_29' title='bbox 252 630 520 707; x_wconf 83' lang='lat' dir='ltr'>Incarnationis;</span> <span class='ocrx_word' id='word_1_30' title='bbox 546 632 719 712; x_wconf 26' lang='lat' dir='ltr'>‘quidquid</span> <span class='ocrx_word' id='word_1_31' title='bbox 751 634 839 694; x_wconf 93' lang='lat' dir='ltr'>enim</span> <span class='ocrx_word' id='word_1_32' title='bbox 872 633 1001 695; x_wconf 89' lang='lat' dir='ltr'>dicatur</span> <span class='ocrx_word' id='word_1_33' title='bbox 1027 633 1069 695; x_wconf 91' lang='lat' dir='ltr'>ab</span> <span class='ocrx_word' id='word_1_34' title='bbox 1096 634 1223 715; x_wconf 83' lang='lat' dir='ltr'>aliquot</span> 
     </span>
     <span class='ocr_line' id='line_1_7' title="bbox 116 734 1223 814; baseline 0.005 -18"><span class='ocrx_word' id='word_1_35' title='bbox 116 734 309 814; x_wconf 79' lang='lat' dir='ltr'>TheologiS,</span> <span class='ocrx_word' id='word_1_36' title='bbox 335 735 529 814; x_wconf 85' lang='lat' dir='ltr'>mysterium</span> <span class='ocrx_word' id='word_1_37' title='bbox 555 735 614 799; x_wconf 88' lang='lat' dir='ltr'>SS.</span> <span class='ocrx_word' id='word_1_38' title='bbox 639 736 812 798; x_wconf 85' lang='lat' dir='ltr'>Trinitatis</span> <span class='ocrx_word' id='word_1_39' title='bbox 837 757 902 798; x_wconf 94' lang='lat' dir='ltr'>non</span> <span class='ocrx_word' id='word_1_40' title='bbox 936 737 996 799; x_wconf 87' lang='lat' dir='ltr'>fuit</span> <span class='ocrx_word' id='word_1_41' title='bbox 1023 737 1223 801; x_wconf 88' lang='lat' dir='ltr'>sufficienter</span> 
     </span>
     <span class='ocr_line' id='line_1_8' title="bbox 117 836 1222 922; baseline 0.005 -24"><span class='ocrx_word' id='word_1_42' title='bbox 117 837 302 900; x_wconf 87' lang='lat' dir='ltr'>revelatum</span> <span class='ocrx_word' id='word_1_43' title='bbox 322 837 355 897; x_wconf 93' lang='lat' dir='ltr'>in</span> <span class='ocrx_word' id='word_1_44' title='bbox 374 836 413 898; x_wconf 82' lang='lat' dir='ltr'>A.</span> <span class='ocrx_word' id='word_1_45' title='bbox 433 837 531 918; x_wconf 87' lang='lat' dir='ltr'><strong>Lege,</strong></span> <span class='ocrx_word' id='word_1_46' title='bbox 549 838 595 899; x_wconf 87' lang='lat' dir='ltr'>ita</span> <span class='ocrx_word' id='word_1_47' title='bbox 612 847 648 900; x_wconf 92' lang='lat' dir='ltr'>ut</span> <span class='ocrx_word' id='word_1_48' title='bbox 664 849 752 901; x_wconf 89' lang='lat' dir='ltr'>esset</span> <span class='ocrx_word' id='word_1_49' title='bbox 768 837 936 919; x_wconf 66' lang='lat' dir='ltr'>objeeium</span> <span class='ocrx_word' id='word_1_50' title='bbox 954 839 1030 920; x_wconf 76' lang='lat' dir='ltr'>fidei</span> <span class='ocrx_word' id='word_1_51' title='bbox 1048 861 1107 921; x_wconf 92' lang='lat' dir='ltr'>pro</span> <span class='ocrx_word' id='word_1_52' title='bbox 1123 852 1222 922; x_wconf 86' lang='lat' dir='ltr'>gente</span> 
     </span>
     <span class='ocr_line' id='line_1_9' title="bbox 116 939 1222 1025; baseline 0.005 -25"><span class='ocrx_word' id='word_1_53' title='bbox 116 939 287 1019; x_wconf 71' lang='lat' dir='ltr'>hebraica;</span> <span class='ocrx_word' id='word_1_54' title='bbox 313 939 597 1002; x_wconf 80' lang='lat' dir='ltr'>demonstrabitur</span> <span class='ocrx_word' id='word_1_55' title='bbox 621 941 652 1001; x_wconf 94' lang='lat' dir='ltr'>in</span> <span class='ocrx_word' id='word_1_56' title='bbox 683 941 713 1002; x_wconf 78' lang='lat' dir='ltr'><em>T</em></span> <span class='ocrx_word' id='word_1_57' title='bbox 711 962 737 1005; x_wconf 83' lang='lat' dir='ltr'>r.</span> <span class='ocrx_word' id='word_1_58' title='bbox 760 942 799 1003; x_wconf 84' lang='lat' dir='ltr'>de</span> <span class='ocrx_word' id='word_1_59' title='bbox 827 942 990 1004; x_wconf 81' lang='lat' dir='ltr'>Trz&#39;nz&#39;tate</span> <span class='ocrx_word' id='word_1_60' title='bbox 1020 943 1063 1023; x_wconf 88' lang='lat' dir='ltr'>(n.</span> <span class='ocrx_word' id='word_1_61' title='bbox 1093 961 1134 1022; x_wconf 89' lang='lat'>29</span> <span class='ocrx_word' id='word_1_62' title='bbox 1161 944 1222 1025; x_wconf 83' lang='lat' dir='ltr'>sq.)</span> 
     </span>
     <span class='ocr_line' id='line_1_10' title="bbox 118 1041 1220 1126; baseline 0.003 -22"><span class='ocrx_word' id='word_1_63' title='bbox 118 1043 317 1123; x_wconf 87' lang='lat' dir='ltr'>mysterium</span> <span class='ocrx_word' id='word_1_64' title='bbox 334 1041 415 1104; x_wconf 92' lang='lat' dir='ltr'>illud</span> <span class='ocrx_word' id='word_1_65' title='bbox 431 1041 475 1125; x_wconf 83' lang='lat' dir='ltr'>ab</span> <span class='ocrx_word' id='word_1_66' title='bbox 493 1042 586 1104; x_wconf 92' lang='lat' dir='ltr'>initio</span> <span class='ocrx_word' id='word_1_67' title='bbox 599 1043 801 1106; x_wconf 92' lang='lat' dir='ltr'>insinuatum</span> <span class='ocrx_word' id='word_1_68' title='bbox 815 1045 949 1126; x_wconf 91' lang='lat' dir='ltr'>quidem</span> <span class='ocrx_word' id='word_1_69' title='bbox 965 1045 1071 1121; x_wconf 83' lang='lat' dir='ltr'>luisse,</span> <span class='ocrx_word' id='word_1_70' title='bbox 1084 1048 1141 1108; x_wconf 88' lang='lat' dir='ltr'>sed</span> <span class='ocrx_word' id='word_1_71' title='bbox 1156 1068 1220 1107; x_wconf 93' lang='lat' dir='ltr'>non</span> 
     </span>
     <span class='ocr_line' id='line_1_11' title="bbox 117 1140 1220 1229; baseline 0.005 -23"><span class='ocrx_word' id='word_1_72' title='bbox 117 1146 208 1226; x_wconf 89' lang='lat' dir='ltr'><strong>plene</strong></span> <span class='ocrx_word' id='word_1_73' title='bbox 227 1144 427 1222; x_wconf 78' lang='lat' dir='ltr'>revelatum,</span> <span class='ocrx_word' id='word_1_74' title='bbox 442 1155 476 1207; x_wconf 94' lang='lat' dir='ltr'>et</span> <span class='ocrx_word' id='word_1_75' title='bbox 500 1147 631 1208; x_wconf 89' lang='lat' dir='ltr'>nonnisi</span> <span class='ocrx_word' id='word_1_76' title='bbox 656 1149 838 1209; x_wconf 86' lang='lat' dir='ltr'>successive</span> <span class='ocrx_word' id='word_1_77' title='bbox 862 1148 981 1210; x_wconf 90' lang='lat' dir='ltr'>realem</span> <span class='ocrx_word' id='word_1_78' title='bbox 1007 1140 1220 1229; x_wconf 87' lang='lat' dir='ltr'>personarum</span> 
     </span>
     <span class='ocr_line' id='line_1_12' title="bbox 119 1248 1221 1336; baseline 0.003 -25"><span class='ocrx_word' id='word_1_79' title='bbox 119 1248 370 1313; x_wconf 70' lang='lat' dir='ltr'>distinctionem</span> <span class='ocrx_word' id='word_1_80' title='bbox 397 1258 429 1310; x_wconf 89' lang='lat' dir='ltr'>et</span> <span class='ocrx_word' id='word_1_81' title='bbox 457 1250 696 1336; x_wconf 8' lang='lat' dir='ltr'>aequalitatem*</span> <span class='ocrx_word' id='word_1_82' title='bbox 716 1250 816 1312; x_wconf 84' lang='lat' dir='ltr'>luisse</span> <span class='ocrx_word' id='word_1_83' title='bbox 848 1251 1084 1315; x_wconf 86' lang='lat' dir='ltr'>manifestatas.</span> <span class='ocrx_word' id='word_1_84' title='bbox 1132 1253 1221 1314; x_wconf 92' lang='lat' dir='ltr'>Hinc</span> 
     </span>
     <span class='ocr_line' id='line_1_13' title="bbox 119 1351 1220 1434; baseline 0.004 -21"><span class='ocrx_word' id='word_1_85' title='bbox 119 1351 200 1416; x_wconf 67' lang='lat' dir='ltr'>reite</span> <span class='ocrx_word' id='word_1_86' title='bbox 227 1354 277 1414; x_wconf 89' lang='lat' dir='ltr'>ait</span> <span class='ocrx_word' id='word_1_87' title='bbox 306 1352 340 1414; x_wconf 76' lang='lat'>5.</span> <span class='ocrx_word' id='word_1_88' title='bbox 370 1352 510 1414; x_wconf 70' lang='lat' dir='ltr'>Thomas</span> <span class='ocrx_word' id='word_1_89' title='bbox 536 1355 580 1433; x_wconf 73' lang='grc' dir='ltr'>(2ίι</span> <span class='ocrx_word' id='word_1_90' title='bbox 605 1361 654 1430; x_wconf 75' lang='lat'>2²³⁰,</span> <span class='ocrx_word' id='word_1_91' title='bbox 678 1374 707 1433; x_wconf 91' lang='lat' dir='ltr'>q.</span> <span class='ocrx_word' id='word_1_92' title='bbox 736 1369 804 1431; x_wconf 85' lang='lat'>174,</span> <span class='ocrx_word' id='word_1_93' title='bbox 828 1374 854 1415; x_wconf 90' lang='lat' dir='ltr'>a.</span> <span class='ocrx_word' id='word_1_94' title='bbox 879 1355 935 1434; x_wconf 82' lang='lat'>6):</span> <span class='ocrx_word' id='word_1_95' title='bbox 959 1355 1086 1416; x_wconf 89' lang='lat' dir='ltr'>“Fides</span> <span class='ocrx_word' id='word_1_96' title='bbox 1110 1365 1220 1417; x_wconf 87' lang='lat' dir='ltr'>autem</span> 
     </span>
     <span class='ocr_line' id='line_1_14' title="bbox 120 1447 1220 1539; baseline 0.003 -21"><span class='ocrx_word' id='word_1_97' title='bbox 120 1468 229 1520; x_wconf 88' lang='lat' dir='ltr'>nostra</span> <span class='ocrx_word' id='word_1_98' title='bbox 248 1459 282 1519; x_wconf 93' lang='lat' dir='ltr'>in</span> <span class='ocrx_word' id='word_1_99' title='bbox 301 1456 431 1518; x_wconf 92' lang='lat' dir='ltr'>duobus</span> <span class='ocrx_word' id='word_1_100' title='bbox 456 1447 680 1537; x_wconf 85' lang='lat' dir='ltr'>principaliter</span> <span class='ocrx_word' id='word_1_101' title='bbox 703 1458 873 1519; x_wconf 89' lang='lat' dir='ltr'>consistit:</span> <span class='ocrx_word' id='word_1_102' title='bbox 898 1459 1005 1539; x_wconf 92' lang='lat' dir='ltr'>primo</span> <span class='ocrx_word' id='word_1_103' title='bbox 1029 1460 1163 1539; x_wconf 90' lang='lat' dir='ltr'>quidem</span> <span class='ocrx_word' id='word_1_104' title='bbox 1189 1461 1220 1521; x_wconf 94' lang='lat' dir='ltr'>in</span> 
     </span>
     <span class='ocr_line' id='line_1_15' title="bbox 119 1560 1219 1641; baseline 0.002 -19"><span class='ocrx_word' id='word_1_105' title='bbox 119 1564 189 1623; x_wconf 72' lang='lat' dir='ltr'>verri</span> <span class='ocrx_word' id='word_1_106' title='bbox 208 1560 277 1622; x_wconf 91' lang='lat' dir='ltr'>Dei</span> <span class='ocrx_word' id='word_1_107' title='bbox 296 1560 520 1639; x_wconf 84' lang='lat' dir='ltr'>cognitione...</span> <span class='ocrx_word' id='word_1_108' title='bbox 538 1560 684 1622; x_wconf 90' lang='lat' dir='ltr'>secundo</span> <span class='ocrx_word' id='word_1_109' title='bbox 708 1561 740 1620; x_wconf 93' lang='lat' dir='ltr'>in</span> <span class='ocrx_word' id='word_1_110' title='bbox 767 1563 925 1641; x_wconf 89' lang='lat' dir='ltr'>mysterio</span> <span class='ocrx_word' id='word_1_111' title='bbox 944 1563 1219 1625; x_wconf 78' lang='lat' dir='ltr'>lncarnationis...</span> 
     </span>
     <span class='ocr_line' id='line_1_16' title="bbox 120 1662 1220 1745; baseline 0.001 -20"><span class='ocrx_word' id='word_1_112' title='bbox 120 1664 151 1726; x_wconf 90' lang='lat' dir='ltr'>Si</span> <span class='ocrx_word' id='word_1_113' title='bbox 173 1683 259 1743; x_wconf 89' lang='lat' dir='ltr'>ergo</span> <span class='ocrx_word' id='word_1_114' title='bbox 285 1664 327 1724; x_wconf 92' lang='lat' dir='ltr'>de</span> <span class='ocrx_word' id='word_1_115' title='bbox 352 1662 525 1743; x_wconf 77' lang='lat' dir='ltr'>prophetia</span> <span class='ocrx_word' id='word_1_116' title='bbox 549 1662 778 1743; x_wconf 82' lang='lat' dir='ltr'>(revelatione)</span> <span class='ocrx_word' id='word_1_117' title='bbox 803 1664 986 1743; x_wconf 83' lang='lat' dir='ltr'>loquamur,</span> <span class='ocrx_word' id='word_1_118' title='bbox 1004 1665 1035 1725; x_wconf 92' lang='lat' dir='ltr'>in</span> <span class='ocrx_word' id='word_1_119' title='bbox 1060 1675 1220 1745; x_wconf 89' lang='lat' dir='ltr'>quantum</span> 
     </span>
     <span class='ocr_line' id='line_1_17' title="bbox 119 1765 1220 1848; baseline 0 -20"><span class='ocrx_word' id='word_1_120' title='bbox 119 1768 295 1828; x_wconf 89' lang='lat' dir='ltr'>ordinatur</span> <span class='ocrx_word' id='word_1_121' title='bbox 310 1767 352 1826; x_wconf 90' lang='lat' dir='ltr'>ad</span> <span class='ocrx_word' id='word_1_122' title='bbox 370 1765 469 1827; x_wconf 89' lang='lat' dir='ltr'>fidem</span> <span class='ocrx_word' id='word_1_123' title='bbox 486 1766 628 1837; x_wconf 77' lang='lat' dir='ltr'>deitatis</span> <span class='ocrx_word' id='word_1_124' title='bbox 641 1768 687 1828; x_wconf 90' lang='lat' dir='ltr'>sic</span> <span class='ocrx_word' id='word_1_125' title='bbox 700 1768 834 1848; x_wconf 90' lang='lat' dir='ltr'>quidem</span> <span class='ocrx_word' id='word_1_126' title='bbox 848 1767 949 1828; x_wconf 91' lang='lat' dir='ltr'>crevit</span> <span class='ocrx_word' id='word_1_127' title='bbox 960 1768 1140 1829; x_wconf 87' lang='lat' dir='ltr'>secundum</span> <span class='ocrx_word' id='word_1_128' title='bbox 1155 1778 1220 1830; x_wconf 89' lang='lat' dir='ltr'>tres</span> 
     </span>
     <span class='ocr_line' id='line_1_18' title="bbox 120 1867 1219 1952; baseline 0 -21"><span class='ocrx_word' id='word_1_129' title='bbox 120 1879 310 1952; x_wconf 89' lang='lat' dir='ltr'>temporum</span> <span class='ocrx_word' id='word_1_130' title='bbox 328 1867 567 1932; x_wconf 68' lang='lat' dir='ltr'>distindtiones</span> <span class='ocrx_word' id='word_1_131' title='bbox 615 1869 702 1931; x_wconf 90' lang='lat' dir='ltr'>Nam</span> <span class='ocrx_word' id='word_1_132' title='bbox 719 1880 794 1932; x_wconf 78' lang='lat' dir='ltr'>ante</span> <span class='ocrx_word' id='word_1_133' title='bbox 808 1871 915 1950; x_wconf 79' lang='lat' dir='ltr'>legem,</span> <span class='ocrx_word' id='word_1_134' title='bbox 928 1869 1098 1931; x_wconf 87' lang='lat' dir='ltr'>Abraham</span> <span class='ocrx_word' id='word_1_135' title='bbox 1116 1871 1219 1933; x_wconf 89' lang='lat' dir='ltr'>etalii</span> 
     </span>
     <span class='ocr_line' id='line_1_19' title="bbox 120 1967 1218 2054; baseline 0.001 -20"><span class='ocrx_word' id='word_1_136' title='bbox 120 1984 229 2054; x_wconf 89' lang='lat' dir='ltr'>patres</span> <span class='ocrx_word' id='word_1_137' title='bbox 254 1971 450 2053; x_wconf 88' lang='lat' dir='ltr'>prophetice</span> <span class='ocrx_word' id='word_1_138' title='bbox 474 1983 551 2034; x_wconf 88' lang='lat' dir='ltr'>sunt</span> <span class='ocrx_word' id='word_1_139' title='bbox 575 1970 724 2034; x_wconf 66' lang='lat' dir='ltr'>instrudii</span> <span class='ocrx_word' id='word_1_140' title='bbox 748 1974 790 2034; x_wconf 90' lang='lat' dir='ltr'>de</span> <span class='ocrx_word' id='word_1_141' title='bbox 814 1972 864 2034; x_wconf 87' lang='lat' dir='ltr'>his</span> <span class='ocrx_word' id='word_1_142' title='bbox 888 1993 962 2052; x_wconf 87' lang='lat' dir='ltr'>quae</span> <span class='ocrx_word' id='word_1_143' title='bbox 987 1967 1154 2054; x_wconf 81' lang='lat' dir='ltr'>pertinent</span> <span class='ocrx_word' id='word_1_144' title='bbox 1177 1975 1218 2035; x_wconf 94' lang='lat' dir='ltr'>ad</span> 
     </span>
     <span class='ocr_line' id='line_1_20' title="bbox 121 2073 1218 2156; baseline 0.001 -20"><span class='ocrx_word' id='word_1_145' title='bbox 121 2075 219 2138; x_wconf 86' lang='lat' dir='ltr'>fidem</span> <span class='ocrx_word' id='word_1_146' title='bbox 245 2075 395 2153; x_wconf 88' lang='lat' dir='ltr'>deitatis;</span> <span class='ocrx_word' id='word_1_147' title='bbox 418 2075 476 2137; x_wconf 84' lang='lat' dir='ltr'>sub</span> <span class='ocrx_word' id='word_1_148' title='bbox 499 2074 563 2156; x_wconf 80' lang='lat' dir='ltr'>lege</span> <span class='ocrx_word' id='word_1_149' title='bbox 587 2073 673 2138; x_wconf 69' lang='lat' dir='ltr'>satia</span> <span class='ocrx_word' id='word_1_150' title='bbox 704 2086 753 2137; x_wconf 88' lang='lat' dir='ltr'>est</span> <span class='ocrx_word' id='word_1_151' title='bbox 780 2075 969 2139; x_wconf 84' lang='lat' dir='ltr'>revelatio...</span> <span class='ocrx_word' id='word_1_152' title='bbox 1002 2077 1218 2139; x_wconf 89' lang='lat' dir='ltr'>excellentius</span> 
     </span>
     <span class='ocr_line' id='line_1_21' title="bbox 120 2175 1219 2260; baseline 0 -20"><span class='ocrx_word' id='word_1_153' title='bbox 120 2198 219 2257; x_wconf 91' lang='lat' dir='ltr'>quam</span> <span class='ocrx_word' id='word_1_154' title='bbox 237 2185 342 2239; x_wconf 89' lang='lat' dir='ltr'>ante...</span> <span class='ocrx_word' id='word_1_155' title='bbox 362 2179 579 2239; x_wconf 92' lang='lat' dir='ltr'>Postmodum</span> <span class='ocrx_word' id='word_1_156' title='bbox 595 2198 674 2240; x_wconf 90' lang='lat' dir='ltr'>vero</span> <span class='ocrx_word' id='word_1_157' title='bbox 690 2175 828 2259; x_wconf 67' lang='lat' dir='ltr'>tempore</span> <span class='ocrx_word' id='word_1_158' title='bbox 836 2179 957 2259; x_wconf 65' lang='lat' dir='ltr'>gratie</span> <span class='ocrx_word' id='word_1_159' title='bbox 973 2179 1015 2241; x_wconf 86' lang='lat' dir='ltr'>ab</span> <span class='ocrx_word' id='word_1_160' title='bbox 1038 2180 1110 2260; x_wconf 92' lang='lat' dir='ltr'>ipso</span> <span class='ocrx_word' id='word_1_161' title='bbox 1135 2180 1219 2241; x_wconf 91' lang='lat' dir='ltr'>Filio</span> 
     </span>
     <span class='ocr_line' id='line_1_22' title="bbox 121 2280 967 2362; baseline 0 -19"><span class='ocrx_word' id='word_1_162' title='bbox 121 2282 181 2343; x_wconf 91' lang='lat' dir='ltr'>Dei</span> <span class='ocrx_word' id='word_1_163' title='bbox 201 2280 384 2343; x_wconf 86' lang='lat' dir='ltr'>revelatum</span> <span class='ocrx_word' id='word_1_164' title='bbox 402 2291 451 2344; x_wconf 89' lang='lat' dir='ltr'>est</span> <span class='ocrx_word' id='word_1_165' title='bbox 469 2283 662 2362; x_wconf 89' lang='lat' dir='ltr'>mysterium</span> <span class='ocrx_word' id='word_1_166' title='bbox 681 2282 739 2346; x_wconf 88' lang='lat' dir='ltr'>SS.</span> <span class='ocrx_word' id='word_1_167' title='bbox 758 2283 967 2345; x_wconf 87' lang='lat' dir='ltr'>Trinitatis.&#39;’</span> 
     </span>
    </p>

    <p class='ocr_par' dir='ltr' id='par_1_4' title="bbox 118 2383 1220 3088">
     <span class='ocr_line' id='line_1_23' title="bbox 159 2383 1218 2468; baseline 0.004 -23"><span class='ocrx_word' id='word_1_168' title='bbox 159 2398 210 2466; x_wconf 88' lang='lat'>79.</span> <span class='ocrx_word' id='word_1_169' title='bbox 261 2383 380 2465; x_wconf 83' lang='lat' dir='ltr'>Quoad</span> <span class='ocrx_word' id='word_1_170' title='bbox 413 2386 608 2466; x_wconf 90' lang='lat' dir='ltr'>mysterium</span> <span class='ocrx_word' id='word_1_171' title='bbox 642 2386 892 2462; x_wconf 67' lang='lat' dir='ltr'>incarnationis</span> <span class='ocrx_word' id='word_1_172' title='bbox 918 2387 949 2447; x_wconf 91' lang='lat' dir='ltr'>in</span> <span class='ocrx_word' id='word_1_173' title='bbox 973 2407 1034 2448; x_wconf 92' lang='lat' dir='ltr'>suo</span> <span class='ocrx_word' id='word_1_174' title='bbox 1057 2396 1218 2468; x_wconf 88' lang='lat' dir='ltr'>conceptu</span> 
     </span>
     <span class='ocr_line' id='line_1_24' title="bbox 119 2489 1218 2572; baseline 0.003 -22"><span class='ocrx_word' id='word_1_175' title='bbox 119 2489 283 2566; x_wconf 80' lang='lat' dir='ltr'>generie0,</span> <span class='ocrx_word' id='word_1_176' title='bbox 301 2498 463 2568; x_wconf 85' lang='lat' dir='ltr'>quatenus</span> <span class='ocrx_word' id='word_1_177' title='bbox 488 2489 627 2551; x_wconf 93' lang='lat' dir='ltr'>includit</span> <span class='ocrx_word' id='word_1_178' title='bbox 651 2489 862 2551; x_wconf 90' lang='lat' dir='ltr'>solummodo</span> <span class='ocrx_word' id='word_1_179' title='bbox 887 2491 1121 2571; x_wconf 88' lang='lat' dir='ltr'>Redemptoris</span> <span class='ocrx_word' id='word_1_180' title='bbox 1145 2513 1218 2572; x_wconf 94' lang='lat' dir='ltr'>pro-</span> 
     </span>
     <span class='ocr_line' id='line_1_25' title="bbox 121 2592 1218 2675; baseline 0.002 -21"><span class='ocrx_word' id='word_1_181' title='bbox 121 2593 323 2667; x_wconf 88' lang='lat' dir='ltr'>missionem,</span> <span class='ocrx_word' id='word_1_182' title='bbox 337 2592 398 2654; x_wconf 86' lang='lat' dir='ltr'>fuit</span> <span class='ocrx_word' id='word_1_183' title='bbox 413 2593 548 2674; x_wconf 93' lang='lat' dir='ltr'>quidem</span> <span class='ocrx_word' id='word_1_184' title='bbox 567 2593 701 2659; x_wconf 85' lang='lat' dir='ltr'>Adamo</span> <span class='ocrx_word' id='word_1_185' title='bbox 715 2593 894 2654; x_wconf 84' lang='lat' dir='ltr'>revelatum</span> <span class='ocrx_word' id='word_1_186' title='bbox 907 2595 984 2675; x_wconf 87' lang='lat' dir='ltr'>post</span> <span class='ocrx_word' id='word_1_187' title='bbox 996 2615 1091 2656; x_wconf 92' lang='lat' dir='ltr'>suum</span> <span class='ocrx_word' id='word_1_188' title='bbox 1105 2615 1218 2675; x_wconf 89' lang='lat' dir='ltr'>pecca-</span> 
     </span>
     <span class='ocr_line' id='line_1_26' title="bbox 119 2696 1219 2778; baseline 0.002 -20"><span class='ocrx_word' id='word_1_189' title='bbox 119 2705 190 2759; x_wconf 93' lang='lat' dir='ltr'>tum</span> <span class='ocrx_word' id='word_1_190' title='bbox 200 2718 207 2773; x_wconf 89' lang='lat'>;</span> <span class='ocrx_word' id='word_1_191' title='bbox 232 2696 291 2758; x_wconf 90' lang='lat' dir='ltr'>sed</span> <span class='ocrx_word' id='word_1_192' title='bbox 308 2697 341 2757; x_wconf 95' lang='lat' dir='ltr'>in</span> <span class='ocrx_word' id='word_1_193' title='bbox 358 2717 418 2758; x_wconf 93' lang='lat' dir='ltr'>suo</span> <span class='ocrx_word' id='word_1_194' title='bbox 435 2707 596 2778; x_wconf 89' lang='lat' dir='ltr'>conceptu</span> <span class='ocrx_word' id='word_1_195' title='bbox 614 2697 776 2777; x_wconf 68' lang='lat' dir='ltr'>specifico</span> <span class='ocrx_word' id='word_1_196' title='bbox 792 2707 955 2777; x_wconf 91' lang='lat' dir='ltr'>quatenus</span> <span class='ocrx_word' id='word_1_197' title='bbox 973 2698 1111 2760; x_wconf 92' lang='lat' dir='ltr'>includit</span> <span class='ocrx_word' id='word_1_198' title='bbox 1128 2700 1219 2760; x_wconf 91' lang='lat' dir='ltr'>unio-</span> 
     </span>
     <span class='ocr_line' id='line_1_27' title="bbox 121 2799 1219 2881; baseline 0.003 -21"><span class='ocrx_word' id='word_1_199' title='bbox 121 2820 194 2861; x_wconf 94' lang='lat' dir='ltr'>nem</span> <span class='ocrx_word' id='word_1_200' title='bbox 223 2799 469 2881; x_wconf 85' lang='lat' dir='ltr'>hypostaticam</span> <span class='ocrx_word' id='word_1_201' title='bbox 502 2800 604 2862; x_wconf 86' lang='lat' dir='ltr'>Verbi</span> <span class='ocrx_word' id='word_1_202' title='bbox 637 2821 711 2862; x_wconf 90' lang='lat' dir='ltr'>cum</span> <span class='ocrx_word' id='word_1_203' title='bbox 742 2801 888 2863; x_wconf 73' lang='lat' dir='ltr'>humana</span> <span class='ocrx_word' id='word_1_204' title='bbox 920 2807 1037 2863; x_wconf 75' lang='lat' dir='ltr'>natura</span> <span class='ocrx_word' id='word_1_205' title='bbox 1065 2823 1130 2863; x_wconf 94' lang='lat' dir='ltr'>non</span> <span class='ocrx_word' id='word_1_206' title='bbox 1159 2802 1219 2864; x_wconf 85' lang='lat' dir='ltr'>suit</span> 
     </span>
     <span class='ocr_line' id='line_1_28' title="bbox 120 2902 1220 2985; baseline 0 -21"><span class='ocrx_word' id='word_1_207' title='bbox 120 2902 302 2964; x_wconf 86' lang='lat' dir='ltr'>revelatum</span> <span class='ocrx_word' id='word_1_208' title='bbox 320 2902 362 2964; x_wconf 91' lang='lat' dir='ltr'>ab</span> <span class='ocrx_word' id='word_1_209' title='bbox 376 2903 478 2977; x_wconf 84' lang='lat' dir='ltr'>initio,</span> <span class='ocrx_word' id='word_1_210' title='bbox 488 2904 546 2964; x_wconf 89' lang='lat' dir='ltr'>sed</span> <span class='ocrx_word' id='word_1_211' title='bbox 560 2902 666 2965; x_wconf 90' lang='lat' dir='ltr'>solum</span> <span class='ocrx_word' id='word_1_212' title='bbox 681 2923 856 2985; x_wconf 88' lang='lat' dir='ltr'>progressu</span> <span class='ocrx_word' id='word_1_213' title='bbox 871 2912 1082 2983; x_wconf 87' lang='lat' dir='ltr'>temporum.1</span> <span class='ocrx_word' id='word_1_214' title='bbox 1130 2904 1220 2984; x_wconf 85' lang='lat' dir='ltr'>Ergo</span> 
     </span>
     <span class='ocr_line' id='line_1_29' title="bbox 118 3008 1217 3088; baseline 0.002 -20"><span class='ocrx_word' id='word_1_215' title='bbox 118 3016 253 3070; x_wconf 91' lang='lat' dir='ltr'>constat</span> <span class='ocrx_word' id='word_1_216' title='bbox 269 3008 415 3069; x_wconf 87' lang='lat' dir='ltr'>secunda</span> <span class='ocrx_word' id='word_1_217' title='bbox 431 3027 515 3088; x_wconf 81' lang='lat' dir='ltr'>pars,</span> <span class='ocrx_word' id='word_1_218' title='bbox 1213 3008 1217 3013; x_wconf 79' lang='grc'><strong>’</strong></span> 
     </span>
    </p>
   </div>
   <div class='ocr_carea' id='block_1_4' title="bbox 114 3153 1218 3961">
    <p class='ocr_par' dir='ltr' id='par_1_5' title="bbox 114 3153 1218 3961">
     <span class='ocr_line' id='line_1_30' title="bbox 158 3153 1212 3235; baseline -0.004 -15"><span class='ocrx_word' id='word_1_219' title='bbox 158 3158 206 3222; x_wconf 86' lang='grc'>80.</span> <span class='ocrx_word' id='word_1_220' title='bbox 260 3153 475 3218; x_wconf 81' lang='lat' dir='ltr'>Corollarium</span> <span class='ocrx_word' id='word_1_221' title='bbox 510 3179 522 3218; x_wconf 87' lang='grc'>.·</span> <span class='ocrx_word' id='word_1_222' title='bbox 568 3155 666 3216; x_wconf 89' lang='lat' dir='ltr'>Fides</span> <span class='ocrx_word' id='word_1_223' title='bbox 703 3155 914 3234; x_wconf 90' lang='lat' dir='ltr'>antiquorum</span> <span class='ocrx_word' id='word_1_224' title='bbox 954 3154 1212 3235; x_wconf 87' lang='lat' dir='ltr'>patriarcharum</span> 
     </span>
     <span class='ocr_line' id='line_1_31' title="bbox 118 3257 1215 3338; baseline -0.001 -17"><span class='ocrx_word' id='word_1_225' title='bbox 118 3261 237 3321; x_wconf 86' lang='lat' dir='ltr'>eadem</span> <span class='ocrx_word' id='word_1_226' title='bbox 256 3258 316 3321; x_wconf 87' lang='lat' dir='ltr'>fuit</span> <span class='ocrx_word' id='word_1_227' title='bbox 332 3279 370 3320; x_wconf 87' lang='lat' dir='ltr'>ac</span> <span class='ocrx_word' id='word_1_228' title='bbox 387 3267 500 3320; x_wconf 89' lang='lat' dir='ltr'>nostra</span> <span class='ocrx_word' id='word_1_229' title='bbox 516 3259 643 3320; x_wconf 92' lang='lat' dir='ltr'>ratione</span> <span class='ocrx_word' id='word_1_230' title='bbox 658 3257 788 3319; x_wconf 70' lang='lat' dir='ltr'>habitus</span> <span class='ocrx_word' id='word_1_231' title='bbox 804 3257 918 3338; x_wconf 78' lang='lat' dir='ltr'>infusi,</span> <span class='ocrx_word' id='word_1_232' title='bbox 935 3259 989 3338; x_wconf 93' lang='lat' dir='ltr'>qui</span> <span class='ocrx_word' id='word_1_233' title='bbox 1008 3260 1040 3319; x_wconf 92' lang='lat' dir='ltr'>in</span> <span class='ocrx_word' id='word_1_234' title='bbox 1057 3259 1104 3319; x_wconf 87' lang='lat' dir='ltr'>eis</span> <span class='ocrx_word' id='word_1_235' title='bbox 1128 3259 1215 3320; x_wconf 88' lang='lat' dir='ltr'>idem</span> 
     </span>
     <span class='ocr_line' id='line_1_32' title="bbox 117 3358 1216 3440; baseline -0.002 -16"><span class='ocrx_word' id='word_1_236' title='bbox 117 3373 186 3425; x_wconf 88' lang='lat' dir='ltr'>erat</span> <span class='ocrx_word' id='word_1_237' title='bbox 204 3384 244 3425; x_wconf 89' lang='lat' dir='ltr'>ac</span> <span class='ocrx_word' id='word_1_238' title='bbox 262 3364 294 3423; x_wconf 93' lang='lat' dir='ltr'>in</span> <span class='ocrx_word' id='word_1_239' title='bbox 312 3363 406 3424; x_wconf 91' lang='lat' dir='ltr'>nobis</span> <span class='ocrx_word' id='word_1_240' title='bbox 422 3371 488 3438; x_wconf 90' lang='lat' dir='ltr'>est;</span> <span class='ocrx_word' id='word_1_241' title='bbox 512 3363 638 3423; x_wconf 87' lang='lat' dir='ltr'>ratione</span> <span class='ocrx_word' id='word_1_242' title='bbox 655 3361 775 3436; x_wconf 73' lang='lat' dir='ltr'>rriotim&#39;,</span> <span class='ocrx_word' id='word_1_243' title='bbox 789 3358 894 3440; x_wconf 76' lang='lat' dir='ltr'>&#39;quum</span> <span class='ocrx_word' id='word_1_244' title='bbox 919 3371 952 3422; x_wconf 90' lang='lat' dir='ltr'>et</span> <span class='ocrx_word' id='word_1_245' title='bbox 976 3361 1021 3421; x_wconf 92' lang='lat' dir='ltr'>illi</span> <span class='ocrx_word' id='word_1_246' title='bbox 1045 3362 1216 3427; x_wconf 85' lang='lat' dir='ltr'>crederent</span> 
     </span>
     <span class='ocr_line' id='line_1_33' title="bbox 117 3464 1218 3548; baseline -0.002 -20"><span class='ocrx_word' id='word_1_247' title='bbox 117 3476 255 3548; x_wconf 88' lang='lat' dir='ltr'>propter</span> <span class='ocrx_word' id='word_1_248' title='bbox 272 3465 500 3529; x_wconf 68' lang='lat' dir='ltr'>audioritatem</span> <span class='ocrx_word' id='word_1_249' title='bbox 520 3466 582 3527; x_wconf 89' lang='lat' dir='ltr'>Dei</span> <span class='ocrx_word' id='word_1_250' title='bbox 600 3465 791 3544; x_wconf 86' lang='lat' dir='ltr'>revelantis;</span> <span class='ocrx_word' id='word_1_251' title='bbox 814 3474 847 3526; x_wconf 90' lang='lat' dir='ltr'>et</span> <span class='ocrx_word' id='word_1_252' title='bbox 864 3465 991 3526; x_wconf 88' lang='lat' dir='ltr'>ratione</span> <span class='ocrx_word' id='word_1_253' title='bbox 1007 3464 1218 3546; x_wconf 69' lang='lat' dir='ltr'>objeliiprin-</span> 
     </span>
     <span class='ocr_line' id='line_1_34' title="bbox 115 3569 1218 3652; baseline -0.004 -20"><span class='ocrx_word' id='word_1_254' title='bbox 115 3571 239 3652; x_wconf 80' lang='lat' dir='ltr'>cipalis,</span> <span class='ocrx_word' id='word_1_255' title='bbox 257 3571 334 3650; x_wconf 88' lang='lat' dir='ltr'>quia</span> <span class='ocrx_word' id='word_1_256' title='bbox 350 3571 529 3631; x_wconf 85' lang='lat' dir='ltr'>credebant</span> <span class='ocrx_word' id='word_1_257' title='bbox 546 3570 577 3630; x_wconf 94' lang='lat' dir='ltr'>in</span> <span class='ocrx_word' id='word_1_258' title='bbox 597 3570 706 3630; x_wconf 92' lang='lat' dir='ltr'>Deum</span> <span class='ocrx_word' id='word_1_259' title='bbox 725 3577 1026 3631; x_wconf 88' lang='lat' dir='ltr'>remuneratorem:</span> <span class='ocrx_word' id='word_1_260' title='bbox 1050 3589 1125 3649; x_wconf 69' lang='lat' dir='ltr'>quae</span> <span class='ocrx_word' id='word_1_261' title='bbox 1149 3569 1218 3649; x_wconf 93' lang='lat' dir='ltr'>qui-</span> 
     </span>
     <span class='ocr_line' id='line_1_35' title="bbox 115 3671 1218 3757; baseline -0.004 -21"><span class='ocrx_word' id='word_1_262' title='bbox 115 3676 193 3736; x_wconf 90' lang='lat' dir='ltr'>dem</span> <span class='ocrx_word' id='word_1_263' title='bbox 221 3675 340 3735; x_wconf 90' lang='lat' dir='ltr'>veritas</span> <span class='ocrx_word' id='word_1_264' title='bbox 365 3673 531 3754; x_wconf 84' lang='lat' dir='ltr'>implicite,</span> <span class='ocrx_word' id='word_1_265' title='bbox 555 3673 631 3734; x_wconf 79' lang='lat' dir='ltr'>licet</span> <span class='ocrx_word' id='word_1_266' title='bbox 656 3682 790 3746; x_wconf 89' lang='lat' dir='ltr'>remote,</span> <span class='ocrx_word' id='word_1_267' title='bbox 814 3682 940 3733; x_wconf 86' lang='lat' dir='ltr'>ceteras</span> <span class='ocrx_word' id='word_1_268' title='bbox 964 3672 1118 3733; x_wconf 89' lang='lat' dir='ltr'>veritates</span> <span class='ocrx_word' id='word_1_269' title='bbox 1143 3671 1218 3757; x_wconf 88' lang='lat' dir='ltr'>fidei</span> 
     </span>
     <span class='ocr_line' id='line_1_36' title="bbox 115 3775 1217 3856; baseline -0.005 -16"><span class='ocrx_word' id='word_1_270' title='bbox 115 3779 284 3854; x_wconf 88' lang='lat' dir='ltr'>continet;</span> <span class='ocrx_word' id='word_1_271' title='bbox 308 3778 365 3838; x_wconf 87' lang='lat' dir='ltr'>sed</span> <span class='ocrx_word' id='word_1_272' title='bbox 389 3777 520 3838; x_wconf 78' lang='lat' dir='ltr'>diversa</span> <span class='ocrx_word' id='word_1_273' title='bbox 543 3776 604 3837; x_wconf 86' lang='lat' dir='ltr'>fuit</span> <span class='ocrx_word' id='word_1_274' title='bbox 629 3777 756 3837; x_wconf 88' lang='lat' dir='ltr'>ratione</span> <span class='ocrx_word' id='word_1_275' title='bbox 779 3775 890 3856; x_wconf 60' lang='lat' dir='ltr'>obsedi</span> <span class='ocrx_word' id='word_1_276' title='bbox 909 3776 1099 3849; x_wconf 77' lang='lat' dir='ltr'>secundarii,</span> <span class='ocrx_word' id='word_1_277' title='bbox 1116 3795 1217 3854; x_wconf 88' lang='lat' dir='ltr'>quum</span> 
     </span>
     <span class='ocr_line' id='line_1_37' title="bbox 114 3877 1217 3961; baseline -0.005 -18"><span class='ocrx_word' id='word_1_278' title='bbox 114 3882 223 3944; x_wconf 94' lang='lat' dir='ltr'>multo</span> <span class='ocrx_word' id='word_1_279' title='bbox 251 3879 345 3961; x_wconf 86' lang='lat' dir='ltr'>plura</span> <span class='ocrx_word' id='word_1_280' title='bbox 372 3889 405 3942; x_wconf 86' lang='lat' dir='ltr'>et</span> <span class='ocrx_word' id='word_1_281' title='bbox 433 3881 538 3960; x_wconf 86' lang='lat' dir='ltr'>magis</span> <span class='ocrx_word' id='word_1_282' title='bbox 564 3877 719 3941; x_wconf 67' lang='lat' dir='ltr'>distincie</span> <span class='ocrx_word' id='word_1_283' title='bbox 747 3878 920 3940; x_wconf 88' lang='lat' dir='ltr'>credamus</span> <span class='ocrx_word' id='word_1_284' title='bbox 948 3899 1047 3958; x_wconf 91' lang='lat' dir='ltr'>quam</span> <span class='ocrx_word' id='word_1_285' title='bbox 1078 3879 1217 3939; x_wconf 89' lang='lat' dir='ltr'>Patriar-</span> 
     </span>
    </p>
   </div>
   <div class='ocr_carea' id='block_1_5' title="bbox 114 3986 198 4048">
    <p class='ocr_par' dir='ltr' id='par_1_6' title="bbox 114 3986 198 4048">
     <span class='ocr_line' id='line_1_38' title="bbox 114 3986 198 4048; baseline -0.012 0"><span class='ocrx_word' id='word_1_286' title='bbox 114 3986 198 4048; x_wconf 77' lang='lat' dir='ltr'>chae.</span> 
     </span>
    </p>
   </div>
   <div class='ocr_carea' id='block_1_6' title="bbox 115 4156 1218 4313">
    <p class='ocr_par' dir='ltr' id='par_1_7' title="bbox 115 4156 1218 4313">
     <span class='ocr_line' id='line_1_39' title="bbox 152 4156 1218 4225; baseline -0.002 -13"><span class='ocrx_word' id='word_1_287' title='bbox 152 4165 160 4188; x_wconf 90' lang='lat'><em>¹</em></span> <span class='ocrx_word' id='word_1_288' title='bbox 174 4159 221 4212; x_wconf 86' lang='lat' dir='ltr'>Ad</span> <span class='ocrx_word' id='word_1_289' title='bbox 235 4175 296 4211; x_wconf 87' lang='lat' dir='ltr'>rem</span> <span class='ocrx_word' id='word_1_290' title='bbox 306 4156 405 4212; x_wconf 90' lang='lat' dir='ltr'>melius</span> <span class='ocrx_word' id='word_1_291' title='bbox 419 4157 638 4225; x_wconf 83' lang='lat' dir='ltr'>intelligendam,</span> <span class='ocrx_word' id='word_1_292' title='bbox 652 4157 716 4210; x_wconf 91' lang='lat' dir='ltr'>vide</span> <span class='ocrx_word' id='word_1_293' title='bbox 730 4175 792 4225; x_wconf 81' lang='lat' dir='ltr'>quae</span> <span class='ocrx_word' id='word_1_294' title='bbox 803 4158 922 4210; x_wconf 89' lang='lat' dir='ltr'>diximus</span> <span class='ocrx_word' id='word_1_295' title='bbox 933 4158 968 4212; x_wconf 77' lang='lat' dir='ltr'>&lt;le</span> <span class='ocrx_word' id='word_1_296' title='bbox 979 4157 1137 4212; x_wconf 87' lang='lat' dir='ltr'>evolutione</span> <span class='ocrx_word' id='word_1_297' title='bbox 1148 4157 1218 4210; x_wconf 83' lang='lat' dir='ltr'>ideae</span> 
     </span>
     <span class='ocr_line' id='line_1_40' title="bbox 115 4245 957 4313; baseline -0.004 -11"><span class='ocrx_word' id='word_1_298' title='bbox 115 4245 296 4303; x_wconf 83' lang='lat' dir='ltr'>messianicae</span> <span class='ocrx_word' id='word_1_299' title='bbox 310 4246 337 4300; x_wconf 90' lang='lat' dir='ltr'>in</span> <span class='ocrx_word' id='word_1_300' title='bbox 355 4247 402 4301; x_wconf 85' lang='lat' dir='ltr'>Tr.</span> <span class='ocrx_word' id='word_1_301' title='bbox 418 4247 451 4299; x_wconf 82' lang='lat' dir='ltr'>de</span> <span class='ocrx_word' id='word_1_302' title='bbox 468 4245 538 4298; x_wconf 55' lang='grc' dir='ltr'>μενά</span> <span class='ocrx_word' id='word_1_303' title='bbox 550 4247 649 4313; x_wconf 60' lang='lat' dir='ltr'>Relig„</span> <span class='ocrx_word' id='word_1_304' title='bbox 663 4263 688 4298; x_wconf 86' lang='lat' dir='ltr'>n.</span> <span class='ocrx_word' id='word_1_305' title='bbox 704 4261 756 4312; x_wconf 79' lang='lat'>240</span> <span class='ocrx_word' id='word_1_306' title='bbox 769 4264 809 4299; x_wconf 89' lang='lat' dir='ltr'>so.</span> <span class='ocrx_word' id='word_1_307' title='bbox 954 4294 957 4299; x_wconf 93' lang='lat'>.</span> 
     </span>
    </p>
   </div>
   <div class='ocr_carea' id='block_1_7' title="bbox 0 0 1346 4634">
    <p class='ocr_par' dir='ltr' id='par_1_8' title="bbox 0 0 1346 4634">
     <span class='ocr_line' id='line_1_41' title="bbox 0 0 1346 4634; baseline 0 1"><span class='ocrx_word' id='word_1_308' title='bbox 0 0 1346 4634; x_wconf 95' lang='lat' dir='ltr'> </span> 
     </span>
    </p>
   </div>
  </div>
 </body>
</html>
