2684 4634
402 173 456 218 DE
474 169 654 219 OBJECTO
674 167 697 212 F
702 167 801 213 lDEl.
1108 162 1151 211 25

71 358 129 420 fidei
144 367 268 431 nostrae
284 357 441 438 proponit
456 376 531 436 quae
548 355 580 415 in
596 353 722 414 eisdem
739 350 826 412 clare
838 358 872 411 et
886 347 1060 411 manifeste
1073 367 1150 409 con-

70 463 207 524 tinentur.

441 581 476 630 20
491 568 530 628 N
528 566 590 628 otio
605 566 761 628 hereseos.

49 751 51 756 ¹
94 695 139 761 59.
192 679 382 760 Propositio
397 677 552 740 haeretica
568 698 607 738 ea
623 687 672 739 est
689 698 764 759 quae
780 677 903 741 directe
916 687 948 740 et
963 677 1153 739 immediate

61 784 243 865 opponitur,
266 783 335 845 sive
358 773 520 844 contrarie
543 781 611 842 sive
635 780 898 857 contradidtorie,
922 781 1050 842 veritati
1076 778 1151 840 fidei

59 888 234 950 catholicae.
282 887 334 950 Sit
349 887 449 967 igitur
464 885 535 946 haec
552 886 734 965 propositio
749 886 790 946 de
803 884 867 946 lide
878 883 1039 946 catholiea
1055 888 1070 914 “
1082 903 1152 943 om·

10 1024 12 1037 =
57 1011 105 1053 nes
121 991 283 1052 homines
295 999 466 1071 resurgent
476 988 508 1066 ”3
531 990 695 1050 contraria
708 989 890 1070 propositio
907 993 922 1018 “
934 987 1041 1050 nullus
1052 987 1153 1048 homo

55 1103 202 1174 resurget
213 1094 240 1170 '’,
263 1104 296 1156 et
319 1093 565 1156 corztradilloria
597 1093 741 1172 “aliquis
764 1092 865 1153 homo
889 1112 954 1152 non
979 1098 1126 1170 resurget
1137 1089 1153 1114 '³

55 1207 127 1259 sunt
144 1197 324 1271 haereticae,
340 1197 418 1276 quia
435 1197 466 1257 in
491 1204 631 1276 utroque
656 1218 732 1258 casu
757 1195 881 1259 diredte
904 1204 937 1258 et
961 1195 1152 1257 immediate
1244 1182 1247 1189 ’

55 1311 197 1382 negatur
223 1300 311 1381 quod
337 1301 379 1363 de
406 1300 471 1362 lide
497 1299 659 1362 catholica
687 1300 867 1361 tenendum
899 1308 971 1361 est.¹
1019 1297 1053 1360 Si
1077 1317 1154 1358 vero

10 1387 12 1393 ¹
55 1403 166 1484 aliqua
182 1404 367 1485 propositio
383 1413 419 1466 ut
435 1404 590 1465 haeretica
605 1405 790 1479 damnetur,
806 1400 1060 1465 contradidtoria
1083 1401 1150 1480 qui-

55 1508 141 1584 dem,
160 1528 228 1569 non
246 1517 357 1570 autern
374 1509 546 1582 contraria,
563 1508 605 1568 de
621 1507 686 1569 fide
702 1507 864 1569 catholica
877 1507 945 1581 erit,
956 1505 1042 1586 quia,
1056 1504 1155 1584 juxta

55 1608 175 1691 logicae
193 1608 378 1690 leges-duae
394 1609 658 1673 contradictoriae
671 1619 839 1692 nequeunt
855 1630 926 1671 esse
942 1609 1039 1670 simul
1056 1608 1155 1682 lalsae,

54 1714 133 1775 dum
153 1735 171 1776 e
188 1724 303 1776 contra
318 1715 393 1777 duae
409 1715 580 1778 contrariae
595 1724 733 1796 possunt
749 1734 820 1775 esse
837 1712 934 1775 simul
953 1712 1050 1774 falsae.

372 1863 406 1929 30
422 1851 472 1912 De
486 1851 627 1912 censuris
643 1849 844 1930 theologicis.2

96 1957 150 2022 60.
199 1955 256 2039 (A)
273 1957 372 2022 Notio
386 1970 417 2022 el
430 1959 550 2040 species.
598 1961 842 2041 Propositiones
859 1979 933 2040 quae
951 1979 1016 2019 non
1033 1953 1156 2020 dirette

54 2069 88 2120 et
113 2061 308 2123 immediate
332 2062 408 2125 fidei
431 2063 602 2125 catholicae
626 2064 850 2148 adversantur,
874 2064 930 2124 sed
955 2051 998 2124 ab
1021 2066 1058 2123 ea
1082 2061 1156 2143 plus

56 2164 211 2226 minusve
228 2163 415 2242 deflectunt,
431 2167 529 2229 variis
546 2168 691 2229 censuris
708 2164 807 2247 pleffl
825 2175 973 2247 possunt.
1019 2165 1155 2246 Duplex

55 2266 275 2347 distinguitur
287 2288 424 2330 censura
438 2293 444 2332 :
468 2270 680 2345 ecclesiastica,
692 2291 766 2352 quae
780 2290 936 2350 personas
949 2267 1071 2332 directe
1088 2267 1156 2329 affi-

56 2369 111 2445 cit,
136 2379 171 2432 et
195 2391 215 2433 a
237 2373 417 2435 canonistis
440 2373 491 2435 vel
516 2374 692 2437 moralistis
716 2372 908 2455 explicatur,
924 2381 957 2434 et
981 2370 1156 2450 theologica,

55 2492 134 2552 quae
151 2471 275 2536 directe
291 2476 332 2538 ad
350 2474 517 2539 doetrinas
535 2477 679 2554 refertur,
696 2486 729 2539 et
745 2476 965 2539 communiter
980 2473 1156 2537 definitur:

45 2576 227 2654 sardarium,
243 2598 299 2641 seu
321 2580 486 2656 sententia,
502 2579 566 2662 quel
589 2591 664 2643 nota
679 2592 789 2660 provo
810 2589 840 2640 et
862 2578 1008 2660 maligna
1030 2577 1157 2638 cuidam

56 2681 212 2743 inuritur
224 2683 376 2746 dodrinoe
391 2695 546 2766 tanquam
553 2686 640 2767 fidei
651 2686 758 2765 alz'quo
774 2684 864 2745 modo
879 2684 1002 2745 nocivoe.

100 2818 152 2881 61.
200 2818 347 2882 Censura
362 2830 474 2883 autem
491 2821 676 2901 theologica
693 2821 850 2882 dividitur
862 2821 893 2880 in
907 2820 1113 2881 dodrinalem
1124 2829 1157 2880 et

48 2919 270 2999 judicialem:
293 2925 381 3004 prior
396 2945 415 2986 a
432 2924 595 3007 theologis
612 2926 721 3001 fertur,
738 2935 771 2986 et
787 2926 893 2987 solum
910 2926 976 2986 vim
993 2924 1093 2986 habet
1106 2923 1157 3004 ju-

57 3021 136 3083 dicii
154 3026 300 3103 aperitis
317 3027 437 3108 prolati
446 3050 453 3105 3
476 3029 538 3090 hoc
556 3049 675 3090 munus
688 3028 766 3089 olim
780 3049 880 3090 sacrae
895 3027 1156 3090 Universitatum

58 3123 244 3203 facultates,
252 3130 313 3191 sub
323 3129 503 3194 diredtione
515 3133 693 3213 magisterii
704 3132 1158 3209 ecclesiastici,exercuerunt,

57 3237 91 3290 et
107 3231 245 3310 quidem
263 3233 435 3298 utilissime
459 3245 573 3298 contra
597 3256 699 3297 novos
723 3243 891 3315 serpentes
915 3255 1059 3297 errores:
1084 3257 1157 3316 pro·

57 3330 193 3395 hibetur
209 3343 320 3398 tamen
346 3358 386 3399 ne
409 3340 528 3419 privati
553 3339 699 3422 theologi
723 3338 944 3421 opinionibus,
959 3360 1034 3420 quae
1059 3340 1158 3402 libere

58 3437 90 3496 in
108 3435 232 3500 scholis
249 3452 508 3523 propugnantur,
525 3443 625 3505 ullam
651 3445 783 3504 inurant
806 3461 994 3518 censuram;
1018 3463 1104 3519 uam,
1122 3455 1158 3506 ut

59 3541 180 3616 merito
207 3543 254 3604 ait
283 3545 418 3621 Sunrez,
443 3547 554 3608 “tales
582 3566 729 3608 censurae
761 3545 831 3605 sine
858 3542 987 3607 deledtu
1019 3546 1158 3627 prolatae

93 3742 309 3812 1Quandonam
322 3747 498 3799 incurrantur
511 3756 657 3814 peccatum
671 3746 811 3798 haereseos
830 3754 858 3797 et
877 3761 969 3812 poenae
988 3754 1085 3797 contra
1103 3746 1158 3798 hae·

58 3831 163 3886 reticos
177 3833 254 3896 latae,
270 3833 427 3887 declaratur
440 3833 468 3886 in
481 3832 708 3902 praelectionibus
727 3830 877 3899 theologiae
896 3831 1010 3884 moralis
1030 3833 1073 3884 vel
1089 3830 1159 3899 juris

58 3936 200 3973 canonici.
760 3977 762 3983 .

92 4010 103 4032 ²
118 4007 165 4059 De
185 4007 310 4060 censuris
330 4007 494 4074 theologicis
515 4007 576 4060 fuse
596 4007 786 4059 disseruerunt
805 4005 950 4057 Arttom‘us
962 4005 994 4056 de
1006 4006 1157 4069 Panormo,

58 4093 234 4149 Scrutinium
247 4093 450 4160 dethmarum
468 4097 631 4162 Monlagne‚
646 4093 682 4146 de
695 4092 821 4146 censuris
835 4110 882 4145 seu
902 4092 976 4145 notis
996 4093 1160 4160 theologicis

57 4182 186 4250 (Migne‚
199 4183 286 4237 theol.
299 4200 404 4250 cursus,
421 4184 442 4251 Ι,
462 4183 563 4248 1111.);
583 4181 723 4233 Melclu‘or
736 4181 839 4243 Canus,
855 4180 891 4233 de
905 4181 987 4233 Locis
1001 4181 1097 4247 theol,
1110 4181 1157 4233 lib.

60 4272 132 4340 XII,
146 4289 171 4326 c.
186 4288 212 4339 9.
298 4313 300 4316 >
