2684 4634
188 181 231 231 92
647 179 787 230 CAPUT
805 179 830 228 1.

185 365 314 427 caciora
327 385 366 427 ac
383 365 489 445 magis
505 373 592 426 nota
638 363 794 444 Jamvero
810 361 880 424 haec
896 362 1009 424 omnia
1021 382 1039 425 e
1050 363 1150 427 rebus
1165 358 1278 428 creatis
1319 381 1334 425 κ

185 468 403 530 desumuntur
418 466 616 548 quintuplici
640 468 741 528 modo
764 463 941 548 spectatis:
968 466 1122 530 videlicet
1144 489 1164 531 e
1187 469 1280 532 rebus
1319 490 1334 530 -r

186 570 304 637 creatis
320 568 486 632 mobilibus
502 568 712 632 ascendimus
728 570 769 631 ad
786 569 929 650 primum
947 569 1113 632 Motorem
1130 572 1281 636 immobi·
1325 595 1334 635 'l

188 672 267 748 lem;
293 692 311 734 e
333 672 439 734 causis
460 671 663 754 efficientibus
684 671 886 752 assurgimus
908 671 951 733 ad
973 673 1115 754 primam
1139 673 1282 738 Causam
1330 702 1334 739 i

186 761 399 851 efficientem3
424 774 704 855 econtingentibus
713 776 755 838 ad
767 775 838 836 Ens
848 775 1067 837 necessarium
1077 777 1284 856 devenimus;
1331 806 1334 843 :

187 899 205 940 e
221 878 317 940 rebus
324 877 403 958 plus
418 877 565 939 minusve
576 877 724 957 perfellrlr
739 877 809 939 Ens
825 882 980 960 supreme'
990 875 1173 960 perfectum
1185 881 1284 944 attin·

187 982 313 1062 gimus;
330 991 357 1044 'e
374 980 471 1044 rebus
487 980 649 1044 ordinetis
664 983 706 1044 ad
722 1001 913 1063 supremum
930 981 1195 1048 Gubernatorem
1208 1004 1284 1047 con·
1331 1044 1334 1049 ,

187 1085 360 1148 cludimus.

454 1262 486 1310 10
500 1248 742 1328 Argumentum
757 1257 900 1329 exparte
914 1248 1025 1313 metels.

233 1401 279 1451 10.
325 1385 449 1461 Motus,
465 1393 564 1466 prout
579 1405 599 1446 a
620 1382 826 1446 scholasticis
849 1384 902 1450 hic
925 1385 1130 1468 intelligitur,
1146 1409 1214 1452 non
1238 1399 1287 1454 est

189 1489 296 1553 solum
313 1489 455 1552 mutatio
471 1487 595 1563 localis,
611 1507 668 1549 seu
685 1487 858 1551 translatio
873 1489 916 1552 ab
934 1510 1001 1552 uno
1024 1490 1097 1554 loco
1118 1493 1152 1555 in
1176 1494 1287 1569 alium,

190 1593 249 1656 sed
264 1593 423 1656 transitus
439 1592 481 1654 de
496 1591 647 1674 potentia
659 1591 692 1652 in
705 1587 836 1654 abtum:
862 1596 878 1624 “
889 1611 1029 1670 movere,
1040 1595 1087 1657 ait
1098 1595 1133 1658 S.
1150 1595 1289 1659 Thomas

190 1697 209 1760 l.
226 1718 261 1773 c.,
276 1696 357 1759 nihil
382 1694 471 1758 aliud
496 1704 547 1757 est
570 1714 670 1775 quam
696 1693 836 1769 educere
861 1695 986 1778 aliquid
1014 1696 1056 1760 de
1080 1699 1234 1780 potentia
1256 1701 1287 1763 in

191 1799 328 1864 abtum?
375 1800 476 1864 Unde
491 1799 538 1861 sic
553 1823 559 1861 :
585 1798 715 1863 Certum
732 1808 779 1859 est
788 1796 901 1878 aliqua
913 1799 1036 1862 moveri
1047 1801 1082 1863 in
1093 1801 1151 1864 leuc
1161 1804 1288 1867 munde.

190 1904 299 1986 Atqui
311 1903 363 1967 nic
377 1914 481 1968 erotus
494 1903 644 1983 supponit
650 1901 798 1982 primum
814 1911 964 1966 meterem
980 1903 1188 1981 immobilem·
1212 1927 1288 1969 nam

191 2029 282 2073 omne
297 2009 384 2090 quod
396 2017 549 2083 movetur,
564 2006 603 2068 ab
619 2004 683 2066 ulio
698 2013 858 2079 rnevetur,·
885 2013 916 2068 et
929 2005 1062 2071 aliunde
1077 2029 1139 2071 nou
1155 2019 1204 2075 est
1216 2020 1289 2091 pos·

191 2111 284 2175 sibile
291 2110 460 2192 precedere
475 2110 513 2176 in,
525 2109 692 2191 infinitum
709 2109 743 2170 in
760 2107 959 2172 moventibus
973 2118 1005 2173 et
1018 2113 1135 2184 neotis,·
1157 2133 1232 2193 erge
1247 2123 1293 2176 est

190 2217 336 2298 primum
353 2234 482 2277 movens
497 2211 663 2274 immobile.
710 2209 907 2273 Declaratur
922 2221 955 2275 et
971 2214 1129 2296 probatur
1144 2235 1204 2297 per
1218 2236 1292 2298 par-

193 2329 264 2391 tes:
288 2357 330 2364 -
352 2317 401 2398 (a)
420 2315 549 2380 Certum
573 2323 620 2376 est
643 2312 755 2393 eliqua
779 2316 918 2388 ruoveri,·
941 2315 968 2377 si
992 2327 1110 2399 agatur
1131 2319 1174 2381 de
1198 2330 1292 2383 motu

194 2422 299 2496 locali,
314 2420 348 2483 id
364 2429 455 2491 certo
471 2417 621 2480 sensibus
638 2426 784 2496 constat;
809 2417 837 2478 si
849 2427 967 2499 agatur
979 2419 1021 2483 de
1033 2429 1126 2484 motu
1143 2421 1176 2483 in
1193 2443 1292 2486 sensu

194 2524 400 2599 scholastico,
415 2521 564 2603 quotidie
580 2521 702 2603 pariter
718 2520 870 2583 videmus
886 2522 976 2585 entia
991 2523 1129 2587 transire
1144 2526 1187 2587 de
1202 2535 1294 2591 statu

194 2628 354 2712 potentiae
370 2627 402 2688 in
418 2623 530 2688 actum
547 2624 722 2701 nascend0,
732 2625 920 2703 crescendo,
931 2625 1142 2690 alterationes
1155 2648 1194 2692 ac
1208 2649 1294 2694 mor·

194 2745 262 2797 tem
278 2730 445 2813 patiendo.
1220 2809 1222 2813 .

241 2834 295 2922 (b)
312 2835 416 2900 Omne
429 2833 516 2915 qued
535 2842 689 2910 mouetur,
704 2831 743 2893 ab
766 2830 831 2895 alie
854 2843 1006 2898 movetur.
1052 2833 1088 2899 Si
1110 2844 1232 2916 agatur
1252 2836 1296 2900 de

195 2940 326 3003 entibus
348 2937 553 3019 inergunicis,
577 2956 627 2998 res
650 2935 819 2998 evidenter
841 2945 988 3014 constat;
1014 2957 1101 3013 nam,
1126 2936 1205 3002 licet
1228 2959 1295 3002 non

195 3044 287 3107 omni
312 3040 481 3105 adtivitate
505 3034 737 3115 destituantur,
752 3047 830 3102 sunt
854 3048 966 3103 tamen
990 3041 1110 3104 inertia
1132 3061 1172 3104 eo
1196 3062 1297 3108 sensu

196 3145 286 3228 quod
302 3153 422 3226 sponte
438 3148 497 3205 sui
514 3152 642 3205 motum
659 3144 826 3224 acquirere
841 3144 892 3206 vel
906 3143 976 3225 jam
993 3153 1167 3227 acceptum
1189 3145 1297 3209 modi·

197 3252 294 3315 ficare
315 3249 367 3312 vel
389 3249 585 3328 extinguere
609 3267 675 3310 non
701 3255 849 3329 possunt,
865 3248 1069 3329 proindeque
1092 3269 1136 3311 ex
1161 3269 1197 3311 se
1220 3259 1298 3312 sunt

198 3351 419 3416 indifferentia
435 3350 478 3413 ad
495 3359 623 3413 motum
639 3349 690 3412 vel
707 3351 861 3432 quietem.
907 3349 1014 3430 Atqui
1030 3351 1119 3432 quod
1135 3359 1188 3413 est
1200 3350 1297 3414 indif-

197 3454 363 3519 ferens-ad
386 3464 514 3516 motum
538 3454 589 3515 vel
614 3455 769 3534 quietem,
786 3474 851 3536 non
876 3474 895 3515 a
918 3475 961 3530 se,
977 3455 1037 3532 sed*
1058 3455 1101 3517 ab
1123 3455 1189 3517 alio
1203 3454 1298 3518 ‚hanc

198 3558 511 3624 determinationem
542 3558 687 3639 accepit;
723 3578 800 3619 nam
830 3556 873 3620 de
903 3559 1053 3638 potentia
1071 3557 1160 3621 'nihil
1187 3568 1299 3640 potest

199 3663 310 3727 reduci
328 3662 359 3724 in
377 3659 498 3738 abtum,
514 3661 576 3722 nisi
594 3681 652 3743 per
675 3660 809 3742 aliquod
834 3681 892 3722 ens
918 3662 949 3722 in
974 3660 1066 3739 altu3
1092 3682 1186 3725 secus
1211 3663 1297 3726 idem

198 3775 286 3830 esset
312 3764 410 3828 simul
437 3766 470 3827 in
498 3765 648 3845 potentia
675 3772 708 3826 et
735 3760 846 3825 abtum
871 3763 1053 3825 secundum
1076 3762 1183 3841 idem;
1210 3763 1298 3846 quod

200 3879 373 3952 repugnat.
388 3907 431 3916 —
447 3869 546 3952 Quod
568 3868 722 3942 vr'ventie,
738 3864 825 3929 redte
849 3860 1004 3929 dicuntur
1028 3886 1160 3929 movere
1181 3867 1298 3949 seipsa,

200 3983 364 4056 quatenus
380 3971 564 4055 partialiter
586 3971 628 4033 ad
652 3991 748 4033 suum
774 3978 902 4030 motum
928 3978 1135 4045 concurrunt,
1150 3969 1210 4031 sed
1234 3987 1299 4031 non

200 4077 309 4159 seipsa
326 4083 461 4138 movent
477 4073 539 4136 sub
555 4075 646 4135 omni
664 4071 830 4155 respeciu3
856 4091 934 4133 nam
950 4072 1095 4135 viventia
1112 4071 1247 4135 initium
1268 4077 1300 4132 et

201 4180 298 4243 finem
316 4179 449 4253 habent,
465 4186 499 4241 et
514 4177 576 4239 sub
590 4177 655 4263 hoc
671 4174 821 4257 respedtu
838 4177 880 4238 ab
901 4174 966 4238 alio
988 4185 1178 4253 moventur;
1201 4172 1300 4257 siqui-

201 4282 276 4344 dem
294 4301 392 4343 omne
409 4281 496 4361 quod
515 4280 690 4341 intrinsece
713 4288 866 4354 mutatur,
883 4298 964 4340 nunc
988 4278 1143 4341 habendo
1165 4275 1299 4361 aliquod
