2684 4634
124 178 184 230 170
565 171 705 223 CAPUT
723 172 779 221 111.

120 351 237 410 lationis
250 348 371 420 vestigia
384 349 544 418 servarunt,
560 348 583 406 si
597 348 670 419 legis
689 346 829 406 naturalis
849 354 996 419 praecepta
1014 344 1222 411 custodierint,

121 440 158 498 ad
172 438 272 504 fidem,
288 437 404 494 interna
418 435 586 493 tardatione
598 436 700 494 aliisve
713 435 818 494 mediis
835 436 899 494 Deo
914 434 1001 500 notis,
1017 432 1144 505 perduci
1158 446 1225 504 pos-

121 536 198 592 sunt,
215 535 246 582 ut
259 523 416 596 exponitur
429 524 458 578 in
476 523 525 579 Tr.
542 523 575 579 de
590 523 700 581 Graticl
714 526 753 593 (n.
770 524 824 592 88).

157 658 210 716 157.
250 647 297 717 (Β)
311 646 358 701 De
370 643 739 716 signupraedestinatrbm's.
780 642 864 700 Licet
877 659 967 698 nemo
986 640 1088 713 possit,
1107 640 1224 712 absque

120 733 241 804 speciali
255 733 442 800 revelatione,
456 731 494 790 de
507 731 560 789 sua
572 732 666 790 salute
679 740 776 789 certus
789 729 874 795 esse1,
888 729 996 786 dantur
1005 737 1105 786 tamen
1116 727 1225 800 proba·

121 818 191 876 bilia
211 820 303 890 signa,
321 837 356 876 ex
375 816 485 889 quibus
504 816 543 875 de
561 821 596 876 eat
618 818 694 876 bene
713 834 831 890 sperare
851 832 1019 887 possumus.
1061 815 1141 873 Haec
1155 824 1223 872 sunt

120 905 212 962 modo
225 905 353 976 generali
367 923 402 962 ea
415 905 516 962 omnia
529 923 595 977 quae
608 904 647 962 ad
661 905 748 962 vitam
763 914 904 962 aeternam
918 920 972 958 nos
982 903 1092 960 ducere
1101 901 1203 959 valent
1217 921 1222 956 :

120 994 160 1062 (a)
169 991 822 1064 timoralaconscicntia,quaetanquamafacie
831 989 944 1048 colubri
954 990 1222 1061 fugitpeccatum23

120 1096 188 1135 narn
203 1079 300 1135 solum
313 1086 468 1150 peccatum
483 1096 570 1135 causa
584 1077 783 1136 damnationis
797 1095 860 1136 esse
873 1086 980 1149 potest.
1017 1076 1060 1148 (b)
1070 1075 1223 1132 Patientia

121 1164 149 1220 in
170 1165 300 1222 adversis
320 1175 349 1222 et
369 1164 533 1221 voluntaria
550 1164 745 1236 niortificatia·
764 1165 837 1223 dicit
855 1164 935 1222 enim
958 1162 1141 1234 Apostolus:
1165 1163 1221 1220 “Si

120 1262 219 1309 tamen
238 1251 434 1322 comparamur,
452 1261 483 1308 ut
503 1262 530 1308 et
550 1250 852 1322 conglorificemur'’³.
893 1251 932 1320 (e)
951 1249 1072 1307 Sincera
1091 1266 1221 1320 veraque

119 1338 279 1404 lrrtrnr'lr'ras,
291 1339 350 1409 qua
362 1337 485 1408 gratiam
498 1338 671 1396 adsalutem
682 1337 878 1395 necessariam
888 1335 1076 1394 abundanter
1084 1335 1221 1393 obtinere

120 1426 289 1483 valeamus:
307 1424 494 1481 “humilibus
506 1435 606 1482 autem
619 1425 670 1483 dat
682 1424 847 1496 gratiam’'⁴.
886 1425 927 1493 (d)
945 1423 1136 1480 Inimr'corum
1155 1424 1219 1482 dile·

119 1513 175 1569 llio
187 1523 216 1570 et
229 1511 423 1569 misericordia
438 1512 466 1567 in
481 1530 628 1584 pauperes
632 1533 640 1583 ;
659 1531 728 1569 nam
742 1512 792 1584 qui
806 1512 931 1569 aliorum
945 1511 1073 1569 offensas
1085 1511 1216 1582 dimittit,

119 1618 136 1657 a
153 1601 217 1657 Deo
230 1600 347 1657 reniam
361 1609 550 1671 peccatorum
562 1602 851 1672 consequeturjuxta
860 1599 951 1657 illud:
971 1601 987 1628 “
998 1599 1124 1657 Dimitte
1134 1600 1220 1658 nobis

120 1685 221 1744 debita
235 1696 342 1756 nostra,
359 1685 434 1743 sicut
448 1695 476 1743 et
490 1704 545 1743 nos
558 1686 735 1744 dimittimus
748 1685 933 1745 debitoribus
946 1685 1098 1743 nostris...⁵
1137 1687 1218 1745 Beati

120 1774 334 1844 misericordes,
346 1775 553 1846 quoniamipsi
562 1775 794 1833 misericordiam
803 1773 1064 1847 consequentur'’⁶‚
1090 1775 1219 1844 (ellelus

119 1882 173 1935 pro
187 1862 281 1919 salute
294 1861 478 1918 animarum:
502 1860 591 1932 “Qui
604 1862 736 1919 converti
751 1863 851 1920 iecerit
864 1872 1050 1934 peccatorem
1064 1861 1104 1920 ab
1123 1880 1219 1922 errore

119 1951 174 2008 viae
192 1967 261 2016 suae,
274 1946 398 2005 salvabit
418 1948 547 2004 animam
570 1949 633 2019 ejus
652 1967 669 2005 a
689 1959 792 2019 morte,
814 1960 843 2008 et
862 1949 975 2021 operiet
994 1949 1217 2008 multitudinem

120 2035 354 2109 peccatorum’'⁷.
394 2035 431 2105 (l)
444 2035 566 2091 Deuotio
579 2035 733 2106 singularis
746 2054 814 2107 erga
828 2036 881 2094 SS.
902 2036 961 2092 Cor
970 2036 1038 2107 lesu
1050 2047 1080 2094 et
1093 2037 1133 2095 B.
1158 2039 1216 2095 Vir-

116 2124 212 2195 ginem
224 2144 234 2179 .·
254 2123 332 2193 prior
345 2121 423 2179 enim
438 2121 548 2180 Christi
561 2140 693 2179 amorem
706 2124 833 2180 maxime
846 2124 937 2193 sovet;
955 2140 1044 2194 porro
1063 2124 1114 2195 qui
1135 2124 1216 2183 Chri-

118 2219 197 2267 stum
210 2218 297 2277 amat,
312 2226 378 2264 cum
391 2208 421 2265 S.
434 2209 529 2265 Paulo
540 2209 715 2267 fiducialiter
724 2209 823 2268 dicere
833 2220 948 2282 potest:
967 2213 983 2239 “
993 2209 1154 2282 Quis'ergo
1165 2229 1217 2268 nos

119 2295 267 2369 separabit
280 2314 297 2352 a
310 2296 429 2354 caritate
443 2297 601 2353 Christi?...
640 2297 746 2356 Certus
760 2316 826 2363 sum
839 2299 917 2356 enim
932 2297 1002 2369 quia
1015 2299 1114 2370 neque
1128 2318 1214 2369 mors,

120 2402 219 2455 neque
231 2384 298 2452 vita,
313 2400 410 2453 neque
423 2383 529 2453 angeli,
545 2401 637 2455 neque
650 2385 841 2456 principatus,
858 2402 956 2455 neque
975 2385 1106 2454 virtutes,
1120 2386 1216 2458 neque

119 2470 267 2542 instantia,
283 2488 380 2541 neque
394 2471 498 2538 futura,
510 2488 607 2541 neque
621 2471 772 2539 fortitudo
783 2490 879 2543 neque
891 2472 1026 2543 altitud0,
1040 2475 1140 2544 neque
1153 2493 1216 2547 pro·

118 2557 253 2627 fundum,
271 2575 368 2627 neque
381 2567 513 2614 creatura
533 2557 589 2614 alia
612 2559 719 2628 poterit
740 2577 794 2616 nos
814 2576 948 2630 separare
967 2577 984 2616 a
1006 2560 1128 2618 caritate
1148 2562 1213 2628 Dei,

118 2665 185 2718 quae
199 2655 242 2702 est
256 2645 285 2701 in
300 2644 418 2703 Christo
431 2644 546 2717 Jesu''⁸.
585 2644 671 2702 Idem
685 2646 744 2703 fere
755 2646 813 2703 dici
825 2655 922 2717 potest
932 2645 969 2702 de
978 2644 1140 2705 devotione
1150 2667 1217 2720 erga

120 2735 151 2790 B.
175 2733 340 2803 Virginem3
366 2749 459 2802 quum
482 2731 561 2789 enim
583 2731 646 2788 haec
669 2733 705 2789 sit
725 2732 882 2789 irradiatrix
899 2733 941 2788 ad
959 2732 1152 2792 Mediatorem
1176 2737 1217 2805 (dc

126 2821 211 2878 Verbo
231 2821 361 2890 Incerta,
386 2837 413 2874 n.
439 2821 510 2891 292),
533 2828 561 2876 et
580 2820 775 2889 aquaeductus
794 2821 904 2893 gratiae,
925 2820 975 2890 qui
995 2820 1023 2877 ei
1041 2822 1214 2890 adhaerebit‚

117 2909 210 2980 gratia
221 2909 260 2966 ad
273 2909 396 2965 salutem
408 2907 570 2965 necessaria
584 2926 736 2980 nunquam
748 2910 866 2980 carebit,
881 2919 1005 2981 tutoque
1014 2910 1052 2968 ad
1064 2910 1214 2970 Christum

117 2997 178 3053 ibit.

153 3087 168 3112 “
180 3085 378 3154 Quapropter,
394 3082 504 3149 iratres,
518 3081 608 3152 magis
628 3082 758 3153 satagite,
775 3093 808 3140 ut
827 3101 879 3154 per
898 3082 977 3140 bona
995 3101 1086 3155 opera
1104 3097 1214 3145 certam

116 3182 242 3229 vestram
252 3170 439 3227 vocationem
453 3179 481 3226 et
495 3169 672 3227 electionem
686 3171 815 3228 faciatis:
836 3171 899 3229 haec
912 3172 990 3229 enim
1002 3171 1145 3231 iacientes
1156 3193 1214 3232 non

116 3257 279 3330 peccabitis
299 3255 472 3327 aliquando,
512 3256 559 3312 Sic
582 3258 661 3313 enim
681 3257 869 3316 abundanter
891 3258 1107 3324 ministrabitur
1131 3263 1215 3321 vobis

117 3346 252 3403 introitus
276 3346 305 3401 in
328 3355 470 3402 aeternum
493 3362 617 3414 regnum
642 3345 763 3402 Domini
790 3346 882 3402 nostri
903 3355 932 3407 et
957 3345 1116 3405 Salvatoris
1142 3349 1214 3423 Jesu

118 3434 269 3492 Christi’a

115 3928 239 3996 blanrlry,
254 3944 299 3995 op.
315 3928 370 3994 cit,
387 3944 414 3995 p.
431 3942 480 3994 322
495 3942 544 3996 sq,
567 3927 614 3979 ubi
634 3926 743 3980 erudite
764 3927 799 3979 de
820 3937 894 3981 statu
917 3927 1049 3996 religioso
1070 3927 1213 3984 sectarum

115 4014 398 4066 non—christianarum
412 4012 533 4066 disserit.

149 4116 158 4147 1
175 4101 310 4165 Trident,
324 4116 392 4153 sess.
409 4100 457 4166 Vl,
471 4117 532 4153 can,
552 4101 591 4151 16.
603 4130 636 4136 —
649 4104 658 4126 ²
671 4100 757 4152 Eccli.
774 4102 854 4167 XXI,
869 4116 892 4154 2.
906 4133 940 4139 —
952 4101 962 4131 ³
974 4103 1053 4155 Rara.
1071 4104 1155 4172 Vlll,
1171 4119 1211 4174 17.

114 4218 148 4226 -
166 4189 208 4240 a]
216 4189 292 4240 Pelr.
306 4185 342 4253 V,
359 4200 380 4255 3.
397 4217 431 4224 —
448 4190 556 4239 aaran.
574 4188 623 4253 Vl,
644 4202 681 4240 12.
698 4218 730 4226 -
749 4187 759 4216 ⁶
774 4191 857 4242 liliati.
873 4192 905 4256 V,
921 4203 944 4254 7.
961 4221 996 4231 ·-
1014 4188 1023 4220 ⁷
1035 4192 1099 4260 sac.
1118 4193 1151 4260 V,
1166 4208 1208 4247 20.

115 4273 260 4326 -ssRorra
278 4275 361 4340 Vlll,
376 4287 462 4342 35-39.
479 4272 666 4327 -⁹JJPerr.
684 4275 704 4336 l,
725 4290 811 4327 10·11.
