2684 4634
173 167 234 218 DE
253 169 417 221 HABITU
436 169 569 220 INTER
587 169 725 220 FIDEM
743 171 795 221 ET
813 172 1053 222 RATIONEM.
1120 175 1162 224 73

54 345 218 416 quaeintra
231 348 384 420 proprium
396 348 538 406 ambitum
551 348 753 421 continentum
762 351 835 407 dum
846 350 920 408 fides
931 361 1059 409 versatur
1072 352 1160 409 otiam

54 431 134 490 circa
147 453 198 492 res
210 453 281 506 quae
292 445 434 509 superant
446 447 567 508 captum
581 437 711 503 rationis,
728 437 862 507 mysteria
875 456 915 496 sc.
931 457 998 510 quae
1011 439 1074 495 sola
1086 438 1160 496 ratio

56 538 218 594 nunquam
232 523 376 594 attingere
388 534 497 596 posset.
538 525 645 582 Errant
659 525 745 597 igitur
758 525 798 581 illi
811 526 1016 583 Raa'onalatae
1028 527 1077 598 qui
1091 545 1159 583 con·
1179 569 1182 577 .

55 608 189 666 tendunt
202 608 295 667 fidem
308 619 337 668 et
349 610 494 668 rationem
504 629 565 668 non
575 610 691 669 differre
701 612 776 669 inter
785 630 816 670 se
826 612 880 669 nisi
887 613 993 684 gradu,
1006 631 1058 671 seu
1069 613 1158 671 fidem

56 694 229 755 nihil-aliud
241 715 304 756 esse
317 697 373 755 nisi
387 697 589 770 imperfectam
601 699 803 771 cognitionem
813 701 985 758 earumdem
993 700 1156 772 veritatum,

56 800 130 853 quas
144 783 309 855 perfectius
322 802 375 857 per
387 785 530 843 rationem
550 784 603 843 rite
622 785 766 843 excultam
780 789 1006 860 cognoscimus;
1025 806 1060 846 ex
1073 787 1159 845 dictis

56 867 137 926 enim
157 862 329 930 differentia⁴
343 870 420 929 inter
437 880 594 944 utramque
612 882 656 930 est
673 873 704 929 in
724 874 811 944 modo,
828 884 857 931 et
870 892 931 931 non
944 874 1116 946 simpliciter
1128 874 1159 931 in

51 956 173 1027 gradus
188 956 320 1025 aliunde,
337 959 406 1017 fidei
425 977 492 1031 ope,
510 959 608 1018 Deum
626 978 732 1031 resque
750 959 864 1018 divinas
883 960 987 1019 melius
1003 979 1039 1038 ac
1056 961 1158 1028 distin-

56 1043 144 1114 ὀὶίυε,
155 1063 252 1116 ,quam
271 1047 334 1104 sola
350 1047 464 1104 ratione
482 1047 698 1118 cognoscimus,
721 1057 753 1106 ut
771 1048 844 1106 infra
862 1048 1065 1108 declarabitur.
1107 1049 1158 1105 Er·

56 1141 121 1190 rant
134 1133 248 1203 pariter
260 1132 565 1200 Semi-Ratiarialistoe,
576 1133 626 1206 qui
636 1135 823 1193 contendunt
832 1137 969 1208 mysteria
979 1136 1069 1193 semel
1079 1153 1158 1193 reve-

57 1217 122 1288 lata,
139 1219 203 1290 jam
224 1237 313 1292 posse
332 1219 498 1278 intrinsecis
516 1220 669 1293 principiis
687 1239 767 1280 mere
786 1222 967 1280 naturalibus
985 1223 1107 1293 intelligi
1124 1214 1158 1279 ac

58 1304 257 1363 demonstrari
269 1326 278 1379 3
294 1325 372 1378 nam,
384 1316 416 1364 ut
428 1308 469 1365 ait
485 1306 659 1364 Vaticanum.
667 1309 777 1380 (supra,
790 1327 817 1365 n.
832 1311 867 1380 8),
884 1315 902 1338 “
913 1309 1013 1367 divina
1023 1311 1158 1382 mysteria

57 1401 165 1465 suapte
184 1395 290 1451 natura
310 1394 492 1453 intelledtum
509 1405 641 1453 creatum
661 1395 703 1452 sic
720 1397 876 1467 excedunt,
892 1407 931 1468 ut,
949 1396 1035 1455 etiam
1051 1397 1158 1455 revela·

57 1475 139 1534 tione
153 1477 263 1536 tradita
275 1487 305 1536 et
318 1478 378 1536 fide
391 1477 539 1550 suscepta,
552 1477 645 1550 ipsius
658 1489 758 1537 tamen
775 1479 844 1538 fidei
862 1480 1007 1538 velamine
1021 1480 1158 1538 comedia

57 1571 84 1618 et
97 1563 233 1633 quadarn
247 1564 331 1636 quasi
344 1564 469 1636 caligine
482 1564 623 1622 obvoluta
636 1576 783 1638 maneant,
800 1567 942 1638 quamdiu
962 1568 992 1623 in
1011 1566 1066 1624 bac
1082 1584 1158 1624 mor-

57 1650 104 1706 tali
119 1650 182 1708 vitai
195 1652 417 1723 peregrinamur
429 1670 446 1710 a
460 1651 612 1711 Domino:
619 1653 770 1726 perfidem
783 1653 858 1710 enim
871 1655 1053 1711 ambulamus
1063 1660 1091 1710 et
1102 1673 1158 1710 non

56 1744 107 1805 per
124 1737 288 1808 spectabam
325 1740 441 1797 Revera
460 1738 601 1811 dogmata
623 1738 787 1810 Trinitatis,
809 1740 1033 1810 Incarnationis,
1050 1740 1158 1797 Trans-

57 1822 309 1881 substanti-'attonis
314 1824 432 1897 aliaque
441 1823 622 1897 hujusmodi,
630 1825 718 1883 etiam
729 1836 887 1898 postquam
897 1827 1023 1885 revelata
1031 1828 1157 1897 fuerunt,

57 1908 173 1968 ratione
199 1911 394 1969 demonstrari
420 1921 581 1984 nequeunt,
610 1911 756 1983 variaeque
780 1913 992 1984 explicationes
1016 1932 1034 1970 a
1057 1913 1158 1970 scholal

58 1995 208 2054 Giintheri
228 1995 352 2055 inventae
370 1996 512 2071 dogmata
529 1997 593 2070 ipsa
610 2007 789 2071 pervertunt,
811 2009 843 2056 ut
862 2017 916 2057 suo
935 2000 1003 2058 loco
1020 1999 1156 2072 probabi·

58 2093 150 2138 mus.²
390 2107 393 2114 ·

93 2205 150 2260 152
192 2209 222 2252 20
233 2196 387 2254 Rationem
399 2215 454 2256 esse
464 2187 622 2268 legi'ttmam
635 2196 812 2268 cognoscendi
822 2196 943 2254 medium
963 2197 1059 2255 nullus
1072 2197 1157 2256 dubi-

58 2289 113 2353 tat;
126 2281 181 2339 sed
195 2281 267 2339 idm
280 2283 380 2355 defide
390 2283 505 2341 omnino
517 2282 698 2340 asserendum
710 2288 752 2339 est
762 2291 864 2340 contra
874 2270 1093 2383 Rationalistas,
1105 2285 1156 2356 qui

57 2325 248 2428 coritendunt
260 2369 350 2428 fidem
364 2389 428 2430 esse
439 2388 552 2430 caecum
565 2369 655 2427 animi
668 2385 829 2426 assensum

93 2453 132 2522 (A
134 2455 213 2523 >Ille
232 2456 312 2514 enirn
331 2474 469 2515 assensus
487 2476 548 2516 non
564 2468 608 2516 est
625 2475 729 2527 caecus,
746 2444 798 2515 sed
817 2457 999 2516 rationabilis
1018 2467 1047 2516 et
1064 2459 1156 2531 legiti-

58 2557 135 2607 mus,
150 2558 202 2612 qur
196 2541 254 2598 ab
267 2542 331 2615 ipsa
344 2543 455 2600 ratione
469 2544 650 2616 imperatur3
666 2543 749 2615 atqui
765 2542 805 2601 ita
821 2553 865 2601 est
881 2541 920 2602 de
936 2562 1057 2602 assensu
1075 2544 1156 2617 fidei3

59 2645 128 2684 nam
142 2629 221 2686 ratio
232 2628 295 2701 t‘psa
307 2631 472 2689 luculenter
483 2630 613 2690 ostendit
624 2630 723 2689 Deum
736 2630 828 2687 multa
837 2648 1017 2701 cognoscere
1026 2650 1093 2703 quae
1102 2651 1156 2690 nos
1248 2703 1251 2708 ι

59 2713 232 2784 ignoramus
254 2725 284 2774 et
306 2716 412 2775 eadem
435 2718 563 2776 revelare
579 2736 686 2790 posse;
704 2717 775 2775 item
795 2718 871 2774 ratio
892 2719 955 2790 epta
973 2719 1157 2777 demonstrat

60 2800 159 2858 Deum
175 2802 214 2860 de
225 2802 306 2861 facio
319 2805 464 2876 quasdam
476 2806 650 2863 revelavisse
659 2803 795 2862 veritates
804 2812 834 2861 et
843 2804 965 2876 quidem
980 2823 1040 2861 non
1051 2805 1156 2877 proba-

59 2886 171 2946 bilibus
184 2889 290 2956 solum,
302 2892 355 2948 sed
369 2890 455 2949 certis
467 2892 648 2964 argumentis
652 2911 660 2963 3
672 2909 707 2948 ac
720 2890 842 2972 tandem
856 2891 932 2948 ratio
943 2892 1019 2950 clare
1032 2893 1156 2950 affirmat

59 2992 113 3032 nos
125 2993 188 3033 non
202 2976 298 3034 solum
311 2995 399 3050 posse
411 2978 465 3038 sed
477 2979 587 3037 debere
599 2978 769 3036 veritatibus
782 2998 799 3036 a
814 2980 880 3037 Deo
892 2979 1026 3037 revelatis
1038 2980 1155 3038 firmum

57 3079 215 3120 assensum
233 3063 373 3134 praebere,
388 3082 482 3137 quum
497 3066 580 3124 Deus
596 3066 632 3122 sit
649 3083 805 3138 supremus
826 3066 973 3124 Dominus
986 3084 1046 3124 non
1059 3068 1156 3124 solum

58 3149 86 3206 in
104 3150 213 3208 ordine
232 3152 335 3210 morali
353 3151 407 3211 sed
425 3153 514 3211 etiarn
530 3152 560 3211 in
576 3152 680 3212 ordine
702 3152 894 3211 intellectuali
904 3173 912 3225 3
932 3172 1002 3225 ergo
1019 3172 1156 3212 assensus

58 3237 128 3294 fidei
141 3247 188 3295 est
200 3239 323 3295 omnino
336 3237 525 3298 rationabilis.

91 3325 141 3396 (Β)
157 3324 288 3382 Econtra
301 3325 352 3397 qui
365 3325 486 3384 credere
498 3331 621 3396 recusat,
638 3324 875 3384 irrationabiliter
887 3325 946 3397 agit
958 3345 965 3397 ;
982 3327 1005 3383 si
1019 3326 1099 3385 enim
1112 3337 1156 3384 tot

56 3410 196 3468 veritates
208 3411 371 3484 accipimus
384 3429 419 3470 ex
432 3412 608 3470 testimonio
616 3412 780 3483 hominurn,
794 3413 916 3484 quando
926 3413 1075 3471 moraliter
1087 3431 1155 3471 con-

55 3503 112 3552 stat
126 3494 167 3552 de
180 3494 257 3552 illius
270 3494 428 3566 validitate,
445 3513 545 3554 nonne
564 3495 793 3554 irrationabilem
806 3512 869 3553 sese
882 3495 1002 3554 exhibet
1014 3496 1065 3568 qui
1078 3497 1156 3554 testi-

54 3580 195 3640 monium
211 3581 275 3653 Dei,
291 3582 483 3641 validioribus
496 3582 585 3641 etiam
597 3581 779 3655 argumentis
792 3583 948 3652 firmatum,
962 3599 1079 3654 prorsus
1092 3583 1156 3653 reji-

53 3672 105 3737 cit,
121 3669 180 3726 sub
196 3668 247 3727 illo
264 3680 407 3742 praetextu
426 3670 508 3743 quod
525 3670 654 3743 primum
676 3669 770 3728 Novae
788 3669 906 3728 Criticae
924 3669 1102 3741 principium
1119 3670 1156 3727 sit

90 3848 152 3901 ¹II
165 3844 230 3902 Cor.
255 3847 281 3898 V
324 3888 330 3904 .

90 3940 100 3971 ²
118 3935 136 3962 ‘⁴
147 3887 268 3990 Senstim
281 3859 515 4003 mysteriorum...
530 3943 716 3997 transmutant
735 3933 763 3988 in
785 3933 871 3988 alium
889 3934 980 4003 plane,
1000 3945 1083 4004 atque
1103 3936 1156 3989 hoc

55 4023 118 4092 ipso
132 4022 162 4075 in
176 4037 288 4076 sensum
297 4020 405 4076 veritati
419 4021 549 4077 revelatae
562 4031 764 4089 repugnantem
776 4039 783 4085 ;
797 4037 848 4075 nec
863 4032 991 4075 verentur
1004 4017 1155 4091 aliquando

54 4111 163 4178 dogma
175 4124 209 4162 eo
223 4124 306 4164 sensu
320 4124 405 4178 quoa
420 4106 573 4162 Catholicis
587 4107 759 4163 credendum
772 4116 823 4174 est,
837 4108 979 4175 appellare
992 4108 1151 4175 absurdum,

53 4200 122 4268 quia
136 4216 173 4250 eo
184 4195 278 4263 modo,
291 4212 346 4267 quo
366 4195 418 4264 ipsi
433 4197 537 4264 v'olunt,
553 4194 668 4264 intelligi
688 4212 744 4249 non
761 4194 879 4263 potest.”
917 4194 989 4263 (Aa.
1005 4196 1033 4249 C.
1057 4197 1153 4264 Vatia,

54 4305 81 4354 a·
98 4283 174 4353 5²⁶·l
