2684 4634
227 175 283 225 DE
299 174 442 226 VERBO
459 138 711 226 INCARNATO
729 173 780 223 ΕΤ
800 173 1102 224 REDEMPTORE.
1147 175 1213 224 407

149 366 174 417 9.
220 353 296 411 Con.
311 371 335 426 9.
375 353 404 412 Si
418 353 485 427 quis
498 372 590 411 unum
605 354 769 412 Dominum
782 355 885 427 Jesum
900 354 1052 414 Christum
1071 353 1213 425 glorifica-

117 447 179 495 tum
193 439 268 498 dicit
280 459 298 499 a
308 440 417 514 Spiritu
428 441 547 508 Sanbto,
557 451 697 514 tanquam
709 442 761 514 qui
773 442 870 500 aliena
882 443 988 501 virtute
999 459 1053 514 per
1065 459 1133 499 eum
1146 458 1214 498 usus

117 523 212 597 fuerit,
226 537 257 586 et
268 528 308 586 ab
319 546 356 587 eo
368 529 516 602 acceperit
528 529 690 588 efficaciam
700 539 802 587 contra
811 529 1117 602 immundosspiritus,
1127 546 1214 601 posse

116 622 144 670 et
162 631 266 675 coram
285 615 457 675 hominibus
476 616 576 675 divina
597 617 681 688 signa
701 617 850 689 perficere,
866 635 901 674 ac
921 634 981 674 non
999 617 1097 688 potius
1109 616 1215 673 latetur

116 699 179 770 ejus
192 701 347 773 proprium
362 702 513 774 Spiritum,
529 721 581 776 per
594 721 684 774 quem
694 703 795 761 divina
808 704 892 774 signa
904 701 1032 775 explevit
1048 725 1054 760 :
1074 704 1109 759 Α.
1127 703 1155 760 S.

150 803 191 845 ro.
211 788 286 847 Can.
303 809 341 847 10.
378 789 556 849 Pontificem
579 801 608 848 et
629 790 809 863 Apostolum
831 790 1026 849 consessionis
1048 801 1156 848 nostrae
1174 790 1214 846 sa·

117 872 198 932 itum
212 875 452 958 esse'Christum,
469 877 569 936 divina
583 877 732 950 Scriptura
742 886 965 936 commemorat.
1005 875 1122 933 Obtulit
1134 872 1214 932 enim

116 962 312 1034 semetipsum
326 981 379 1035 pro
392 964 480 1022 nobis
493 965 524 1021 in
537 965 660 1024 odorem
681 965 832 1024 suavitatis
848 966 913 1023 Deo
932 975 962 1024 et
976 965 1061 1022 Patri.
1099 962 1128 1020 Si
1148 961 1214 1033 quis

117 1065 185 1121 ergo
194 1050 372 1110 Pontificem
382 1061 412 1110 et
420 1052 600 1125 Apostolum
614 1064 747 1112 nostrum
761 1053 833 1112 dicit
843 1053 963 1123 factum,
977 1071 1037 1110 non
1048 1053 1146 1124 ipsum
1157 1049 1213 1106 Dei

117 1135 262 1207 Verbum,
275 1139 397 1210 quando
408 1157 478 1198 caro
490 1139 601 1198 tactum
620 1150 665 1199 est
683 1150 713 1199 et
731 1145 822 1198 homo
834 1141 915 1212 juxta
930 1159 984 1198 nos
997 1139 1141 1208 homines,
1161 1136 1215 1195 sed

115 1223 194 1282 velut
206 1228 342 1297 alterum,
358 1235 464 1298 praeter
476 1227 583 1299 ipsum,
596 1227 763 1299 specialiter
781 1227 935 1285 hominem
954 1245 990 1286 ex
1010 1227 1142 1297 muliere,
1164 1234 1215 1280 aut

116 1311 163 1383 qui
184 1311 269 1383 dicit,
285 1313 367 1384 quod
387 1321 442 1385 p'ro
460 1331 492 1371 se
511 1313 668 1373 obtulisset
686 1314 879 1387 semetipsum
898 1314 1091 1383 oblationem,
1106 1323 1135 1371 et
1154 1329 1214 1368 non

114 1400 216 1469 potius
230 1416 285 1471 pro
298 1399 385 1458 nobis
397 1399 467 1458 solis
480 1403 553 1471 (non
566 1401 646 1459 enim
657 1401 738 1472 eguit
746 1400 907 1473 oblatione,
918 1402 969 1474 qui
984 1413 1139 1474 peccatum
1153 1417 1215 1456 orn·

113 1486 188 1543 nino
202 1487 338 1556 nescivit)
352 1509 357 1546 :
376 1492 411 1544 Α.
428 1487 457 1546 S.

149 1592 190 1631 11.
235 1576 308 1633 Con.
330 1596 369 1632 11.
407 1574 437 1633 si
450 1576 517 1647 quis
536 1576 702 1646 confitetur,
718 1594 838 1634 carnem
853 1577 977 1635 Domini
996 1577 1215 1635 vivificatricem

111 1679 191 1729 esse,
207 1672 238 1720 et
251 1664 400 1740 propriam
413 1663 505 1735 ipsius
515 1663 606 1721 Verbi
622 1663 680 1721 Dei
701 1663 801 1734 Patris,
823 1665 876 1722 sed
889 1665 968 1723 velut
980 1665 1099 1723 alterius
1112 1674 1217 1736 praeter

111 1748 226 1822 ipsum,
235 1749 390 1821 conjundii
402 1750 499 1808 eidem
513 1767 565 1822 per
578 1750 762 1822 dignitatem,
774 1760 825 1808 aut
837 1751 922 1822 quasi
935 1751 1066 1808 divinam
1079 1751 1216 1808 habentis

110 1835 342 1908 habitationem,
358 1855 393 1895 ac
405 1855 467 1895 non
480 1838 580 1910 potius
592 1838 739 1897 vivificare
752 1838 876 1897 valentis
890 1861 895 1896 :
916 1841 951 1895 A.
966 1841 994 1898 S.
1156 1837 1158 1841 ’

151 1940 193 1980 12.
240 1923 312 1984 Can.
330 1944 368 1981 12.
405 1925 436 1982 Si
446 1925 513 1997 quis
523 1943 584 1983 non
597 1925 762 1996 confitetur,
775 1926 830 1984 Dei
842 1926 976 1984 Verbum
990 1944 1109 2000 passum
1120 1944 1217 1994 carne,

110 2021 143 2070 et
156 2011 332 2071 crucifixum
352 2030 449 2083 carne,
465 2017 495 2071 e't
512 2022 638 2072 mortem
656 2031 744 2071 carne
762 2024 904 2085 gustasse,
917 2013 1090 2086 factumque
1110 2015 1216 2086 primo·

112 2098 254 2170 genitum
279 2116 314 2156 ex
333 2099 458 2157 mortuis
483 2099 648 2158 secundum
670 2101 753 2172 quod
782 2101 841 2158 vita
863 2111 917 2171 est,
939 2111 968 2160 et
996 2101 1159 2159 vivificator
1184 2111 1216 2157 ut

114 2187 204 2244 Deus
220 2206 227 2242 :
247 2186 285 2243 A.
296 2185 323 2243 S.
688 2190 690 2194 ·

261 2318 359 2378 Cone.
376 2319 674 2386 Cunicunouuuffls
691 2319 814 2378 Guuun.
832 2320 885 2386 IV,
902 2321 1083 2378 Decimium

456 2449 566 2508 Contra
578 2449 736 2521 Eutychen,
749 2468 794 2507 an.
808 2467 856 2524 451
867 2475 884 2508 1.

153 2610 193 2662 13.
225 2586 520 2660 SequentesSanctos
531 2588 639 2658 Patres,
651 2605 743 2644 unum
755 2588 956 2659 eumdemque
966 2588 1099 2645 confiteri
1110 2589 1217 2645 Filium

116 2688 146 2736 et
162 2675 328 2734 Dominum
347 2684 481 2733 nostrum
493 2674 596 2748 Jesum
616 2672 769 2732 Christum
789 2684 988 2733 consonanter
1006 2693 1111 2733 omnes
1131 2675 1218 2733 doce·

116 2782 196 2834 mus‚
209 2761 412 2833 eumdemque
430 2762 594 2833 perfeetum
615 2765 644 2819 in
664 2761 783 2832 deitate,
800 2773 829 2820 et
846 2761 985 2820 eumdem
1005 2762 1169 2834 perfectum
1189 2764 1219 2820 in

116 2850 313 2921 humanitate,
326 2851 424 2909 Deum
437 2868 505 2909 vere
517 2858 547 2908 et
560 2849 712 2907 hominem
733 2850 961 2920 vere,eumdem‚
974 2868 1008 2908 ex
1018 2851 1120 2907 animal·
1135 2852 1219 2908 ratio-

117 2938 212 2998 nabili
226 2947 255 2996 et
267 2946 400 3010 corpore,
415 2935 698 2995 consubstantialem
713 2937 790 2994 Patri
805 2937 971 2995 secundum
985 2937 1135 3007 deitatem,
1149 2956 1220 2994 con·

117 3022 346 3084 substantialem
360 3022 448 3082 nobis
467 3022 607 3082 eumdem
621 3023 788 3081 secundum
807 3022 1032 3095 humanitatem,
1049 3042 1101 3097 per
1115 3025 1221 3082 ,omnia

119 3111 209 3170 nobis
222 3109 349 3168 similem
362 3109 478 3181 absque
490 3119 616 3182 peccato
632 3130 638 3166 z
659 3118 728 3165 ante
736 3111 844 3168 saecula
858 3110 981 3181 quidem
993 3112 1031 3169 de
1041 3112 1127 3169 Patre
1139 3111 1220 3184 geni·

119 3210 184 3258 tum
196 3198 364 3257 secundum
377 3197 528 3267 deitatem,
542 3198 571 3254 in
586 3198 753 3255 novissimis
767 3197 872 3255 diebus
882 3198 1021 3256 eumdem
1032 3210 1153 3270 propter
1166 3218 1220 3256 nos

119 3297 149 3346 et
161 3295 285 3360 propter
296 3285 421 3343 salutem
435 3294 565 3343 nostram
580 3303 614 3342 ex
630 3285 726 3342 Maria
743 3285 866 3356 Virgine
880 3286 936 3343 Dei
956 3287 1099 3358 genitrice
1117 3305 1220 3344 secun·

119 3376 191 3433 dum
206 3372 421 3431 humanitatem
436 3395 442 3431 :
456 3391 549 3430 unum
558 3372 760 3445 eumdemque
770 3372 928 3443 Christum,
939 3374 1044 3430 Filium
1056 3375 1219 3431 Dominum

122 3459 318 3533 unigenitum,
340 3460 370 3517 in
389 3459 500 3517 duabus
529 3461 646 3517 naturis
664 3461 816 3532 inconfuse,
838 3461 1065 3531 immutabiliter,
1089 3461 1218 3529 indivise,

121 3546 354 3621 inseparabiliter
362 3547 574 3618 agnoscendam,
591 3566 733 3618 nusquam
746 3548 860 3604 sublatb
872 3555 1048 3603 naturarum
1059 3547 1220 3620 diffmcntib

116 3642 238 3708 propter
249 3634 412 3704 unitionem,
425 3634 570 3706 magisque
582 3636 664 3692 soloci
672 3636 851 3707 proprietate
865 3636 1012 3705 utriusque
1024 3643 1146 3705 natura,
1155 3639 1220 3695 etin

122 3741 210 3779 unane
218 3730 372 3793 personam
384 3727 469 3792 atque
477 3721 687 3778 subsistentiam
699 3727 886 3786 concurrente,
899 3739 955 3777 non
964 3721 996 3778 in
1004 3721 1078 3779 duas
1082 3731 1222 3793 personas

121 3809 261 3882 partitum
280 3817 370 3880 atque
388 3807 525 3874 divisum,
541 3808 594 3866 sed
614 3827 702 3864 unrcm
720 3815 749 3864 et
764 3808 889 3864 ererudem
906 3808 1014 3865 Filium
1034 3810 1220 3880 unigenitum

122 3897 232 3965 Deum,
246 3892 378 3952 Verbum
392 3893 566 3964 Dominum,
579 3894 682 3967 Jesum
696 3895 848 3954 Christum
866 3916 871 3950 ι
892 3895 967 3952 sicut
980 3905 1051 3953 ante
1065 3895 1220 3967 prophetae

120 3983 158 4042 de
171 3999 218 4052 eo,
234 3991 266 4040 et
284 3981 347 4053 ipse
360 3999 416 4038 uos
428 3980 516 4054 Jesus
529 3980 665 4040 Christus
679 3982 813 4051 erudivit,
825 3990 854 4039 et
869 3983 987 4039 Patrum
1004 3981 1090 4039 nobis
1104 3984 1220 4053 symbo-

118 4072 181 4128 lum
194 4066 325 4127 tradidit.
351 4107 352 4113 .
434 4096 437 4100 ·

153 4300 221 4355 ¹Ci.
232 4301 403 4369 Denainger,
415 4317 440 4354 n.
459 4314 507 4368 134
585 4348 588 4354 .
