2684 4634
448 124 502 173 DE
521 123 632 175 new
650 122 779 172 FIDEI.
1115 123 1158 174 57

11 386 15 391 Ι
50 302 117 367 hac
134 305 263 386 duplici
286 307 550 370 consideratione
571 307 641 387 jam
665 306 835 370 efformari
855 308 977 389 poterit
997 307 1156 387 judicium

10 398 16 489 l
50 409 289 488 speculativum
305 411 347 472 de
355 411 570 491 possibilitate
584 421 618 473 et
633 411 822 492 obligatione
837 412 993 473 credendi
1009 435 1015 472 :
1040 411 1157 472 namsi

54 513 153 575 Deus
168 514 385 577 infallibiliter
399 536 501 577 verax
518 515 681 596 quasdam
691 515 846 577 veritates
858 513 1022 589 revelavit,
1032 514 1156 575 eisdem

55 637 233 680 assensum
251 620 396 700 praebere
412 631 571 683 tenemur.
618 617 701 680 Tale
715 617 876 697 judicium
893 615 928 677 in
943 637 975 677 se
989 626 1040 677 est
1063 625 1157 677 natu·

57 719 134 794 rale,
150 722 220 797 sed,
237 743 312 784 cum
329 722 372 784 sit
387 723 542 802 proxima
557 731 591 782 et
607 722 749 802 positiva
765 721 966 801 praeparatio
982 720 1023 781 ad
1048 720 1156 800 ipsum

59 821 170 885 aetum
190 823 276 901 fidei,
291 826 468 888 facultates
484 834 604 887 nostrae
626 825 696 905 jam
720 825 828 905 gratia
851 822 1092 903 supernaturali
1115 824 1157 886 de

61 923 147 988 faoo
173 926 216 988 ad
244 928 324 990 illud
349 927 593 991 efformandum
615 927 780 1008 juvantur.
827 926 875 1006 (c)
898 926 987 987 Huic
1011 926 1158 987 succedit

62 1027 153 1091 attus
175 1032 263 1112 fidei
290 1032 460 1112 implicitae,
484 1053 542 1094 seu
570 1030 730 1111 judicium
748 1027 940 1110 vpradticum
972 1025 1158 1090 intelleetns

62 1135 271 1195 assentientis
288 1136 389 1197 modo
405 1133 549 1216 generali
564 1133 719 1195 omnibus
734 1131 928 1193 veritatibus
943 1151 963 1192 a
979 1131 1053 1193 Deo
1068 1150 1158 1192 reve·

62 1235 143 1311 latis,
175 1248 311 1319 propter
333 1237 565 1302 auctoritatem
594 1238 656 1299 Dei
685 1234 868 1298 revelantis.
917 1235 982 1296 Hic
1008 1244 1059 1297 est
1082 1252 1158 1295 vere

10 1372 13 1383 =
63 1337 152 1402 attus
170 1340 245 1403 fidei
262 1343 529 1424 supernaturalis
545 1340 587 1402 ab
604 1336 771 1402 intellettu
789 1337 926 1413 elicitus,
942 1336 1003 1398 sub
1020 1336 1158 1416 imperio

63 1441 172 1505 liberae
188 1444 378 1522 voluntatis
394 1446 564 1508 excitante
580 1465 618 1504 ac
639 1448 838 1523 cooperante
862 1440 970 1520 gratia
995 1440 1058 1502 Dei
1082 1460 1157 1520 quae

62 1543 266 1609 intellettum
283 1547 448 1610 illuminat
463 1569 501 1611 ac
516 1548 724 1612 voluntatem
741 1556 860 1609 movet.
908 1545 957 1626 (d)
975 1547 1094 1608 Postea
1111 1546 1158 1606 in·

62 1647 260 1726 quirendum
276 1660 425 1712 remanet
440 1670 595 1731 quaenam
612 1653 678 1714 sint
693 1651 727 1713 in
742 1650 840 1730 specie
861 1651 1017 1711 veritates
1041 1669 1060 1710 a
1084 1649 1158 1710 Deo

61 1751 225 1827 revelatae,
240 1763 278 1814 ut
292 1754 450 1835 explicite
466 1755 554 1817 credi
569 1754 711 1816 valeant.
756 1753 912 1833 Jamvero
927 1772 993 1813 una
1008 1771 1026 1812 e
1040 1752 1158 1814 verita·

61 1851 147 1914 tibus
164 1874 184 1914 a
200 1853 334 1917 Christo
350 1856 579 1932 manifestatis,
595 1865 645 1918 est
661 1855 841 1917 infallibilis
853 1852 1031 1917 auooritas
1045 1854 1171 1922 Eccle·,

60 1954 115 2015 siae
131 1977 291 2020 concessa
307 1959 349 2021 ad
365 1957 596 2022 auctoritative
612 1958 845 2041 proponendas
858 1957 1013 2019 veritates
1025 1956 1158 2018 creden-

60 2057 139 2121 das:
173 2059 250 2122 huic
273 2064 405 2125 veritati
430 2083 584 2125 assensus
609 2061 868 2143 supernaturalis
892 2069 942 2122 est
967 2058 1059 2123 attus
1083 2060 1158 2123 fidei

58 2160 230 2242 explicitae
253 2163 297 2225 ab
321 2163 492 2228 intellettu
516 2165 645 2228 elicitus
669 2165 731 2227 sub
756 2165 895 2246 imperio
919 2164 1101 2247 voluntatis
1127 2175 1160 2227 et

44 2259 189 2325 'influxu
205 2267 328 2346 gratia.
375 2265 453 2348 Quo
469 2266 612 2348 peraeto
625 2267 694 2348 jam
712 2267 815 2329 facilis
832 2267 893 2328 erit
904 2267 958 2327 via
970 2267 1012 2329 ad
1025 2267 1160 2335 creden-

56 2366 137 2427 dum
156 2369 314 2449 explicite
330 2371 490 2453 quidquid
508 2371 658 2434 Ecclesia
675 2368 855 2432 infallibilis
867 2377 1028 2449 tanquam
1041 2371 1083 2432 de
1095 2369 1160 2432 fide

56 2473 275 2550 proposuerit.
305 2517 308 2524 -

88 2643 142 2697 11.
163 2643 301 2703 Modus
317 2658 396 2717 quo
413 2645 500 2703 fidei
517 2651 627 2704 actus
644 2662 666 2704 a
682 2645 849 2704 rudibus
866 2650 904 2703 et
917 2646 1128 2706 incredulis

486 2729 574 2784 elici
593 2732 733 2800 potest.
852 2726 855 2735 '

98 2858 248 2920 Maximi
265 2862 425 2924 momenti
442 2872 493 2924 est
516 2863 598 2924 scire
623 2864 793 2945 quomodo
818 2862 970 2924 homines
994 2865 1036 2926 ad
1061 2863 1160 2927 fidem

54 2960 132 3025 duci
157 2963 211 3024 vel
237 2964 348 3025 reduci
374 2968 511 3047 possint.
558 2967 749 3030 Scientifica
774 2966 961 3043 methodus
984 2987 1059 3048 quae
1084 2990 1160 3031 cum

53 3063 163 3128 doctis
181 3066 330 3129 adhiberi
345 3079 465 3150 potest,
478 3070 596 3132 eadem
609 3081 660 3133 est
672 3092 710 3132 ac
723 3091 761 3132 ea
772 3092 847 3151 quae
860 3072 1002 3133 traditur
1014 3073 1046 3134 in
1066 3074 1160 3135 Theo-

53 3171 147 3250 logie
149 3170 419 3248 fundamentalis
434 3174 664 3254 compendiis1
712 3173 857 3255 Quando
872 3183 984 3236 autem
998 3177 1108 3256 agitur
1119 3178 1160 3239 de

53 3274 166 3355 pueris
180 3281 214 3335 et
226 3273 361 3336 rudibus
377 3276 428 3337 vel
445 3277 487 3338 de
499 3277 684 3352 incredulis,
697 3277 856 3358 speciales
868 3277 1081 3341 difficultates
1090 3281 1158 3340 exi·

53 3386 158 3452 stunt,
176 3396 213 3438 ac
230 3378 370 3458 proinde
386 3379 538 3459 specialis
555 3379 734 3442 methodus
751 3390 802 3442 est
818 3380 1016 3443 adhibenda.

104 3564 173 3614 120.
225 3558 257 3606 1⁰
273 3545 324 3608 De
339 3547 461 3609 Pueris
476 3569 514 3609 ac
528 3549 704 3611 Rodium
749 3550 808 3631 (Α)
826 3552 994 3632 Imprimis
1011 3553 1103 3634 pueri
1126 3564 1160 3615 et

52 3651 162 3726 rudes,
177 3651 314 3730 quando
329 3651 439 3713 adhuc
455 3653 623 3734 simplices
639 3663 672 3716 et
688 3651 768 3715 resti
785 3664 871 3730 sunt,
884 3657 1051 3736 propriam
1066 3658 1159 3736 igno·

84 3853 94 3883 ¹
109 3853 206 3923 Hujus
219 3854 346 3908 methodi
359 3857 520 3924 exemplum
533 3856 622 3909 habes
641 3856 669 3908 in
689 3858 824 3924 opusculo
845 3858 928 3910 Card.
945 3859 1101 3926 Manm'ng,
1115 3857 1158 3910 cui

51 3943 150 3997 titulus
163 3942 276 4012 Religio
289 3944 417 3996 motoris.

83 4026 94 4056 ²
107 4028 152 4082 Cf.
165 4029 289 4098 Lesranc
299 4031 332 4082 de
344 4032 532 4106 Pomngnan,
548 4031 735 4085 Controverse
749 4032 887 4101 pacifique
901 4050 948 4085 sur
961 4032 988 4084 la
1000 4032 1037 4084 soi
1049 4033 1100 4085 des
1111 4049 1158 4085 en-

49 4119 125 4172 lants
138 4117 260 4187 (Mzgrna
277 4119 309 4171 T.
326 4119 355 4170 C.
370 4117 526 4187 Vl,1o70);
546 4119 721 4187 Dechamps,
736 4118 900 4172 Entretiens
915 4137 962 4172 sur
975 4119 1001 4172 la
1017 4119 1158 4172 De'mons-

50 4206 157 4259 tration
170 4203 286 4272 cathol,
306 4197 341 4256 1er
352 4215 381 4258 et
394 4204 506 4258 dernier
520 4206 676 4260 Entretien.
