2684 4634
447 189 779 241 k'ROLEGOMENA.
1139 194 1159 244 9

57 369 412 452 sauruminvestigare
427 373 544 453 quanti
568 373 729 435 momenti
753 372 795 435 sit
818 392 917 434 nemo
939 382 990 435 est
1013 373 1069 454 qui
1094 394 1159 435 non

58 477 198 539 videat.1

105 581 167 662 (B)
183 580 240 642 Ex
252 580 414 643 erroribus
429 581 492 643 hac
516 581 558 643 de
582 601 616 642 re
640 580 762 660 ubique
785 579 1036 660 grassantibus:
1062 580 1161 642 hodie

58 684 149 746 enim
168 693 322 747 naturam
345 683 421 746 fidei
444 683 585 747 leoeretici
606 682 701 746 multi
725 690 927 762 pervertunt,
949 681 1021 761 ejus
1044 681 1160 745 sunda·
1262 739 1266 748 .

60 796 178 849 menta
192 786 420 850 Ratonalisroe
434 796 580 850 evertere
600 794 770 862 conantur,
794 806 934 866 eamque
961 786 1161 868 impugnant

62 891 160 970 quasi
178 889 298 951 rationi
314 890 522 972 oppositam:
547 889 695 952 maxime
711 889 811 970 igitur
826 889 962 952 interest
979 889 1049 970 ejus
1066 899 1160 953 natu-

60 1014 142 1070 ram,
159 991 339 1073 objed'tum
361 995 523 1056 motivum
544 1003 577 1056 et
598 993 842 1074 legitimitatem
867 993 1042 1068 declarare,
1057 1003 1094 1057 ut
1114 994 1160 1055 sic

60 1099 331 1160 demonstremus
347 1098 544 1161 rationabile
560 1119 631 1159 esse
647 1096 842 1177 obsequium
860 1095 935 1158 fidei
952 1106 1081 1160 nostrae.

107 1259 154 1318 18.
202 1256 315 1337 Quum
329 1253 422 1319 attus
433 1255 508 1330 fidei
520 1256 615 1318 nobis
625 1255 831 1317 innotescere
843 1254 1057 1336 nequeatnisi
1071 1254 1159 1334 prius

62 1358 305 1421 determinetur
320 1357 489 1440 objettum
506 1361 591 1422 circa
608 1360 697 1440 quod
714 1367 872 1434 versatur,
887 1358 1054 1420 dicemus:
1081 1357 1092 1418 l
1118 1357 1160 1418 de

62 1462 158 1525 Fidei
176 1463 305 1544 objelim
333 1464 367 1524 ΙΙ
385 1465 427 1526 de
445 1463 537 1526 Fidei
554 1464 645 1535 abian·
669 1471 702 1524 et
725 1482 783 1542 per
808 1462 943 1524 modum
968 1459 1162 1542 Appendicis
1223 1544 1227 1551 ¹

61 1567 240 1629 relationes
258 1566 357 1629 fidem
377 1568 461 1631 inter
477 1577 510 1631 et
526 1567 687 1630 rationem
704 1585 920 1647 exponemus.
1022 1556 1025 1562 ’

839 1701 881 1763 de
892 1699 1083 1762 veritatibus
1096 1697 1159 1760 sor-

854 1787 983 1848 maliter
998 1785 1158 1847 revelatis.

839 1876 880 1937 de
894 1872 1086 1934 veritatibus
1097 1873 1159 1934 vir·

853 1960 985 2023 tualiter
1000 1959 1158 2021 revelatis.

134 2048 263 2111 CAPUT
282 2049 306 2110 l.
382 2050 542 2113 materiali
838 2047 880 2109 de
904 2046 1159 2108 revelationibus

112 2136 167 2197 De
197 2132 329 2215 objed'to
853 2134 996 2216 privatis.

188 2221 263 2284 fidei
601 2245 676 2309 fidei
694 2245 875 2310 catholicae.

601 2361 653 2421 De
669 2360 874 2422 incremento
890 2361 1068 2442 utriusque.

598 2469 700 2532 thesis
716 2469 886 2532 catholica.

598 2557 799 2637 quaestiones
815 2558 1000 2639 disputatae.

598 2689 656 2748 per
665 2669 925 2750 propositionem
939 2669 1157 2732 revelationis.

597 2776 655 2836 per
671 2756 796 2819 motiva
811 2755 1048 2818 credibilitatis

582 2864 708 2927 lcausae
724 2865 765 2926 ad
783 2865 816 2926 id
833 2874 1071 2926 concurrentes.

377 2901 550 2985 pr⁰d¹¹ffi⁰
582 2934 719 3013 lmodus
735 2972 801 3032 quo
819 2951 863 3015 fit.

125 3011 311 3075 CAPuTIl.

146 3100 198 3160 De
214 3095 288 3161 appu
486 3122 488 3127 ,
583 3059 746 3234 'firmitas

181 3184 256 3247 fidei
354 3185 571 3268 proprietates
600 3146 825 3246 infallibilitas,
880 3165 883 3171 ·

600 3233 792 3297 obscuritas.

602 3319 744 3382 libertas.

582 3429 640 3512 [de
657 3429 695 3488 iis
711 3428 768 3508 qui
784 3438 862 3491 sunt
879 3429 910 3490 in
928 3429 1079 3493 termino.

579 3512 640 3584 lde
657 3514 847 3577 hominibus
863 3516 1050 3578 viatoribus

602 1917 815 1981 fideidivinae.

399 2508 527 2571 forman
578 2480 591 2615 l

366 2707 565 2788 praeparatio
577 2697 590 2830 ἶ

368 3467 553 3549 subje6tum

112 3617 321 3680 Appsunrx.

125 3705 178 3765 De
192 3703 308 3766 habitu

117 3792 203 3853 inter
213 3789 311 3852 fidem

106 3887 140 3942 et
150 3877 321 3939 rationem.

355 3656 453 3718 Fides
469 3665 502 3718 et
518 3657 602 3719 ratio
618 3678 692 3719 vere
708 3659 965 3740 distinguuntur.

354 3743 454 3806 Nulla
465 3764 541 3805 vera
551 3745 714 3806 dissensio
730 3746 815 3809 inter
831 3745 929 3808 fidem
943 3757 977 3809 et
989 3748 1158 3810 rationem.

355 3831 453 3893 Fides
470 3840 503 3893 et
519 3832 602 3893 ratio
619 3841 768 3894 mutuam
785 3833 847 3894 sibi
863 3854 960 3915 opem
978 3845 1144 3919 praestant.

85 4095 94 4118 ¹
116 4088 162 4140 De
181 4083 346 4155 praestantia
365 4081 430 4136 fidei
450 4081 585 4150 praeclare
604 4081 746 4136 disserunt
765 4084 885 4151 Horten,
902 4085 999 4138 Theoi.
1017 4087 1150 4153 Dogmat.

51 4173 224 4243 Compend,
240 4172 292 4225 vol.
310 4172 331 4237 l,
345 4187 371 4223 n.
386 4170 439 4222 606
452 4186 508 4238 sq.;
527 4169 706 4234 Lacoraat're,
729 4176 772 4222 12e
787 4170 909 4235 Comma
928 4169 1064 4240 Largam,
1087 4174 1151 4226 Une

51 4261 164 4317 Station
178 4260 213 4315 de
227 4258 352 4326 Carrime,
371 4256 458 4323 Paris,
477 4257 552 4325 1881,
566 4276 593 4327 p.
611 4273 643 4326 33
657 4276 699 4327 sq.
