2684 4634
117 179 177 229 150
556 177 693 228 CAPUT
713 178 770 225 111.

117 359 180 420 Dei
197 368 230 421 et
246 360 369 420 bonum
387 358 539 434 hominis
556 359 602 421 ita
620 369 732 420 tamen
749 368 785 421 ut
801 357 863 420 hoc
880 357 994 437 gloriae
1007 355 1072 418 Dei
1085 355 1210 417 subser-

117 463 192 537 viat,
207 460 306 540 juxta
323 460 423 523 illud:
447 466 462 492 “
477 461 590 523 Glam'a
608 463 638 522 in
657 461 825 523 altissimis
844 461 927 536 Deo,
943 469 977 522 et
993 461 1025 520 in
1043 463 1131 522 terra
1147 468 1214 538 pax

117 563 306 626 hominibus
323 565 420 626 bonae
436 565 654 629 voluntatis...
703 565 827 629 Omnia
843 574 977 647 propter
998 563 1211 644 semetipsum

117 678 272 747 operatus
289 678 339 731 est
362 669 576 731 Dominus”1.
625 670 714 731 Hinc
741 669 933 732 Vaticanum
956 667 1127 731 definivit:
1151 665 1212 728 “Si

118 770 226 849 quis..
244 772 406 833 mundum
430 774 472 834 ad
498 773 561 834 Dei
585 773 724 854 gloriam
748 772 918 834 conditum
943 791 1014 833 esse
1038 769 1213 851 negaverit,

119 871 159 932 A.
172 872 222 936 S.''
269 870 326 958 (b)
343 875 432 936 Finis
445 885 556 937 autem
569 875 735 955 operantis,
746 895 843 955 quem
858 874 918 935 sibi
932 875 1023 935 Deus
1033 871 1213 946 constituit,

119 974 180 1037 fuit
195 976 394 1039 desiderium
412 980 579 1060 propriam
597 979 780 1041 bonitatem
798 978 869 1040 aliis
882 977 1161 1051 communicandi,
1173 976 1213 1037 ad

118 1080 396 1143 manifestandam
410 1080 644 1162 perfeftionem
655 1103 759 1158 suam,
769 1103 835 1144 non
846 1091 958 1145 autem
969 1081 1093 1162 aliquid
1106 1081 1214 1162 acqui-

119 1184 245 1246 rendi²:
268 1188 284 1214 ‘¹
297 1184 363 1246 Hic
380 1185 468 1269 solus
485 1206 580 1248 verus
598 1187 699 1261 Deus,
716 1187 763 1248 ait
784 1185 984 1262 Vaticanum,
995 1185 1146 1247 bonitate
1158 1187 1216 1244 suat

120 1293 152 1346 et
163 1289 383 1368 omnipotenti
395 1289 514 1351 virtute
525 1311 590 1352 non
603 1294 644 1352 ad
657 1291 844 1371 augendam
858 1309 951 1351 suam
966 1288 1217 1362 beatitudinem,

120 1410 180 1451 nec
201 1393 245 1454 ad
270 1393 515 1473 acquirendam,
532 1396 589 1457 sed
615 1395 656 1457 ad
682 1394 961 1457 manifestandam
979 1391 1217 1474 perfeftionem

120 1514 213 1556 suam
242 1515 299 1576 per
326 1495 422 1572 bona,
438 1517 512 1577 quae
540 1498 696 1560 creaturis
723 1497 940 1579 impertitur'’,
963 1504 1022 1558 etc.
1070 1485 1127 1557 Ex
1152 1515 1217 1575 quo

120 1599 266 1678 sequitur
282 1599 420 1680 gloriam
433 1602 496 1664 Dei
507 1611 540 1664 et
550 1623 660 1664 veram
673 1601 817 1663 hominis
831 1601 1070 1663 beatitudinem
1084 1601 1117 1660 in
1129 1601 1217 1661 idem

121 1702 285 1765 incidere:
309 1723 385 1765 nam
403 1725 533 1767 summa
551 1705 614 1766 Dei
630 1704 733 1784 gloria
749 1714 889 1766 externa
904 1713 954 1765 est
969 1705 1076 1784 ipsum
1090 1702 1219 1764 anobis

121 1803 264 1885 perfefte
280 1809 444 1888 cognosci,
456 1809 566 1878 amari¹
575 1817 609 1870 et
621 1809 762 1889 gustari,
785 1827 952 1869 summum
966 1816 1078 1869 autem
1091 1807 1218 1869 bonum

121 1918 270 1971 nostrum
288 1921 337 1972 est
355 1912 465 1973 Deum
483 1913 601 1985 videre,
618 1932 729 1972 amare
745 1920 778 1973 et
793 1919 953 1992 gustare&

166 2043 232 2110 115.
277 2035 337 2117 (B)
355 2037 446 2098 Deus
463 2039 575 2099 omnia
592 2038 801 2118 praeordinat,
814 2037 882 2098 sive
899 2035 1062 2098 naturalia
1078 2035 1147 2097 sive
1164 2056 1221 2096 su-

122 2139 352 2216 pernaturalia,
365 2140 406 2200 ad
424 2140 565 2202 salutem
579 2141 763 2202 animarum
775 2161 782 2216 ;
805 2139 1023 2200 diciturenim
1038 2159 1044 2200 :
1067 2142 1083 2169 “
1095 2137 1220 2201 Omnia

122 2242 211 2302 enim
228 2251 362 2322 propter
378 2264 445 2320 vos,
462 2253 498 2305 ut
514 2244 620 2324 gratia
637 2244 820 2317 abundans,
837 2262 894 2324 per
911 2239 1035 2305 multos·
1049 2243 1081 2302 in
1097 2243 1220 2323 gratia-

123 2364 195 2404 rum
212 2343 350 2422 aftione,
367 2347 515 2409 abundet
531 2349 563 2410 in
581 2349 720 2430 gloriam
739 2349 850 2410 Dei”4.
899 2348 1026 2409 Revera
1048 2366 1131 2427 opus
1155 2346 1219 2407 Dei

123 2447 448 2526 excellentissimum,
464 2453 505 2512 ad
523 2454 611 2530 quod
629 2462 738 2514 cetera
751 2451 941 2526 referuntur,
954 2471 996 2513 sc.
1016 2450 1220 2512 lncarnatio-

124 2551 174 2610 nis
191 2553 392 2631 mysterium,
409 2553 578 2614 decretum
596 2553 657 2616 fuit
672 2564 808 2633 propter
821 2573 877 2616 aas
892 2551 1061 2634 atpmptar
1076 2562 1220 2614 nostram

122 2654 265 2719 salutem.

167 2775 231 2839 116.
278 2777 335 2859 (C)
353 2778 563 2841 Providentia
580 2800 710 2860 semper
725 2758 911 2860 assequitur
926 2776 1024 2839 finem
1036 2760 1221 2856 generalem

124 2891 157 2943 et
173 2881 375 2960 pm'mam'am
401 2885 442 2946 ad
467 2904 565 2963 quem
590 2885 702 2945 omnia
719 2884 840 2964 dirigit,
856 2903 899 2944 sc.
916 2881 1219 2943 manifestationem

125 2984 357 3047 attributorum
373 2986 445 3061 Dei,
457 3007 534 3048 nam
549 2988 580 3047 in
594 2988 666 3067 ipsa
680 2987 856 3067 impiorum
870 2985 1101 3067 reprobatione
1112 2983 1221 3047 elucet

124 3085 282 3168 perfeftio
289 3089 442 3168 justitiae,
466 3092 523 3152 sed
535 3112 600 3153 non
612 3110 743 3170 semper
752 3090 937 3170 assequitur
947 3087 1045 3150 finem
1055 3087 1221 3168 specialem

124 3199 158 3252 et
172 3191 396 3254 secundariam
414 3194 551 3273 singulis
564 3195 720 3268 creaturis
733 3194 955 3274 assignatum;
979 3211 1054 3256 nam
1068 3192 1223 3253 Provisor

125 3296 286 3376 generalis
310 3297 434 3359 bonum
460 3296 642 3358 universale
666 3297 755 3358 bono
778 3297 907 3376 privato
930 3295 1083 3377 praeferre
1105 3295 1223 3373 debet;

122 3397 270 3477 jamvero
287 3398 411 3461 bonum
428 3399 611 3460 universale
628 3399 790 3479 requirere
807 3407 915 3479 potest
939 3406 975 3460 ut
998 3397 1109 3460 adsint
1132 3396 1223 3480 leges

124 3502 302 3581 generales
319 3505 349 3564 vi
367 3523 505 3582 quarum
523 3503 647 3564 bonum
665 3503 828 3590 privatum
842 3502 979 3577 laeditur,
992 3510 1049 3564 aut
1061 3511 1222 3583 creaturae

125 3605 300 3669 rationales
317 3615 350 3668 et
367 3606 477 3668 liberae
494 3627 513 3667 a
529 3626 589 3667 suo
606 3605 670 3667 fine
687 3605 827 3668 delicere
843 3614 989 3686 possunt.

169 3736 233 3806 117.
279 3725 342 3806 (D)
360 3726 453 3788 Licet
472 3726 682 3787 Providentia
698 3727 739 3788 ad
757 3727 877 3802 omnia,
894 3725 994 3787 etiam
1011 3722 1135 3801 infima,
1151 3747 1223 3789 sese

125 3830 295 3904 extendat,
312 3839 344 3891 et
368 3829 521 3890 omnibus
546 3829 738 3890 immediate
762 3828 934 3910 provideat
957 3828 1067 3908 quoad
1092 3827 1167 3890 finis
1190 3839 1224 3891 et

126 3933 307 3995 mediorum
324 3932 629 4007 datama'aatmaam
642 3941 763 4007 tamen,
776 3932 886 4012 quoad
900 3932 1043 3994 ordinem
1055 3935 1222 3994 exsecutio-

125 4038 184 4114 m‘s,
201 4037 353 4098 inferiora
369 4021 531 4116 gubernat
548 4057 606 4116 per
622 4038 797 4117 superiora,
815 4056 879 4097 non
898 4044 1032 4116 propter
1053 4033 1223 4113 defectum

122 4159 127 4168 ·
160 4205 248 4255 1Luc.
266 4203 303 4254 ll.
322 4217 364 4270 143
383 4204 469 4254 l’rau.
487 4202 566 4263 XVI,
583 4220 605 4270 4.
622 4233 656 4239 —
668 4207 678 4228 ²
692 4202 722 4253 S.
743 4201 793 4252 le.
813 4203 833 4266 l,
848 4219 873 4270 q.
888 4215 930 4266 44,
944 4218 968 4254 a.
982 4215 1007 4266 4.
1021 4231 1055 4238 -
1075 4201 1143 4254 ³Cf.
1159 4203 1222 4254 Les·

125 4294 192 4358 sius,
208 4307 252 4358 op.
267 4289 311 4342 cit.
327 4291 343 4343 l.
360 4291 410 4354 lV,
426 4307 448 4342 c.
463 4307 488 4342 n.
503 4291 545 4342 62.
562 4319 596 4326 —
609 4287 618 4315 ‘¹
630 4290 666 4340 ll
678 4289 737 4341 Car.
756 4289 804 4354 lV,
822 4301 858 4356 15.
1016 4298 1018 4301 ·
