2684 4634
121 181 188 232 250
569 181 709 234 CAPUT
725 180 769 231 11.

120 358 228 433 tionis,
243 356 294 420 vel
312 357 403 420 lenta-
417 360 648 440 progressione
662 342 714 424 uel
731 359 799 424 ullo
815 380 860 422 ex
875 357 1064 423 defectibus
1080 360 1207 441 quicum

120 461 265 523 humana
281 463 494 542 generatione
511 461 760 547 conneiiuntur.

165 561 230 649 (B)
260 565 502 646 Approprrata:
535 567 584 648 (a)
615 566 861 648 Ornnipotentia,
886 567 964 648 quia
996 567 1152 649 potentia
1172 575 1213 628 est

120 668 220 730 veluti
238 688 403 730 summum
421 669 618 750 principium
638 658 701 733 Dei
725 668 964 752 perfeilionum
989 679 1022 734 et
1049 670 1126 733 ideo
1147 690 1215 732 con·

120 771 210 834 venit
226 770 412 852 specialiter
429 772 525 846 Patri,
543 773 599 852 qui
615 783 665 835 est
689 773 886 855 principium
911 772 1015 836 totius
1041 773 1216 836 Trinitatis.

120 869 173 957 (b)
191 871 324 948 Creatio,
334 873 412 955 quia
427 883 478 935 est
494 875 677 955 praesertim
694 896 775 957 opus
792 876 959 958 potentiae.
1007 876 1058 958 (c)
1075 876 1217 938 AEterni-

120 985 178 1050 tas,
194 996 268 1056 quae
286 975 380 1038 initio
396 986 494 1052 caret,
510 986 543 1038 et
560 980 715 1071 convenit
729 978 818 1040 Patri
830 980 887 1059 qui
900 978 972 1040 sine
985 979 1154 1062 principio
1166 988 1218 1040 est

164 1108 229 1176 152.
275 1095 736 1178 Nomz'na'saaadapersona.

163 1197 220 1278 (A)
236 1196 401 1277 Propria:
427 1197 474 1279 (a)
489 1198 690 1264 Nominatur
705 1199 822 1274 Filius,
835 1199 914 1280 quia
930 1200 1084 1281 procedit
1097 1200 1117 1263 a'
1131 1202 1224 1263 Patre

119 1320 177 1382 per
200 1319 311 1362 veram
335 1300 592 1381 generationem.
638 1301 690 1383 (b)
716 1301 862 1377 Verbum,
886 1303 965 1384 quia
989 1304 1144 1384 procedit
1168 1325 1225 1386 per

70 1456 72 1461 .
119 1405 207 1466 viam
224 1401 468 1480 intellectionis;
492 1405 584 1486 atqui
601 1402 694 1469 actus
712 1403 898 1469 intellectus
921 1415 1062 1468 vocatur
1085 1406 1222 1470 verbum

120 1507 285 1568 internum
301 1525 359 1567 seu
376 1507 551 1587 conceptio
568 1508 697 1573 mentis
743 1507 941 1589 (e)lmag01
961 1509 1081 1586 Patris,
1097 1511 1176 1591 quia
1190 1510 1221 1572 vi

120 1611 221 1691 ipsius
231 1609 375 1690 originis,
387 1609 489 1671 Filius
500 1619 550 1672 est
563 1607 707 1692 perfec'te
719 1611 809 1673 Patri
818 1609 948 1690 similis;
971 1622 1113 1674 vocatur
1124 1613 1219 1675 etiam

119 1712 269 1794 splendor
276 1713 394 1794 gloria
407 1722 440 1774 et
447 1713 566 1794 figura
581 1714 795 1789 substantiae
812 1715 890 1795 quia
905 1722 955 1776 est
978 1714 1093 1796 imago
1117 1715 1217 1797 splen-

119 1817 291 1880 didissima
307 1826 340 1879 et
356 1815 582 1879 substantialis
600 1817 732 1878 Patriss.
1251 1892 1253 1905 Ι

162 1919 223 2001 (Β)
238 1918 483 1999 Approprrata:
517 1919 568 2001 (a)
587 1919 765 2000 Sapientia,
788 1919 866 2001 quia
889 1920 1055 2001 sapientia
1080 1923 1213 2003 pertinet
1249 1922 1253 1957 ¹

115 2021 162 2084 ¹ad
190 2020 409 2102 intellectum;
444 2024 537 2103 atqui
569 2023 719 2085 Verbum
750 2024 900 2103 procedit
922 2043 983 2104 per
1006 2022 1210 2094 intellectum¹

119 2126 169 2208 (b)
187 2127 310 2190 Omnia
325 2137 419 2206 opera
434 2127 606 2208 sapientire,
623 2142 650 2189 v.·
668 2147 697 2208 g.
715 2126 797 2188 ordo
813 2126 846 2187 in
865 2124 991 2188 mundo
1007 2127 1165 2190 existens.

164 2261 228 2330 153
273 2247 420 2309 Nomina
436 2249 538 2311 tertia
544 2259 691 2329 personae
698 2261 720 2310 4.

165 2346 229 2436 (A)
259 2349 404 2430 Propria
414 2373 426 2412 .·
463 2351 510 2432 (a)
532 2351 680 2413 Vocatur
706 2349 863 2431 Spiritus,
887 2349 965 2430 quia
989 2351 1142 2431 procedit
1165 2370 1213 2432 per

119 2455 206 2517 viam
224 2454 413 2535 spirationis
430 2475 488 2516 seu
506 2455 654 2517 amoriss.
699 2453 751 2535 (b)
766 2456 881 2527 Amor,
898 2454 976 2532 quia
992 2464 1042 2517 est
1063 2454 1213 2517 terminus

118 2557 346 2622 substantialis
364 2557 449 2620 illius
467 2559 572 2621 unicae
596 2555 782 2620 dilectionis
805 2561 870 2638 qua
895 2558 993 2619 Pater
1015 2567 1109 2620 amat
1132 2579 1167 2621 se
1188 2565 1214 2618 et

120 2662 240 2725 Filium
257 2672 291 2724 et
306 2666 371 2743 quir
390 2662 493 2724 Filius
509 2672 600 2724 amat
617 2681 652 2723 se
668 2670 701 2722 et
718 2662 861 2736 Patrem,
877 2660 1018 2741 ideoque
1036 2663 1156 2724 merito
1166 2681 1214 2724 vo·

118 2775 212 2829 catur
227 2785 321 2827 amor
343 2764 535 2829 subsistens.
582 2766 731 2827 Vocatur
754 2763 856 2824 etiam
881 2782 988 2840 nenas,
1005 2763 1091 2840 ecnro,
1106 2763 1215 2845 ample·

115 2891 186 2945 rus,
202 2871 281 2950 quia
296 2877 347 2932 est
369 2869 470 2932 veluti
496 2889 603 2930 nexus
627 2888 693 2950 quo
718 2868 816 2929 Pater
838 2874 872 2929 et
896 2865 999 2928 Filius
1024 2867 1166 2930 invicem
1188 2886 1216 2928 se

118 2972 393 3055 compleiiuntur.
441 2974 487 3055 (c)
504 2973 645 3049 Donnrn,
661 2974 739 3054 quia
754 2971 905 3052 procedit
917 2972 1077 3052 perviam
1090 2973 1216 3048 amoris;

119 3078 210 3156 atqui
227 3097 320 3138 amor
337 3076 416 3137 nihil
435 3070 524 3139 aliud
541 3087 591 3139 est
609 3078 670 3138 nisi
687 3076 736 3137 sui
754 3076 855 3156 ipsius
872 3075 1007 3137 donum.

162 3181 221 3262 (Β)
245 3180 487 3261 Appropriata:
525 3181 576 3262 (a)
602 3180 733 3251 Caritas
756 3199 812 3240 seu
838 3178 978 3254 bonitas
1002 3179 1081 3262 quia
1104 3181 1218 3243 caritas

117 3285 244 3365 optime
269 3284 425 3345 convenit
455 3283 593 3364 Spiritui
622 3285 677 3365 qui
706 3283 856 3363 procedit
888 3303 947 3364 per
978 3283 1068 3345 viam
1092 3285 1217 3347 amoris.

118 3388 166 3469 (b)
186 3388 310 3452 Omnia
326 3399 419 3468 opera
435 3387 590 3449 coritanis.
637 3386 685 3468 (c.)
704 3386 891 3447 Praesertim
909 3405 987 3447 vero
1004 3406 1090 3467 opus
1104 3387 1219 3450 sancli-

108 3492 285 3573 ficanonir,
300 3493 379 3572 quia
395 3489 613 3554 saniiificatio
637 3499 750 3552 nostra
773 3497 824 3550 est
847 3508 932 3569 opus
956 3489 1089 3553 amoris.
1136 3489 1219 3552 Hinc

118 3598 218 3658 etiam
235 3605 373 3657 vocatur
388 3595 589 3669 Paracletus,
606 3595 624 3658 i.
642 3616 666 3656 e.
684 3595 874 3658 consolator
889 3604 923 3659 et
940 3597 1133 3673 advocatus,
1148 3597 1220 3679 quia

118 3720 178 3762 nos
195 3720 253 3782 per
267 3699 410 3780 gratiam
427 3696 624 3773 consolatur,
642 3707 675 3787 et
692 3683 839 3777 postulat
855 3717 916 3779 pro
933 3695 1028 3759 nobis
1044 3700 1220 3779 gemitibus

30 3793 34 3802 ⁸
118 3801 400 3863 inenarrabilibus,

153 3954 160 3975 ¹
176 3949 275 4002 Coloss.
294 3950 314 4010 1,
332 3962 360 4016 15
382 3978 416 3985 -
429 3946 535 4000 εἰΗιύν.
551 3949 571 4013 Ι,
582 3962 607 4016 3.
619 3977 650 3985 —
665 3946 713 4000 ³5.
728 3948 822 4001 Tlr'om.
837 3950 858 4015 l,
871 3966 899 4018 q.
913 3963 1046 4019 34-35.-
1059 3949 1111 4006 ⁴5.
1127 3948 1223 4007 Thone

120 4037 141 4101 l,
156 4053 182 4103 q·
197 4037 286 4103 37'38·

152 4119 162 4151 ὃ
178 4123 290 4173 Nomen
306 4121 373 4173 illud
389 4122 525 4188 Spiritus.
540 4129 679 4189 quatenus
693 4121 868 4190 spiritualem
881 4124 1071 4178 substantiam
1084 4126 1220 4196 designat,

118 4206 249 4260 convenit
263 4205 379 4274 quidem
393 4206 480 4259 tribus
495 4205 598 4258 divinis
612 4206 739 4274 personis
745 4226 752 4271 ;
771 4207 881 4260 sedhic
896 4201 1015 4263 sumitur
1026 4222 1171 4280 quatenus
1189 4210 1223 4264 si·

117 4293 233 4362 gnificat
247 4293 400 4346 motionem
415 4305 440 4346 et
456 4293 652 4361 impulsionem
666 4294 788 4347 amantis
803 4294 830 4347 in
844 4305 1051 4353 remanatam.
1144 4331 1148 4337 ·

164 4574 254 4594 Α
