2684 4620
529 174 586 224 DE
606 176 800 226 ANGELIS.
1154 177 1217 226 297

146 361 275 415 Possunt
284 354 393 428 pariter
400 355 438 413 ad
447 355 574 412 invicem
585 356 666 428 loqui
680 377 685 413 :
702 357 721 383 “
731 355 900 412 clamabant
910 354 983 410 alter
993 354 1030 410 ad
1042 353 1168 410 alterum
1178 353 1218 418 ''¹;

113 444 193 514 quod
207 443 330 509 faciunt,
342 453 505 514 conceptus
519 443 626 500 mentis
640 442 784 515 proprios,
795 461 855 499 non
870 441 991 512 quidem
1006 439 1158 496 locutione
1171 457 1218 495 ex·

112 531 203 595 lond,
220 530 274 588 sed
293 529 387 588 libero
406 529 564 587 voluntatis
584 530 653 587 adiu
666 529 729 587 aliis
743 529 866 601 Angelis
886 526 1113 594 manifestando,
1126 524 1218 582 modo

112 617 197 674 nobis
212 616 325 688 ignoto

143 739 184 789 61.
224 746 254 795 2⁰
267 736 295 790 A
298 735 376 807 ngeli
380 735 497 806 pariter
508 736 654 793 uoluntate
666 735 756 792 [rbere
766 734 918 806 grindorff.

143 825 273 882 Constat
286 843 321 882 ex
333 841 370 880 eo
383 823 473 894 quod,
488 832 562 880 teste
576 822 735 893 Scriptum,
749 821 870 893 quidam
885 821 960 878 inter
970 821 1101 891 Angelos
1115 837 1216 891 pecca-

110 912 206 968 verint
219 921 249 968 et
263 910 357 983 puniti
371 910 488 979 fuerint,
501 910 574 967 dum
588 908 636 966 alii
651 917 912 980 perseveraverunt
922 918 951 965 et
960 908 1073 966 visione
1081 908 1217 965 beatificet

110 997 267 1055 sruuntur⁸
279 1020 285 1056 z
298 998 435 1054 meritum
446 996 526 1053 enirn
538 1005 566 1052 et
577 996 754 1054 demeritum
765 995 932 1053 libertatem
943 994 1098 1051 manifeste
1107 1011 1217 1065 suppo-

109 1096 193 1142 nunt

106 1239 109 1245 ·
143 1205 185 1256 62,
227 1213 254 1275 3⁰
264 1205 292 1259 A
295 1200 372 1273 ngeli
378 1209 449 1258 sunt
457 1201 487 1257 in
498 1202 562 1270 loco,
576 1219 631 1256 non
642 1201 885 1272 circumscriptior,
893 1203 966 1260 sicut
976 1211 1101 1274 corpora,
1115 1204 1163 1259 scd
1172 1204 1216 1258 de·

101 1291 243 1360 finitiue;
262 1290 278 1345 i.
295 1308 320 1346 e.
337 1306 397 1345 non
411 1297 479 1344 sunt
492 1287 613 1358 ubique,
630 1287 700 1358 quia
714 1287 796 1344 linita
816 1298 930 1345 tantum
950 1290 1056 1347 virtute
1074 1290 1217 1360 gaudent3

108 1379 163 1436 sed
177 1377 208 1433 in
222 1376 419 1434 determinato
432 1376 506 1444 loco,
524 1375 563 1432 ita
577 1386 676 1432 tamen
691 1385 722 1431 ut
735 1375 789 1432 toti
803 1376 903 1433 sintin
918 1378 1050 1449 qualibet
1064 1387 1146 1448 parte
1158 1377 1214 1433 loci

108 1465 195 1535 quod
209 1458 370 1535 occupant
384 1463 459 1519 sicut
472 1462 572 1518 anima
585 1471 685 1519 nostra
698 1472 759 1519 tota
773 1472 817 1519 est
835 1463 865 1518 in
885 1464 1018 1534 qualibet
1031 1474 1113 1536 parte
1126 1465 1215 1520 nostri

108 1552 253 1624 corporis.
293 1552 420 1609 Possunt
441 1568 528 1621 agere
551 1549 580 1606 in
602 1549 725 1607 diversis
744 1550 817 1606 locis
838 1551 932 1620 simul,
952 1549 1119 1608 dummodo
1141 1549 1216 1606 intra

107 1638 258 1710 sphaeram
281 1656 342 1695 suae
364 1636 478 1694 virtutis
496 1638 622 1708 jaceant,
645 1636 721 1693 sicut
744 1637 836 1693 homo
858 1637 945 1693 simul
964 1655 1050 1708 agere
1069 1647 1167 1708 potest
1186 1639 1215 1692 in

107 1726 196 1796 plura
209 1723 329 1796 objecta
343 1724 418 1781 inter
430 1741 461 1780 se
474 1723 622 1793 distantia,
640 1723 807 1781 dummodo
820 1722 859 1780 ad
872 1741 907 1780 ea
920 1724 1040 1782 brachia
1053 1742 1106 1781 sua
1118 1733 1216 1781 exten-

106 1813 183 1870 dere
196 1811 317 1868 valeat⁴.
348 1811 424 1868 Haec
438 1809 560 1881 quidem
574 1810 613 1867 ad
622 1809 713 1866 fidem
725 1827 785 1866 non
796 1809 941 1881 spectant,
954 1810 1085 1868 sedsunt
1098 1811 1216 1868 conclu-

105 1899 211 1956 siones
224 1917 259 1956 ex
273 1898 337 1970 ipsa
350 1899 453 1955 naturd
466 1897 623 1968 spirituum
636 1896 783 1954 deductae.

144 2022 187 2085 63.
226 2025 254 2088 4⁰
264 2014 557 2086 Angelinaturaliter
560 2014 691 2085 potenlr'd
695 2015 1015 2084 praesranthominibus.
1055 2016 1125 2072 Hoc
1135 2017 1215 2072 enim

106 2121 247 2175 expresse
266 2103 396 2162 declarat
415 2103 443 2159 S.
466 2103 603 2159 Petrus⁵2
627 2101 762 2172 “Angeli
783 2100 955 2158 fortitudine
974 2111 1004 2158 et
1022 2101 1127 2159 virtute
1146 2121 1214 2158 cum

106 2190 168 2246 sint
189 2190 315 2260 majores
326 2189 351 2245 ’'.
391 2189 483 2260 Quod
506 2187 628 2260 quidem
647 2188 781 2246 illustrari
802 2198 900 2260 potest
917 2188 1002 2245 variis
1022 2189 1115 2260 sactis,
1137 2209 1162 2247 v.
1185 2208 1211 2261 g.

107 2279 124 2306 “
134 2276 269 2347 Angelus
279 2275 424 2348 percussit
433 2275 464 2332 in
474 2276 577 2333 castris
589 2275 775 2347 Assyriorum
790 2285 911 2333 centum
921 2275 1073 2347 octoginta
1083 2276 1215 2348 quinque

106 2362 226 2419 millia''
288 2363 307 2392 “
318 2363 357 2419 Et
369 2361 569 2434 apprehendit
579 2379 648 2420 eum
658 2362 792 2433 Angelus
807 2362 929 2420 Domini
942 2363 971 2418 in
985 2362 1094 2420 vertice
1103 2363 1174 2434 ejus,
1186 2375 1215 2421 et

107 2450 238 2521 portavit
259 2467 329 2506 eum
351 2448 460 2520 capillo
482 2449 589 2520 capitis
609 2449 663 2518 sui,
686 2452 845 2521 posuitque
865 2469 933 2507 eum
960 2451 989 2506 in
1013 2450 1163 2522 Babylone
1173 2452 1211 2507 ’'⁶.

107 2536 279 2607 Quousque
298 2553 403 2592 eorum
422 2534 513 2592 virtus
532 2553 597 2592 sese
617 2536 756 2592 extendat
776 2536 939 2602 nescimus;
959 2537 1019 2607 sed,
1042 2555 1135 2609 quum
1157 2538 1214 2594 sint

106 2634 261 2689 creaturae,
277 2623 317 2679 nil
331 2633 456 2695 possunt
469 2641 556 2694 agere
569 2633 672 2679 contra
687 2624 744 2680 Dei
758 2625 950 2681 voluntatem.

286 2776 348 2831 IV.
373 2777 428 2833 De
452 2778 686 2846 Angelorum
709 2771 835 2847 gratia
857 2784 895 2836 et
917 2779 1042 2850 lapsu.

142 2915 183 2984 64.
227 2913 371 2971 Doctrina
385 2932 478 2986 quarn-
489 2917 578 2974 docet
593 2917 728 2974 Ecclesia
741 2918 797 2975 hac
817 2919 855 2977 de
875 2938 905 2976 re
924 2919 969 2976 his
989 2920 1085 2977 verbis
1102 2921 1216 2989 Coteclr„

110 2999 143 3054 T
137 3000 241 3056 rident.
259 3001 299 3071 (p.
317 3002 341 3069 1,
354 3020 377 3057 a.
393 3020 414 3073 1,
432 3022 460 3059 n.
480 3009 523 3074 11)
536 3004 819 3074 comprehenditur:
844 3005 1016 3062 “Praeterea
1034 3007 1215 3078 spiritualem

107 3096 254 3158 naturam,
271 3087 562 3161 innumerabilesque
582 3091 722 3161 Angelos,
746 3093 795 3162 qui
818 3094 884 3149 Deo
904 3093 1108 3165 ministrarent,
1126 3106 1215 3167 atque

105 3174 286 3243 assisterent,
299 3174 363 3245 ipse
376 3193 411 3232 ex
425 3176 518 3233 nihilo
532 3178 649 3247 creavit,
661 3196 737 3248 quos
745 3179 856 3236 deinde
869 3181 1215 3252 adnn'rabr'ligratiresure

106 3270 136 3316 et
143 3259 294 3331 potestatis
304 3279 419 3317 munere
431 3262 519 3317 auxit
530 3270 616 3332 atque
627 3264 777 3339 ornavit...
804 3265 861 3322 Sed
873 3268 1007 3336 quamvis
1016 3285 1120 3325 omnes
1128 3269 1147 3325 ii
1156 3288 1213 3326 coe·

106 3347 230 3404 lestibus
245 3347 332 3404 donis
351 3349 444 3405 ornati
464 3349 582 3415 suerint,
598 3350 717 3421 plurimi
731 3362 840 3419 tamen,
853 3353 902 3422 qui
923 3371 939 3407 a
961 3353 1026 3409 lleo
1047 3366 1167 3423 parente
1185 3365 1213 3412 et

105 3446 241 3494 creatore
254 3453 308 3493 suo
320 3435 485 3507 dejecerunt,
499 3455 535 3494 ex
548 3438 696 3495 altissimis
710 3439 765 3494 illis
779 3440 900 3498 sedibus
913 3441 1069 3511 deturbati,
1082 3453 1171 3514 atque
1184 3443 1213 3499 in

143 3662 150 3684 ¹
165 3658 222 3709 Isa.
237 3657 291 3720 Vl,
306 3670 330 3722 3.

141 3743 206 3797 ²De
221 3745 396 3812 Angelorum
410 3745 552 3798 voluntate
566 3756 593 3799 et
607 3763 703 3799 aurore
713 3746 823 3814 egregie
835 3747 958 3815 disputat
969 3749 997 3800 S.
1013 3749 1039 3798 T
1036 3749 1141 3814 lzonras,
1158 3750 1177 3814 1,
1187 3767 1212 3818 q¹

110 3832 198 3898 sobo·

141 3913 353 3984 ³JJPetr.,11‚'
368 3933 395 3988 5;
415 3920 500 3972 Mart.
520 3922 630 3985 XVlll,
649 3936 686 3973 10.

142 4005 152 4034 ⁴
167 4005 207 4057 Cf.
223 4006 253 4057 S.
274 4005 301 4056 T
298 4005 324 4058 Ιι.
341 4007 363 4070 Ι,
377 4022 403 4074 q.
423 4019 510 4073 52-53,
524 4007 568 4058 uhi
585 4005 707 4058 dilucide
721 4008 867 4074 exponitur
887 4009 1028 4076 quomodo
1043 4007 1143 4077 Angeli
1159 4009 1214 4062 sint

108 4079 135 4144 in
150 4092 222 4157 loco,
235 4101 264 4145 et
278 4091 404 4146 localiter
417 4094 520 4145 moveri
536 4092 654 4161 possint.

141 4173 285 4229 ⁶llPetr.
303 4178 340 4243 ΙΙ,
358 4192 396 4230 11.

142 4264 219 4315 orsa.
235 4264 386 4327 xxxrrr,
400 4266 437 4330 35
446 4285 454 4328 ,·
474 4267 549 4319 nm.
568 4252 646 4332 niu,
661 4280 715 4336 35³
737 4268 771 4322 cs.
789 4269 877 4322 nan.
893 4271 1046 4338 unuin,
1059 4286 1085 4323 2.
