2684 4634
183 187 186 194 '
199 191 265 241 560
583 191 588 197 ’
641 190 781 241 CAPUT
799 191 857 240 111.

240 369 309 447 238.
357 381 392 430 2⁰
404 367 562 443 Christus,
572 379 611 431 ut
620 369 713 432 honre
722 370 822 447 Deus,
832 381 880 433 est
894 392 951 432 rex
964 370 1099 451 imperii
1110 367 1289 451 spiritualis.
1330 348 1332 355 ,

199 471 363 533 Probatur
380 469 443 556 (A)
461 471 579 551 Scrr'pt.
625 471 673 552 (a)
694 474 732 536 ln
758 472 867 536 Veteri
885 473 1087 536 Testamenta
1110 474 1250 536 Messias
1263 484 1290 535 ut

198 593 257 634 rex
275 575 492 636 annuntiatur
510 598 516 636 :
548 575 653 655 “Ego
670 585 781 637 autem
798 577 1000 637 constitutus
1017 596 1092 637 sum
1111 577 1193 638 Rex
1210 595 1291 656 super

199 675 280 739 Sion
293 676 308 702 ’'
320 727 325 739 .
337 727 342 738 .
354 728 360 738 .
378 682 394 707 “
406 677 596 750 vocabitur.
608 727 614 738 .
626 727 631 738 .
649 678 804 759 princeps
820 678 920 759 pacis
937 678 1222 758 multiplicabitur
1234 679 1290 757 ejus

198 781 375 862 imperium
388 782 435 858 ''13
453 781 545 861 atqui
557 779 709 843 Christus
723 791 773 842 est
788 780 929 842 Messias
944 802 951 842 ι
966 799 1055 861 ergo.
1092 780 1146 861 (b)
1158 780 1202 842 In
1214 781 1290 842 Novo

203 883 283 945 Test.
301 883 452 947 Christus
479 884 602 964 pariter
625 894 762 946 vocatur
778 885 877 946 Rex:
915 883 1048 945 “Dabit
1072 883 1119 944 illi
1138 884 1289 946 Dominus

199 988 291 1050 Deus
306 991 421 1051 sedem
440 988 550 1050 David
570 987 677 1048 Patris
694 987 775 1067 ejus,
794 996 828 1050 et
852 986 1003 1066 regnabit
1027 986 1061 1047 in
1077 987 1185 1048 domo
1199 986 1288 1067 Jacob

198 1091 230 1152 in
247 1100 409 1153 aeternum
421 1092 464 1153 ’'2.
512 1091 598 1152 Item
617 1089 768 1152 Christus
785 1110 805 1150 a
822 1088 928 1152 Pilato
944 1088 1182 1169 interrogatus
1198 1096 1287 1168 “ergo

199 1214 257 1255 rex
281 1214 315 1255 es
338 1202 373 1256 tu
387 1194 423 1255 ''?
447 1193 656 1273 respondet:
694 1197 758 1253 “tu
782 1192 875 1264 dicis,
901 1191 980 1271 quia
1006 1211 1065 1252 rex
1085 1212 1161 1253 sum
1188 1191 1285 1273 ego''³.

201 1297 289 1358 Hinc
305 1307 442 1359 vocatur
457 1297 564 1357 “Rex
582 1296 714 1374 Regum
731 1304 765 1356 et
780 1295 937 1356 dominus
952 1294 1201 1356 dominantium
1212 1295 1251 1355 ¹¹4.

241 1399 304 1479 (B)
327 1399 403 1460 Καί.
429 1399 518 1462 tlreol.
562 1399 717 1462 Christus
751 1408 803 1460 est
829 1419 890 1460 rex
917 1397 1091 1459 hominum
1126 1398 1284 1479 multiplici

198 1501 297 1563 titulo
315 1525 321 1563 :
360 1501 411 1582 (a)
427 1501 525 1563 titulo
541 1501 739 1574 lrrreditattlr,
754 1502 843 1582 quia,
858 1501 890 1563 vi
913 1501 1046 1563 unionis
1070 1499 1284 1582 hypostaticae,

198 1613 363 1685 quatenus
380 1612 430 1665 est
448 1604 551 1666 Filius
568 1604 642 1679 Dei,
659 1604 814 1666 omnibus
839 1604 1031 1666 hominibus
1047 1605 1247 1684 praeeminet,
1259 1612 1286 1663 et

195 1707 249 1787 jus
265 1706 366 1769 habet
381 1727 438 1768 eos
454 1707 599 1788 regendi,
614 1705 715 1786 juxta
731 1706 812 1768 illud
831 1730 838 1768 :
861 1706 1027 1769 “Postula
1042 1727 1062 1767 a
1083 1727 1138 1768 me
1161 1716 1195 1768 et
1212 1706 1285 1768 dabo

198 1810 257 1871 tibi
281 1819 398 1890 gentes
422 1808 642 1872 hereditatem
665 1819 756 1872 tuam
766 1811 822 1890 ''5;
859 1810 910 1891 (b)
926 1811 1025 1873 titulo
1048 1810 1285 1892 redemptionis:

199 1934 275 1975 nam
287 1912 438 1976 Christus
455 1934 516 1975 nos
532 1934 552 1974 a
573 1915 769 1994 captivitate
785 1915 950 1977 diabolica
966 1916 1097 1996 eripuit,
1109 1924 1143 1977 et
1160 1913 1286 1994 acquisi-

198 2018 245 2079 vit
256 2019 363 2098 pretio
376 2018 500 2098 proprii
517 2018 711 2098 sanguinis:
743 2017 848 2081 “Non
866 2019 946 2080 estis
962 2019 1071 2093 vestri,
1088 2020 1194 2099 empti
1210 2018 1286 2079 enirn

198 2123 276 2183 estis
289 2122 396 2203 pretio
407 2121 590 2202 magno”⁶;
611 2122 660 2203 (c)
673 2122 771 2184 titulo
782 2122 890 2184 liberoe
899 2121 1077 2182 clelitonis:
1093 2141 1174 2182 nam
1185 2139 1289 2182 omnes

198 2226 253 2303 qui
270 2244 328 2303 per
344 2223 548 2303 baptismum
566 2224 751 2286 Ecclesiam
769 2225 1008 2305 ingrediuntur,
1021 2223 1073 2284 vel
1091 2232 1212 2303 postea
1222 2233 1292 2284 vota

199 2326 356 2406 baptismi
374 2335 544 2399 renovant,
557 2347 597 2387 eo
610 2327 683 2408 ipso
697 2326 797 2387 libere
810 2346 845 2388 se
856 2326 1003 2389 subdunt
1015 2327 1157 2406 imperio
1171 2325 1292 2398 Christi,

198 2430 253 2508 qui
271 2448 443 2509 supremus
460 2438 510 2489 est
524 2429 683 2490 Ecclesiae
702 2431 786 2491 Rex.

239 2566 308 2631 239.
358 2562 390 2632 3⁰
402 2554 615 2616 Excellentia
631 2564 744 2616 autem
762 2555 862 2634 regiae
879 2553 1054 2634 potestatis
1070 2552 1196 2615 Christi
1210 2553 1294 2614 colli·

197 2659 285 2737 gitur
300 2679 344 2718 ex
356 2657 427 2736 ejus
440 2658 591 2732 dotibus;
618 2669 668 2719 est
679 2657 834 2719 videlicet
847 2679 853 2719 :
877 2656 1197 2737 (A)s1qrrema,nam
1210 2657 1296 2720 Chri-

198 2771 276 2829 stus,
292 2771 410 2840 utpote
430 2761 532 2822 Filius
551 2761 624 2834 Dei,
640 2761 792 2821 subditos
817 2759 919 2821 habet
939 2778 1004 2819 non
1022 2759 1130 2820 solum
1150 2761 1295 2840 populos,

199 2865 254 2923 scd
272 2864 374 2923 etiam
393 2883 486 2942 reges
504 2872 609 2929 terrae,
626 2875 658 2924 et
676 2864 746 2943 ipse
774 2864 897 2923 nemini
922 2862 1083 2923 subditur.
1131 2862 1222 2923 Hinc
1239 2863 1295 2942 ipsi

198 2967 281 3025 inest
301 2962 352 3048 (al
370 2976 519 3044 potestas
535 2965 806 3045 legr'slzrtiru,qua
823 2974 935 3045 potest
951 2965 1020 3024 sive
1036 2965 1196 3043 antiquas
1212 2966 1296 3044 leges

197 3069 365 3144 abrogare,
377 3069 445 3127 sire
462 3087 564 3127 noras
577 3069 736 3143 condere;
763 3073 829 3146 qua
839 3076 1007 3148 potestate
1020 3086 1098 3127 usus
1115 3077 1168 3127 est
1185 3068 1217 3127 in
1235 3087 1295 3127 ser-

198 3190 296 3230 mone
311 3190 409 3248 supra
427 3180 585 3243 montem,
596 3171 652 3231 ubi
670 3171 776 3249 legem
794 3172 974 3232 mosaicam
985 3169 1169 3248 complevit
1185 3181 1219 3233 et
1235 3190 1297 3250 per·

197 3274 273 3336 fecit
285 3285 306 3348 7,
322 3282 379 3334 aut
402 3274 503 3333 etiam
522 3275 552 3333 in
578 3275 694 3334 ultima
712 3274 826 3345 Caena,
842 3274 978 3354 quando
993 3274 1082 3335 dixit
1100 3297 1107 3334 :
1134 3279 1150 3303 “
1163 3276 1296 3335 manda-

196 3389 267 3438 tum
282 3396 404 3437 norum
419 3377 462 3437 do
473 3375 567 3436 vobis
581 3377 615 3417 ”3
630 3400 635 3443 ;
662 3397 738 3455 quae
751 3384 901 3455 potestas
916 3378 945 3437 ei
962 3387 1032 3438 tam
1049 3379 1186 3457 propria
1202 3389 1251 3440 est
1264 3386 1296 3438 ut

196 3482 348 3541 eumdem
366 3479 439 3538 aliis
451 3480 697 3539 communicare
710 3480 814 3558 possit
830 3501 836 3540 :
859 3479 1133 3560 “Quodcumque
1147 3474 1296 3560 ligaveris

197 3603 294 3660 super
311 3584 518 3647 re1·r·arn,erit
536 3581 675 3660 ligatum
692 3593 725 3643 et
742 3584 774 3642 in
791 3582 910 3643 coelis’'
922 3595 937 3638 9
1020 3582 1071 3661 (b)
1090 3583 1159 3662 Ipsi
1177 3583 1295 3663 pariter

197 3771 251 3805 uon
265 3768 307 3806 est
321 3754 357 3806 de
371 3755 424 3807 hoc
438 3756 544 3808 mundo
552 3757 565 3767 ““
581 3757 655 3821 son.
669 3757 780 3811 Xl'lll.
791 3759 845 3821 36‘.
858 3768 887 3809 et
900 3757 987 3808 vitam
1000 3771 1155 3822 pauperem
1168 3767 1197 3809 et
1210 3753 1295 3807 humi·

197 3841 249 3891 lent
264 3841 349 3892 libere
363 3842 486 3906 elegerit.
497 3842 553 3892 inis
567 3856 595 3893 et
608 3858 724 3893 censum
744 3844 867 3908 solverit,
880 3844 946 3896 licet
959 3843 996 3896 ab
1009 3861 1044 3896 eo
1057 3844 1193 3898 immunis
1207 3844 1292 3897 fuerit.

199 3927 313 3988 „thiria
331 3926 426 3979 Xl'll.
442 3930 543 3993 2525).

233 4014 299 4065 :la
318 4014 356 4067 11.
370 4016 397 4067 o:
419 4015 473 4065 Ira.
493 4016 542 4067 IX.
556 4015 581 4066 6.
598 4047 632 4053 -
646 4031 656 4053 2
668 4016 732 4068 Lux.
750 4018 772 4071 1,
788 4030 829 4084 32.
847 4046 878 4054 -
890 4012 969 4084 'soa
982 4016 1097 4084 xvlu,
1114 4031 1158 4085 37.

232 4101 335 4167 ‘sllrtuz
352 4101 432 4153 XIX.
442 4116 467 4152 o.
486 4132 516 4138 —
530 4102 596 4153 flu.
611 4103 648 4157 ΙΙ.
662 4101 686 4154 8.
707 4131 734 4138 -
747 4100 757 4129 ‘³
768 4103 786 4153 l
797 4103 859 4156 Cor.
872 4103 922 4169 vl,
940 4118 981 4156 20.

249 4187 335 4241 ltus.
351 4186 384 4241 l'.
402 4200 439 4253 ιγ,
461 4201 488 4240 21
506 4205 547 4258 sq.
567 4217 599 4224 --
612 4187 694 4256 Ssar.
711 4190 797 4241 Xlll.
812 4203 852 4257 34.

240 4277 327 4332 laur.
342 4278 424 4335 ΧΠ.
440 4279 472 4333 18
487 4296 544 4351 sqs.
559 4277 677 4333 Xt'lll.
693 4289 722 4339 ν,
738 4292 784 4344 sq.
