2684 4634
290 203 293 207 ·
390 186 445 236 DE
464 185 715 235 mvmm'rss
735 184 917 234 CHRISTI.
1135 182 1203 232 423

109 298 213 309 ...ἡ

109 364 262 430 parvulum
275 382 340 422 esse
352 364 519 431 Ezechiam,
531 365 623 422 filium
637 366 746 434 Achaz,
756 382 823 422 nam
835 366 875 436 (a)
888 365 917 421 in
931 364 1081 422 versiculis
1095 381 1201 435 praece·

110 447 248 507 dentibus
260 453 328 522 (ro)
336 451 474 510 asseritur
483 452 637 525 parvulum
650 452 734 509 illum
745 453 876 511 suturum
887 470 951 510 esse
959 469 1079 508 causam
1093 449 1202 507 laetitiae

112 543 189 594 terrae
203 537 334 596 Galilaeae
350 561 357 596 r
374 539 507 611 jamvero
520 540 570 597 illa
583 539 735 612 provincia
749 557 902 610 nunquam
917 539 971 596 suit
985 537 1121 595 Ezechiae
1134 535 1200 594 sub·

111 621 195 696 jecta,
213 624 334 684 aliunde
345 627 494 698 Ezechias,
508 637 579 685 tunc
589 627 732 699 temporis
744 628 805 698 jam
816 626 976 685 duodecim
989 625 1074 683 annis
1087 625 1202 681 circiter

113 720 201 776 natus,
212 729 273 768 non
283 720 397 784 poterat
405 714 572 772 annuntiari
585 723 616 771 ut
630 713 794 771 nasciturus
804 714 903 771 suturo
913 727 1059 784 tempore;
1073 712 1112 783 (b)
1124 711 1202 767 insu-

114 811 158 865 per
177 796 362 857 abundantia
381 801 472 872 pacis,
487 801 535 857 hic
554 801 737 871 annuntiata,
753 800 809 858 sub
828 801 895 872 ipso
913 799 1047 861 nonfuit
1066 799 1203 870 impleta;

113 882 144 954 (c)
156 885 280 943 tandem
296 886 437 944 Ezechias
448 887 624 945 nullomodo
632 888 730 945 vocari
745 896 843 960 potest
854 887 937 944 Deus
950 887 1040 956 sortis,
1054 886 1099 943 vel
1113 885 1201 943 etiam

113 967 187 1028 tortis
200 971 289 1031 heros
302 974 347 1044 (ut
367 975 544 1032 transferunt
557 975 766 1044 rationalistae),
782 992 851 1031 cum
866 973 991 1032 bellator
1003 972 1126 1029 minime
1141 973 1201 1028 sue·

111 1055 141 1113 rit
145 1077 153 1128 3
172 1076 228 1116 nec
241 1069 324 1131 pater
336 1060 505 1119 aetemitatis
513 1081 522 1132 ;
540 1079 620 1132 ergo.

140 1186 178 1237 40-
220 1185 250 1230 2⁰
259 1176 385 1249 Insuper
406 1177 455 1235 ille
476 1178 615 1249 parvulus
637 1187 668 1235 ut
682 1178 764 1234 Deus
782 1176 974 1234 annuntiatur
981 1196 989 1246 ;
1018 1193 1096 1246 nam,
1113 1184 1145 1232 ut
1164 1173 1202 1231 de

109 1259 169 1316 aliis
182 1262 275 1320 titulis
288 1273 447 1335 taceamus,
463 1276 585 1323 vocatur
603 1267 644 1336 (a)
656 1263 838 1336 Deusfortis
850 1264 908 1334 (El
914 1263 1045 1335 gr’bbor),·
1071 1265 1203 1334 jamvero

110 1365 163 1406 vox
189 1350 328 1410 hebraica
349 1353 402 1421 El,
427 1372 494 1430 quae
526 1353 575 1410 hic
605 1352 773 1419 adhibetur,
796 1370 898 1409 verum
925 1353 1024 1410 Deum
1049 1351 1203 1423 significat,

110 1451 200 1504 quum
219 1439 258 1497 ab
277 1440 385 1499 eodem
405 1440 552 1513 propheta
571 1441 646 1497 inira
663 1438 841 1498 adhibeatur
854 1439 918 1510 (IX,
933 1441 977 1511 21)
990 1438 1029 1496 ad
1048 1439 1203 1510 designan-

109 1522 180 1582 dum
192 1527 344 1600 Jehovah3
369 1529 489 1588 aliunde
502 1528 549 1586 El
559 1529 588 1585 in
608 1527 747 1599 singulari
768 1545 892 1584 numero
911 1544 1028 1598 semper
1042 1527 1140 1584 Deum
1154 1525 1204 1583 de·

110 1610 211 1684 signat,
225 1626 257 1672 ut
271 1615 803 1688 fateturipseHitzigrationalista1;
823 1613 984 1686 praesertim
998 1612 1078 1685 apud
1091 1612 1204 1668 Isaiam

110 1691 172 1756 haec
192 1702 353 1775 appellatio
372 1703 411 1761 de
424 1704 491 1762 Deo
510 1703 574 1760 solo
592 1702 700 1760 dicitur
711 1722 737 1773 ,3
765 1702 805 1773 (b)
818 1701 912 1758 Pater
920 1699 1137 1772 sutun'saecult',
1153 1717 1204 1757 seu

110 1798 191 1853 pater
209 1791 390 1861 aeternitatis,
403 1792 447 1850 vel
466 1801 550 1864 pater
568 1802 712 1862 aeternus3
738 1789 797 1847 hoc
810 1790 891 1848 enim
902 1807 1020 1860 nomen,
1038 1788 1205 1860 quomodo-

110 1886 239 1949 cumque
250 1878 439 1949 intelligatur,
461 1877 515 1936 soli
531 1878 597 1936 Deo
611 1877 760 1943 convenit,
776 1895 868 1948 quum
888 1877 1083 1937 aeternitatem
1098 1876 1205 1947 impor-

109 1964 167 2030 tet;
194 1982 265 2035 ergo
274 1984 293 2020 ³.

143 2050 260 2108 Scimus
279 2051 420 2123 equidem
443 2050 615 2122 hujusmodi
634 2060 818 2122 argumenta,
834 2051 857 2108 si
877 2051 992 2122 singula
1012 2060 1174 2117 sumantur,
1190 2071 1207 2108 a

109 2138 192 2196 novis
205 2139 312 2197 criticis
325 2149 468 2211 tanquam
482 2139 592 2197 debilia
603 2138 721 2209 haberi;
740 2139 793 2196 sed
804 2140 828 2196 si
838 2139 938 2196 omnia
951 2138 1038 2196 simul
1049 2138 1206 2211 inspician-

108 2233 162 2299 tur,
179 2246 214 2284 ac
235 2227 340 2285 sedulo
362 2227 568 2299 expendantur
589 2227 656 2283 varii
678 2225 753 2284 tituli
774 2225 883 2296 quibus
898 2226 1023 2282 Messias
1042 2224 1207 2294 decoratur,

106 2314 276 2386 amplitudo
290 2315 444 2386 potestatis
457 2314 553 2373 eidem
568 2313 757 2371 conserendae
776 2331 811 2369 ac
830 2323 935 2370 natura
948 2312 1106 2384 spiritualis
1125 2312 1207 2384 regni

107 2401 189 2474 quod
203 2401 232 2458 ei
244 2401 424 2473 promittitur
436 2418 525 2473 super
536 2400 670 2458 omnium
682 2399 840 2457 hominum
853 2409 979 2464 mentes,
990 2399 1089 2470 negari
1105 2399 1208 2470 nequit

104 2489 208 2560 jamin
218 2489 284 2546 Vet.
293 2489 488 2546 Testamento
502 2487 595 2559 prima
605 2485 727 2544 inveniri
740 2485 854 2544 semina
868 2485 1015 2556 dogmatis
1029 2485 1111 2556 quod
1125 2486 1208 2544 Chri-

105 2589 170 2635 stus
180 2576 260 2634 clare
273 2575 511 2636 manifestaturus
525 2585 595 2634 erat.

141 2755 150 2777 ¹
163 2755 182 2779 “
193 2749 387 2804 Communiter
399 2750 461 2803 haec
474 2767 527 2802 vox
540 2749 593 2818 (El
599 2749 718 2819 gibbor),
732 2759 831 2803 contra
843 2766 942 2803 omnes
956 2749 1066 2815 regulas
1085 2766 1157 2812 usus¹
1171 2751 1209 2802 lo-

105 2839 226 2912 quendi,
239 2838 267 2890 in
279 2837 473 2906 herasmus
486 2836 608 2890 vertitur.
638 2838 691 2891 Ast
699 2838 743 2891 El
752 2854 862 2906 semper
872 2839 965 2890 Deum
979 2837 1116 2904 significat
1125 2837 1210 2891 etiam

107 2925 403 2994 Genes.,xx>(1,29,
423 2933 450 2977 et
465 2923 493 2976 in
506 2923 575 2976 locis
588 2924 745 2993 parallelis;
775 2924 802 2976 in
822 2923 855 2976 iis
869 2940 935 2977 vero
954 2940 1017 2992 quae
1037 2923 1065 2975 in
1084 2923 1209 2977 medium

106 3011 266 3064 afferuntur
279 3007 315 3061 ad
328 3007 581 3060 demonstrandum
594 3006 677 3074 hujus
689 3007 767 3059 vocis
787 3005 1022 3074 significationem
1042 3007 1208 3076 essefortis,

102 3102 215 3168 polens,
229 3110 313 3147 voces
326 3110 390 3163 quae
402 3092 523 3147 citantur
541 3092 677 3162 originem
691 3095 796 3147 ducunt
809 3110 865 3146 non
879 3110 912 3147 ex
925 3093 958 3157 el,
975 3093 1025 3146 sed
1044 3110 1077 3146 ex
1095 3094 1126 3157 il,
1148 3111 1211 3163 quae

107 3181 268 3240 litteraliter
288 3181 402 3233 arietem
425 3179 595 3248 significant,
617 3190 645 3233 et
667 3190 872 3249 consequenter
892 3180 1003 3244 ducem,
1024 3180 1175 3248 principem
1186 3183 1208 3235 ''.

110 3276 156 3326 lta
169 3269 278 3338 Hirag
287 3268 361 3336 apud
371 3266 543 3336 Hengstonb.
560 3285 603 3335 op.
614 3268 659 3321 cit.
675 3285 702 3338 p.
720 3269 761 3322 88.
796 3269 837 3321 Cf.
848 3268 967 3331 Lamon,
980 3285 1023 3337 op.
1036 3267 1081 3320 cit.
1095 3267 1158 3321 leet.
1174 3271 1210 3322 ΙΙ.

106 3376 132 3429 p.
148 3359 194 3426 89,
210 3366 268 3409 not.
288 3355 448 3423 10;<Pusey,
459 3354 568 3408 Comm.
582 3371 618 3407 on
634 3353 745 3421 Daniel,
759 3371 785 3422 p.
801 3356 859 3420 483.

143 3447 277 3501 2(ὶΗεα.
291 3447 325 3512 V,
343 3447 385 3510 163
404 3443 474 3507 XII,
490 3460 518 3509 2;
537 3444 619 3508 XlV,
638 3460 680 3513 133
700 3447 761 3510 XL,
779 3448 819 3509 r8;
840 3446 948 3506 XLlll,
967 3461 1007 3507 to,
1027 3460 1056 3496 12
1071 3455 1122 3498 etc.

144 3535 239 3602 ³Quae
258 3530 451 3600 interpretatio
473 3529 600 3584 firmatur
619 3550 652 3585 ex
674 3532 762 3585 Mica.
777 3534 812 3594 V,
829 3549 851 3585 2.
899 3532 965 3583 “Et
984 3541 1023 3594 tu,
1046 3533 1213 3602 Bethlehem

110 3623 248 3693 Ephrata,
262 3620 393 3690 parvulus
407 3636 438 3672 es
458 3618 485 3672 in
505 3618 628 3672 millibus
642 3619 716 3688 Juda
734 3637 740 3672 t
759 3637 792 3672 ex
807 3630 834 3673 te
847 3618 922 3671 enim
938 3619 1097 3686 egredietur
1115 3621 1162 3690 qui
1176 3623 1212 3676 sit

109 3709 272 3764 dominator
290 3707 318 3760 in
334 3707 430 3774 lsrael,
444 3716 472 3761 et
491 3723 621 3774 egressus
640 3706 700 3775 ejus
719 3707 754 3759 ab
772 3708 863 3772 initio,
877 3725 894 3758 a
908 3707 1002 3758 dr'ebus
1014 3706 1211 3758 aeternitatis’².

114 3800 197 3851 Hunc
212 3797 305 3848 locum
317 3793 408 3863 ludaei
422 3810 534 3864 semper
547 3793 740 3847 intellexerunt
754 3794 789 3847 de
802 3793 918 3857 Messia,
934 3804 961 3846 et
981 3810 1015 3846 ex
1034 3794 1087 3847 hoc
1101 3794 1211 3846 conclu-

112 3891 208 3935 serunt
223 3878 359 3932 Messiam
373 3877 545 3931 nasciturum
559 3895 622 3932 esse
643 3878 670 3929 in
686 3878 851 3931 Bethlehem
865 3877 962 3944 (Matr.
982 3879 1020 3940 ll,
1034 3878 1074 3947 5);
1093 3878 1169 3947 atqui
1185 3879 1211 3930 in

112 3969 213 4022 eodem
226 3966 289 4020 loco
302 3965 459 4019 declaratur
471 3982 623 4034 egressum,
637 3982 685 4019 seu
699 3975 799 4031 ortum,
813 3983 861 4018 seu
874 3965 1084 4033 generationem
1100 3966 1212 4019 Messiae

112 4072 173 4110 esse
186 4055 251 4109 “ab
264 4053 386 4118 initio,.a
404 4050 503 4108 diebus
516 4053 681 4108 aeternitatis
692 4055 705 4079 ’'
719 4072 724 4107 :
745 4054 828 4123 quod,
842 4054 907 4106 licet
921 4054 999 4106 reddi
1014 4053 1103 4122 possit
1116 4072 1134 4105 a
1146 4060 1211 4106 lenz-

109 4147 176 4211 pore
187 4141 380 4208 remotasimo,
394 4157 411 4194 a
423 4141 518 4195 multis
533 4140 568 4194 de
578 4140 643 4192 verb
656 4140 813 4193 aeternitate
827 4139 1005 4207 intelligitur;
1024 4157 1089 4207 ergo
1103 4156 1137 4192 eo
1151 4140 1212 4207 ipso

112 4227 243 4281 asseritur
252 4226 386 4282 Messiam
399 4243 447 4281 seu
463 4227 602 4280 Christum
617 4244 680 4282 esse
694 4238 835 4282 aeternum
848 4246 882 4281 ac
896 4227 1020 4297 proinde
1031 4228 1140 4280 Deum.
1170 4225 1231 4290 Μ.

115 4316 219 4380 Carluy,
233 4329 274 4380 op.
292 4312 338 4365 cit,
352 4326 411 4379 443.
