2684 4634
196 162 239 213 24
661 161 799 210 CAPUT
817 161 841 210 1.

194 366 233 407 ea
255 366 330 426 quae
353 343 510 424 explicite
533 343 584 405 vel
609 344 768 425 implicite
784 344 995 406 declarantur
1011 365 1031 407 a
1049 345 1122 408 Deo
1139 345 1294 421 revelata,

194 450 354 528 dogmata
370 446 455 520 fidei,
472 447 504 508 in
521 447 621 508 verbo
639 448 701 508 Dei
718 456 883 522 contenta,
900 447 943 508 ab
958 448 1113 510 omnibus
1129 448 1295 511 credenda

195 561 264 626 etc,
277 561 313 613 ut
327 551 428 612 fusius
444 550 631 630 explicatur
648 551 679 612 in
703 551 756 612 Tr.
771 551 810 612 da
825 551 982 612 Fontibus
998 551 1086 613 tlnol.
1104 550 1147 632 (n.
1170 570 1208 630 14
1224 564 1293 633 sq.)-

197 656 390 717 Notandum
401 661 451 716 est
461 663 572 715 tamen
586 655 740 716 veritates
753 653 829 715 fidei
842 655 982 734 proponi
1000 675 1096 735 posse
1109 675 1174 716 non
1186 656 1293 717 solum

195 760 227 819 in
252 757 443 830 canonibus
467 757 523 817 sed
548 757 646 817 etiam
671 758 703 818 in
728 756 891 837 capitibus
915 777 989 837 quae
1014 757 1069 819 illa
1092 759 1294 839 praecedunt,

195 859 378 923 dummodo
395 859 480 921 clare
504 868 634 921 constet
658 880 702 920 ex
726 868 888 922 contextu
913 859 1013 921 talem
1038 880 1110 921 esse
1135 859 1294 922 Ecclesiae

197 963 423 1025 intentionem.
470 961 549 1026 Sola
572 960 758 1023 differentia
782 962 866 1023 inter
889 963 999 1042 capita
1021 972 1054 1023 et
1077 983 1221 1025 canones
1244 973 1294 1025 est

196 1067 305 1147 priora
321 1066 462 1146 positive
479 1085 648 1144 exponere
665 1065 821 1127 veritates
838 1066 1008 1140 tenendas
1024 1068 1222 1146 posteriores
1238 1087 1293 1128 au·

196 1182 263 1233 tem
281 1170 448 1232 declarare
464 1189 588 1230 errores
605 1169 766 1258 vitandos.

196 1275 244 1354 (e)
257 1273 467 1355 Definitzoues
478 1271 680 1333 conciliorum
686 1272 939 1352 particularium
952 1273 1147 1353 dogmatica,
1159 1275 1293 1355 quando

196 1386 273 1439 sunt
289 1377 332 1439 ab
349 1375 498 1438 Ecclesia
514 1374 696 1436 uniuersali
709 1385 838 1454 recepta,
854 1376 908 1437 val
919 1376 1095 1455 approbata
1110 1399 1131 1438 a
1156 1377 1191 1440 S.
1208 1378 1292 1439 Ponss

203 1482 285 1563 tifica
300 1481 334 1542 iu
342 1478 458 1560 format
473 1479 614 1555 solemni,
631 1489 667 1540 ut
684 1479 782 1542 Conc.
808 1481 1053 1542 Arausicanam
1079 1482 1112 1543 ΙΙ
1137 1483 1293 1544 adversus

201 1584 514 1664 Semi-Pelagianos,
531 1591 591 1644 etc.
611 1583 674 1662 (Da
689 1583 779 1644 Font.
797 1583 895 1658 timot,
912 1603 940 1644 n.
963 1582 1020 1662 13).

198 1686 249 1767 (d)
271 1687 413 1748 Tandem
428 1685 568 1765 symbola
584 1685 637 1746 oel
648 1685 864 1765 professiones
877 1685 964 1767 fidei
984 1687 1024 1749 ab
1046 1685 1187 1749 Ecclesia
1210 1687 1294 1751 edita

199 1789 251 1852 oet
263 1790 459 1872 approbato.1

240 1928 288 2006 58.
337 1927 408 1990 Sub
425 1926 559 1988 nomine
583 1925 746 1987 ordinarii
767 1933 800 1987 et
824 1925 1015 1988 universalis
1039 1926 1218 2008 magisterii
1241 1947 1295 1988 ve-

199 2032 312 2092 niunt:
337 2031 385 2110 (a)
402 2030 528 2091 Proxis
543 2028 737 2090 universalis
750 2028 897 2091 Ecclesiae
908 2050 978 2090 curu
990 2030 1137 2110 dogmate
1148 2051 1287 2091 cannara

199 2134 333 2214 quando
349 2153 390 2194 sc.
410 2131 558 2193 Ecclesia
576 2131 607 2192 in
626 2135 684 2192 sua
701 2131 840 2212 liturgia,
854 2140 910 2193 aut
926 2133 1058 2214 publica
1074 2143 1296 2195 sacramento-

199 2258 270 2299 rum
288 2236 585 2311 administratione,
602 2255 758 2316 expresse
773 2236 871 2297 docet
884 2246 941 2299 aut
955 2237 1127 2299 manifeste
1138 2237 1296 2317 supponit

199 2341 412 2403 existentiam
437 2338 574 2418 alicujus
597 2338 782 2418 dogmatis;
805 2359 834 2400 v.
851 2358 880 2418 g.
898 2339 1079 2402 existentia
1103 2339 1296 2420 angelorum

199 2444 373 2506 custodum
391 2442 476 2504 clare
493 2443 687 2524 proponitur
703 2441 778 2503 fidei
796 2451 917 2504 nostrae
933 2463 991 2523 per
1004 2443 1122 2506 festum
1137 2443 1168 2505 in
1182 2463 1296 2526 eorum

199 2547 357 2608 honorem
375 2546 570 2607 institutum.
618 2544 683 2625 (Do
698 2544 854 2605 Fontibus
869 2544 967 2620 tlreol,
984 2566 1012 2607 n.
1032 2563 1048 2607 2
1054 2546 1153 2626 3-24.)

200 2652 250 2732 (b)
269 2651 443 2716 Corrsensus
467 2649 635 2712 moraliter
660 2649 826 2710 unanimis
851 2649 993 2711 Patrum
1018 2661 1049 2713 et
1072 2651 1297 2732 theologorum,

200 2763 256 2816 aut
273 2754 508 2834 Episcoporum,
518 2765 580 2833 per
595 2751 696 2814 orbem
713 2752 938 2831 dispersorum,
962 2755 1096 2832 quando
1119 2754 1299 2834 loquuntur

200 2868 236 2920 ut
252 2858 372 2919 divinae
389 2857 578 2919 traditionis
596 2865 706 2931 testeS,
722 2865 755 2916 et
772 2865 922 2918 asserunt
939 2857 1005 2918 tale
1022 2857 1071 2918 vel
1090 2856 1156 2918 tale
1173 2858 1299 2938 dogma

201 2982 271 3022 esse
288 2982 307 3021 a
324 2961 397 3021 Deo
414 2960 611 3038 revelatum,
634 2980 662 3020 v.
680 2978 719 3037 g,
733 2958 831 3037 juxta
848 2958 1008 3038 plurimos
1032 2980 1147 3041 graves
1171 2960 1299 3023 theolo-

201 3063 483 3144 g05,tlssu1nptio
501 3063 536 3123 B.
555 3063 594 3124 V.
614 3062 658 3122 M.
678 3061 811 3122 incaelo
825 3061 893 3141 jam
910 3072 997 3123 esset
1013 3062 1055 3124 de
1077 3062 1140 3124 fide
1163 3074 1300 3145 propter

202 3167 391 3228 unanimem
409 3185 605 3226 consensum
632 3164 898 3244 Episcoporum.²
944 3165 1009 3245 (Do
1031 3166 1187 3228 Fontibus
1209 3166 1298 3228 tlreol.

202 3291 230 3331 n.
250 3285 287 3348 25
306 3270 367 3349 sq.)

202 3374 249 3454 (c)
267 3371 423 3454 Definitio
447 3372 612 3452 inquisita,
636 3392 720 3451 quae,
742 3371 841 3450 juxta
864 3393 1074 3435 communem
1100 3375 1300 3437 sententiam

96 3533 98 3537 .
203 3477 441 3558 theologorum,
454 3477 568 3539 existit
585 3498 644 3558 pro
661 3475 814 3536 omnibus
831 3478 1024 3539 veritatibus
1041 3499 1115 3559 quae
1132 3479 1164 3539 in
1183 3478 1301 3559 Script.

203 3591 260 3642 aut
281 3580 377 3642 Trad.
396 3581 441 3642 ita
458 3580 544 3641 clare
560 3581 779 3654 continentur,
792 3590 827 3640 ut
841 3580 883 3640 ab
899 3580 1045 3643 omnious
1053 3582 1163 3662 primo
1178 3581 1302 3643 intuitu

203 3694 361 3763 tanquam
394 3683 540 3744 reatelata
570 3682 801 3763 percipiantur,
833 3706 860 3745 v.
889 3704 917 3764 g.
942 3685 1097 3746 nativitas
1122 3684 1243 3748 Christi
1270 3687 1301 3747 in

204 3786 406 3849 Bethlehem.
454 3787 555 3855 Ratio
571 3796 622 3848 est
639 3787 716 3867 quia
732 3786 867 3866 quando
885 3786 1034 3847 Ecclesia
1052 3787 1257 3868 Scripturan‘i
1270 3800 1304 3852 et

204 3890 431 3952 Traditionem
449 3888 544 3949 nobis
561 3898 719 3968 tanquam
737 3889 873 3951 verbum
897 3891 960 3952 Dei
982 3891 1125 3967 exhibet,
1143 3891 1304 3973 implicite

238 4087 244 4116 ¹
274 4091 318 4140 De
340 4088 383 4141 his
409 4088 539 4140 omnibns
564 4087 652 4140 insius
678 4088 769 4155 agitur
792 4088 820 4140 in
845 4089 892 4140 Tr.
917 4090 950 4141 (le
972 4091 1108 4142 Fontibus
1133 4092 1301 4161 theologicis,

204 4179 304 4228 n.16's
327 4217 333 4228 .

239 4258 248 4286 ²¹
264 4193 392 4316 Cqulata
407 4262 526 4315 Concilii
545 4259 682 4325 Wzticam',
699 4263 851 4332 Postulata,
867 4280 892 4316 n.
907 4242 991 4316 Vlll.
