2684 4634
128 174 191 224 314
579 173 717 224 CAPUT
736 173 776 224 11.

130 352 342 415 dexteritatis
358 372 438 433 ope;
460 351 625 428 diabolica,
641 372 698 415 seu
722 351 826 433 mgrra,
842 355 908 432 qut
931 352 1088 433 prodigia
1113 351 1222 432 produ·

130 465 249 517 cuntur
280 456 443 518 daemonis
474 477 545 539 ope.
594 456 754 520 Nonnulli
785 455 997 517 scientiarum
1030 453 1173 517 cultores
1194 453 1220 514 in

130 560 352 639 suspicionem
370 560 558 622 commercii
572 581 649 622 curn
666 558 801 622 diabolo
816 566 987 631 venerunt,
1001 557 1086 638 quia
1101 577 1145 618 ex
1159 555 1220 618 dili-

130 664 220 742 genti
237 663 355 725 virium
373 663 572 726 naturalium
589 662 844 743 investigatione
860 663 1016 742 quaedam
1043 659 1150 722 lacere
1173 678 1219 739 po-

130 775 273 840 tuerunt,
290 785 364 846 quae
381 787 398 827 a
416 767 584 827 communi
601 766 698 846 plebe
713 776 872 846 tanquam
889 764 1046 846 prodigia
1061 763 1218 825 existima-

130 868 258 930 bantur.
307 870 378 930 Nos
394 878 506 930 autem
522 870 564 930 de
582 870 691 949 magia
708 867 849 930 naturali
864 886 931 928 non
949 867 1094 947 agimus
1108 865 1165 927 sed
1185 865 1218 926 de

130 970 303 1033 diabolica.

174 1148 243 1199 102.
289 1133 451 1215 Theologi
483 1135 704 1196 communiter
734 1133 946 1213 distinguunt
977 1131 1066 1193 inter
1101 1131 1214 1204 crimen,

122 1237 252 1313 Jiu‘ium
269 1246 302 1298 et
317 1246 421 1300 artem
435 1238 562 1317 magiae.
610 1238 658 1319 (a)
673 1237 801 1301 Crimen
812 1235 928 1316 magne
936 1244 987 1297 est
998 1235 1121 1316 impius
1133 1253 1213 1296 cona·

130 1348 183 1401 tus
200 1341 283 1401 mira
300 1341 453 1421 patrandi
471 1362 534 1422 ope
551 1340 722 1417 daemoniS,
738 1341 808 1402 sive
823 1337 961 1402 effectus
978 1347 1139 1421 sequatur
1160 1338 1213 1398 sive

130 1462 204 1504 non.
252 1443 439 1524 Dupliciter
463 1445 626 1506 committi
652 1453 781 1525 potest:
808 1440 907 1524 pacto
926 1442 1081 1522 explicita,
1096 1439 1212 1522 quando

131 1546 294 1624 quiscum
312 1548 465 1609 daemone
482 1547 626 1628 loquitur
650 1547 702 1610 vel
726 1548 844 1629 reipsa,
859 1547 911 1608 vel
937 1565 996 1627 per
1020 1544 1211 1627 imaginatio·

132 1668 207 1709 nem
217 1671 224 1725 ;
252 1647 349 1729 paeto
366 1650 528 1736 implicite,
545 1652 680 1732 quando
695 1650 768 1731 quis
786 1649 896 1710 media
912 1648 1060 1724 adhibet,
1076 1669 1150 1730 quae
1171 1665 1211 1708 ne·

23 1749 25 1753 ’
131 1773 195 1832 que
211 1774 318 1834 perse
335 1775 442 1835 neque
458 1775 501 1816 ex
519 1753 582 1815 Dei
598 1753 650 1814 vel
668 1751 826 1814 Ecclesiae
842 1750 1060 1826 institutione,
1074 1750 1210 1837 virtutem

131 1853 255 1916 habent
280 1856 485 1935 producendi
510 1853 664 1918 effectum
690 1855 745 1935 qui
770 1851 1002 1935 exspectatur:
1041 1853 1117 1915 talis
1142 1852 1210 1914 enin

132 1956 269 2021 effeetus
287 1960 418 2021 nonnisi
435 1961 626 2041 amalignis
643 1959 813 2039 spiritibus
829 1958 966 2039 produci
983 1966 1102 2039 potest.
1148 1953 1211 2018 Tale

132 2064 254 2125 crimen
271 2065 436 2125 committi
460 2085 567 2145 posse,
583 2063 750 2144 colligitur
775 2074 819 2124 ex
844 2060 971 2142 legibus
994 2061 1115 2140 quibus
1139 2059 1212 2120 Deus

132 2167 212 2229 illud
230 2166 417 2247 prohibuit:
444 2168 548 2229 “Non
566 2166 740 2228 declinetis
756 2165 798 2226 ad
824 2184 949 2246 magoS,
965 2183 1027 2225 nec
1051 2164 1094 2224 ab
1119 2161 1212 2225 ariolis

132 2271 256 2350 aliquid
273 2271 510 2331 sciscitemini...
558 2271 619 2332 Vir
631 2269 699 2330 sive
710 2268 835 2345 mulier,
845 2269 876 2329 in
890 2268 1010 2349 quibus
1020 2267 1213 2350 pythonicus,

131 2374 182 2436 vel
198 2372 412 2434 divinationis
429 2372 526 2435 fuerit
543 2372 685 2453 spiritus,
700 2381 807 2433 morte
824 2371 1028 2433 moriantur”
1036 2383 1056 2433 1.
1104 2373 1215 2433 Revera

131 2477 283 2538 homines
310 2477 412 2557 pravi,
439 2477 637 2550 curiositate,
662 2475 823 2536 honorum
856 2475 907 2537 vel
939 2475 1090 2555 pecuniae
1121 2489 1216 2536 amore

132 2582 237 2643 aliave
253 2581 407 2660 passione
424 2578 543 2654 allecti,
559 2585 719 2659 eousque
741 2578 923 2659 impietatis
949 2579 1063 2640 venire
1086 2584 1217 2659 possunt,

131 2695 167 2747 ut
184 2684 245 2745 sibi
262 2683 486 2764 persuadeant
502 2701 521 2741 a
536 2681 689 2740 daemone
706 2679 863 2759 consequi
888 2698 987 2759 posse
1010 2679 1146 2755 auxilia,
1161 2676 1217 2759 qui·

132 2789 192 2849 bus
209 2807 310 2868 prava
326 2807 386 2847 sua
402 2784 566 2847 desideria
582 2781 718 2863 explere
734 2783 875 2846 valeant.

177 2958 241 3021 103.
289 2941 340 3021 (b)
365 2940 435 3001 Ars
458 2949 565 3002 autem
594 2938 720 3018 magica
750 2938 907 3001 definitur
937 2939 1087 3018 facultas
1117 2939 1218 3025 positis

132 3043 331 3122 quibusdam
349 3044 461 3123 signis,
478 3044 577 3105 miros
594 3039 740 3117 effeetus
756 3041 918 3107 daemonis
935 3062 1008 3124 ope,
1019 3053 1102 3105 certo
1117 3054 1150 3107 et
1163 3062 1219 3106 con·

130 3156 256 3207 stanter
270 3146 482 3228 producendi.
531 3145 606 3206 Hoc
623 3165 721 3206 sensu
740 3141 908 3208 intellecta
924 3165 990 3207 non
1015 3146 1116 3210 debet
1140 3146 1220 3210 facile

132 3250 271 3312 admitti.
320 3251 407 3311 Nam
432 3251 535 3312 virtus
558 3250 749 3310 daemonum
777 3257 828 3311 est
851 3247 1002 3323 limitata,
1024 3268 1086 3311 nec
1109 3245 1220 3331 aliquid

132 3362 252 3433 praeter
263 3362 414 3414 naturam
428 3372 525 3432 agere
538 3351 657 3426 valent,
671 3351 732 3412 nisi
746 3352 821 3412 Deo
833 3351 1056 3432 permittente,
1067 3361 1104 3414 ut
1114 3353 1222 3415 diserte

132 3456 229 3516 docet
248 3455 283 3517 S.
299 3454 546 3535 augustinum
570 3459 585 3484 “
601 3453 806 3515 Firmissime
822 3454 1026 3515 credendum
1053 3464 1105 3518 est
1128 3455 1223 3518 omni-

133 3568 305 3639 potentem
324 3559 434 3619 Deum
451 3557 565 3618 omnia
582 3576 678 3636 posse
695 3555 802 3618 lacere
817 3577 894 3637 quae
909 3556 1062 3634 voluerit,
1078 3559 1148 3622 sive
1164 3561 1224 3622 vin·

132 3663 284 3738 dicando,
295 3662 363 3723 sive
373 3660 573 3743 praestandO,
585 3680 644 3721 nec
657 3660 827 3721 daemones
840 3659 965 3740 aliquid
978 3661 1107 3742 operari
1120 3681 1224 3725 secun·

132 3766 212 3827 (lum
230 3775 357 3828 naturae
374 3786 442 3826 suae
459 3765 656 3845 potentiam,
672 3764 735 3824 nisi
751 3762 840 3842 quod
858 3762 913 3824 ille
934 3764 1122 3844 permiserit
1143 3765 1226 3846 cujus

130 3869 256 3949 judicia
272 3868 402 3930 occulta
419 3867 524 3929 multa
540 3876 626 3941 sunt,
643 3866 767 3947 injusta
784 3865 908 3928 nulla”.
955 3865 1055 3947 Quod
1072 3869 1227 3950 approbat

134 3972 168 4033 S.
192 3972 359 4033 Tlennzasa
403 3972 560 4052 Jamvero
584 3971 656 4050 quis
681 3970 789 4031 dicere
812 3978 1001 4052 praesumet,
1018 3970 1131 4034 Deum
1148 3972 1227 4034 cent

163 4191 252 4246 ¹Lev.
270 4191 352 4260 XlX,
368 4207 413 4263 31;
434 4191 499 4258 XX,
512 4204 555 4261 ²73
574 4189 610 4244 cl.
628 4189 709 4242 Dent.
723 4190 836 4256 XVlll,
853 4205 982 4242 10-1r.-
993 4202 1005 4227 ²
1016 4190 1062 4244 De
1074 4189 1157 4244 Civit.
1173 4185 1227 4243 Dei.

112 4280 163 4337 lib.
181 4281 341 4355 XV111,c.
359 4282 401 4341 18.
416 4291 476 4326 -3
490 4282 522 4338 S.
537 4278 642 4336 Tbeol
659 4278 686 4344 l,
697 4293 726 4345 u,
743 4289 844 4341 uma.
854 4290 884 4329 a.
