2684 4634
279 193 336 243 DE
354 193 573 243 MYSTERIO
594 193 946 243 iucnnnhrroms,
1096 197 1163 246 487

56 383 223 437 ornatam.
258 377 486 438 Protestantes
502 396 569 441 non
587 377 693 456 pauci,
706 378 827 439 nostris
840 377 1025 456 praesertim
1037 376 1163 451 diebus,

56 472 136 553 plus
161 492 259 554 aequo
282 473 355 553 ejus
380 475 555 536 scientiam
572 474 727 548 limitant,
744 477 785 536 ea
801 475 931 536 ratione
946 482 984 536 ut
1000 473 1097 535 nobis
1121 474 1162 534 si-

57 576 171 638 milior
195 587 364 657 appareat,
381 578 449 640 veri
475 581 670 658 progressus
695 597 804 658 capax
833 586 867 638 et
894 577 1033 639 omnino
1057 577 1163 639 liber:

55 677 136 740 hinc
154 679 364 742 contendunt
387 701 462 742 eum
480 680 636 761 quaedam
654 679 697 741 ab
713 680 809 742 initio
832 680 1012 759 ignorasse,
1028 699 1162 760 praeser-

55 781 119 841 tim
136 780 226 841 diem
240 781 367 861 judicii,
383 788 418 841 et
433 799 526 840 suam
543 778 756 840 divinitatem
773 782 906 841 nonnisi
928 790 1004 862 post
1027 780 1162 861 aliquod

55 891 193 963 tempus
209 892 242 944 et
257 884 352 963 quasi
369 881 579 963 pedetentim
596 881 736 943 novisse.
790 881 848 943 Ab
873 883 936 944 hoc
961 903 1071 946 errore
1096 904 1162 945 non

56 985 140 1047 satis
156 984 316 1046 recedunt
334 983 558 1046 Cantherium
573 984 737 1063 paucique
753 983 808 1045 alii
831 984 986 1046 catholici
1004 986 1164 1058 moderni,

56 1088 254 1166 quidocent
270 1087 440 1150 Christum
457 1095 494 1148 ut
509 1086 681 1148 hominem
697 1087 859 1149 visionem
877 1087 1067 1150 beatificam
1096 1108 1162 1150 non

56 1192 215 1254 habuisse
230 1192 273 1254 ab
286 1193 391 1266 initi0,
403 1192 461 1253 sed
474 1210 550 1251 vere
563 1191 596 1250 in
609 1190 748 1252 scientia
764 1189 951 1271 profecisse,
963 1193 1009 1252 ita
1025 1201 1062 1255 ut
1075 1193 1162 1254 diem

54 1295 173 1375 judicii
189 1295 321 1376 aliaque
337 1295 529 1375 hujusmodi
546 1295 588 1357 ad
606 1305 740 1375 tempus
756 1295 967 1375 ignoraverit.

79 1436 81 1440 -
100 1396 266 1478 Theologi
291 1408 404 1460 autem
421 1397 620 1472 scholastici,
636 1400 675 1458 ea
692 1398 820 1460 ratione
837 1399 943 1459 innixi
960 1399 1051 1479 quod
1069 1399 1163 1462 Chri-

56 1511 109 1563 sto
126 1501 341 1563 tribuendum
371 1502 414 1563 sit
435 1500 598 1581 quidquid
625 1498 837 1580 perfectionis
861 1511 912 1563 est
936 1503 968 1562 in
993 1503 1161 1576 creaturis,

56 1604 245 1667 dummodo
261 1603 382 1667 finibus
394 1604 639 1667 Incarnationis
655 1623 721 1665 non
739 1615 910 1684 repugnet,
922 1606 951 1667 ei
968 1606 1161 1666 adscribunt

56 1728 194 1769 omnem
232 1709 406 1770 scientiam
438 1728 512 1788 quae
548 1717 659 1769 creato
691 1705 872 1770 intellectui
905 1710 1012 1770 inesse
1045 1719 1163 1789 potest.

55 1811 215 1890 Jamvero
230 1811 354 1891 triplex
370 1811 510 1871 scientia
525 1810 686 1890 distingui
704 1821 816 1891 potest
834 1836 840 1872 :
874 1808 927 1894 (a)
943 1813 1082 1873 scientia
1105 1831 1162 1872 seu

56 1914 141 1974 visio
167 1912 323 1993 beatifica,
347 1917 414 1992 qua
440 1914 533 1974 Deus
562 1913 645 1975 facie
670 1914 712 1975 ad
738 1913 856 1975 faciem
882 1913 1014 1975 videtur
1045 1933 1164 1993 resque

57 2015 213 2078 intuitive
229 2015 384 2082 videntur
400 2016 433 2076 in
451 2016 523 2077 Eo:
550 2016 622 2077 haec
639 2025 689 2077 est
706 2017 839 2097 propria
854 2017 1033 2078 Beatorum
1051 2016 1163 2097 cogni-

57 2120 121 2195 tio;
151 2114 204 2202 (b)
223 2119 363 2180 scicntia
388 2119 511 2197 infusa,
527 2123 593 2200 qua
619 2139 669 2180 res
694 2129 943 2199 cognoscuntur
963 2141 1022 2201 per
1037 2120 1164 2200 species

55 2242 113 2283 seu
132 2221 223 2283 ideas
239 2242 259 2282 a
276 2221 351 2283 Deo
367 2221 494 2283 infusas
513 2246 518 2283 :
548 2222 619 2283 haec
636 2233 686 2286 est
703 2224 837 2304 propria
854 2222 1073 2303 Angelorum,
1085 2224 1163 2285 licet

55 2324 310 2387 accidentaliter
325 2324 519 2386 hominibus
545 2327 784 2388 communicari
807 2328 912 2408 possit
923 2349 930 2403 ;
957 2327 1006 2408 (c)
1022 2327 1161 2388 scientia

55 2427 326 2509 experz'mentalis,
342 2447 417 2508 quae
439 2429 621 2508 acquiritur
646 2449 706 2509 per
729 2431 927 2491 exercitium
950 2449 1107 2492 sensuum
1129 2441 1163 2492 et

55 2529 255 2596 intellettus.
308 2530 460 2594 Christus
486 2542 597 2594 autem
626 2532 689 2594 hac
714 2533 835 2615 triplici
863 2533 1003 2594 scientia
1038 2534 1164 2608 fruitur,

31 2700 33 2704 ,
52 2638 154 2718 juxta
171 2636 372 2717 Angelicum
391 2633 583 2698 Dodtorem.

373 2799 401 2856 1.
422 2803 475 2858 De
497 2799 646 2856 visione
668 2790 859 2857 beatifica.

96 2925 165 2990 126.
213 2928 240 2985 1⁰
256 2927 380 3003 Tarsis:
405 2924 582 3001 Christus,
606 2928 646 3011 ut
671 2923 790 3001 homo,
807 2922 1014 2988 intuitivam
1032 2923 1098 2988 Dei
1118 2925 1163 2987 vi:
1201 2910 1204 2915 ⁴

54 3026 197 3091 sionem
215 3041 239 3087 a
262 3023 377 3100 primo
399 3021 549 3085 instanti
572 3021 819 3099 conceptionis
841 3039 918 3086 suae
941 3021 1075 3087 habuit.
1120 3025 1166 3081 Ita

54 3119 296 3183 communitefl.

99 3222 161 3303 (A)
189 3222 308 3302 Script.
361 3220 534 3299 Scriptura
569 3219 641 3280 sola
674 3230 911 3300 argumentum
939 3218 1165 3300 apodicticum

55 3346 124 3387 non
140 3324 278 3406 praebet,
293 3324 352 3385 sed
377 3323 486 3384 solum
509 3321 692 3401 probabile,
708 3323 786 3403 quia
806 3332 922 3384 textus
939 3322 1031 3384 allati
1048 3322 1165 3404 proba-

54 3429 168 3491 biliter
184 3426 227 3489 de
240 3425 354 3489 Verbo
370 3426 444 3507 ipso
460 3423 601 3505 intelligi
619 3433 770 3506 possunt.
814 3423 865 3504 (a)
877 3423 1008 3485 Dicitur
1021 3424 1166 3487 deChri-
1214 3477 1216 3482 ,
1262 3454 1265 3458 -

54 3546 134 3598 sto:
175 3533 358 3596 “Vidimus
384 3533 524 3612 gloriam
550 3528 631 3607 ejus
657 3526 798 3607 gloriam
825 3525 916 3604 quasi
950 3524 1122 3605 Unigeniti
1146 3549 1167 3587 u

89 3751 98 3773 ¹
111 3746 157 3798 De
172 3743 343 3798 certitudine
355 3741 439 3810 hujus
453 3739 590 3806 doetrinae
601 3738 640 3790 ait
652 3737 761 3788 Suarez
774 3734 859 3802 (disp.
872 3734 965 3800 XXV,
974 3751 995 3786 s.
1013 3733 1038 3797 ι)
1053 3753 1059 3787 :
1080 3734 1096 3759 “
1107 3732 1166 3786 Ali·

53 3830 102 3902 qui
116 3829 281 3885 existimant
294 3827 461 3897 simpliciter
473 3843 537 3879 esse
548 3826 584 3878 de
597 3824 661 3877 fide.
697 3821 755 3876 Sed
768 3838 824 3874 non
837 3820 956 3887 videtur,
965 3821 1031 3890 quia
1042 3820 1165 3888 Scriptu-

54 3935 94 3972 rae
106 3915 272 3971 testimonia
292 3931 350 3967 non
364 3924 429 3967 sunt
443 3913 516 3966 adeo
530 3927 673 3978 expressa,
689 3909 757 3977 quin
770 3909 833 3960 aliis
847 3906 939 3960 modis
953 3906 1086 3975 explicari
1102 3924 1166 3975 pos-

55 4005 121 4071 sint,
135 4012 164 4057 et
177 4002 256 4056 nulla
268 4010 361 4054 exstat
375 4000 411 4053 de
424 4000 478 4052 hac
492 4016 522 4052 re
535 3997 664 4051 definitio
678 3995 823 4061 Ecclesiae,
837 4011 929 4062 neque
947 3993 1034 4046 etiam
1052 3992 1168 4046 traditio

53 4102 97 4145 est
111 4089 180 4144 satis
193 4097 292 4158 aperta
346 4098 376 4140 et
390 4087 454 4139 ideo
468 4086 515 4138 alii
530 4085 622 4137 solum
636 4082 735 4135 dicunt
747 4099 811 4136 esse
829 4080 993 4150 opinionem
1007 4081 1045 4134 ita
1059 4096 1163 4147 veram,

53 4191 85 4234 ut
96 4176 270 4232 contrarium
283 4174 394 4244 opinari
408 4174 592 4227 temerarium
603 4171 639 4224 sit
689 4169 819 4224 existimo
833 4169 909 4222 enim
920 4169 1090 4222 contrariam
1104 4186 1167 4222 sen-

53 4265 177 4322 tentiam
191 4264 277 4318 etlam
291 4278 437 4316 erroneam
452 4271 480 4314 et
494 4260 653 4322 proximam
668 4258 772 4312 haeresi
780 4259 804 4312 ”.
