2684 4634
290 192 347 242 DE
365 191 585 242 ursrlsmo
603 193 936 244 REDEMPTIONIS.
1096 195 1163 247 543

67 365 126 423 Dei
146 363 344 438 promissione
362 368 442 426 bonis
460 370 590 440 ipsorum
610 370 740 440 operibus
765 378 793 427 et
813 371 924 427 meritis
942 370 1070 428 fideliter
1100 371 1165 428 red·

65 452 169 511 denda
177 453 203 509 ''.

101 540 151 609 (C)
162 540 234 597 Καί.
259 541 340 598 theol.
380 542 420 611 (a)
440 541 585 614 Quamvis
607 542 742 600 Christus
763 542 943 600 sufficienter
962 560 1016 614 pro
1035 544 1163 614 peccatis

65 625 191 683 humani
202 629 319 699 generis
331 629 513 698 satisfecerit,
522 638 590 685 sunt
604 638 703 686 tamen
719 629 879 700 unicuique
893 630 1024 687 remedia
1037 631 1163 701 propriae

65 712 169 770 salutis
182 715 352 785 quaerenda.
393 716 476 773 Mors
495 716 573 774 enim
591 718 655 787 ejus
674 725 718 773 est
732 716 816 787 quasi
835 716 974 789 quaedam
993 716 1164 774 universalis

65 816 157 857 causa
170 801 282 873 salutis,
297 802 374 860 sicut
386 812 544 874 peccatum
563 803 647 874 primi
667 803 797 859 hominis
816 803 871 860 fuit
889 805 972 874 quasi
992 803 1163 860 universalis

61 903 157 943 causa
176 887 377 945 damnationis
385 910 392 956 ;
423 889 505 959 atqui
525 888 696 946 universalis
718 907 807 946 causa
825 889 986 960 unicuique
1009 889 1163 946 individuo

65 971 209 1044 applicari
223 973 314 1032 debet
325 974 499 1046 specialiter,
509 985 541 1032 ut
554 975 691 1032 effectum
707 973 878 1031 universalis
891 993 988 1032 causae
998 975 1151 1046 participet
1156 997 1162 1040 ;

65 1058 189 1119 aliunde
200 1060 266 1119 talis
275 1060 437 1133 applicatio
447 1063 620 1119 meritorum
630 1062 740 1120 Christi
755 1061 787 1118 fit
804 1061 966 1132 perfidem,
980 1072 1162 1119 sacramenta

65 1154 95 1201 et
108 1144 190 1203 bona
202 1139 309 1219 opera3
334 1149 426 1219 ergo¹.
466 1150 507 1218 (b)
521 1150 666 1208 Praeterea
681 1149 800 1206 adultus
816 1167 880 1207 sese
897 1166 1060 1221 praeparare
1072 1149 1163 1206 debet

66 1231 104 1290 ad
116 1232 358 1303 iustificationem
373 1235 459 1292 variis
471 1235 657 1307 actibusqui
672 1236 700 1292 in
715 1235 765 1291 Tr.
773 1237 807 1291 de
819 1236 928 1295 Gratt'ct
942 1235 1162 1302 describuntur;

67 1325 95 1373 et
105 1316 135 1373 in
146 1326 226 1376 statu
233 1318 334 1389 gratiae
344 1336 531 1390 perseverare
544 1321 646 1392 nequit
656 1321 720 1378 sine
734 1320 821 1378 bonis
834 1321 991 1392 operibus;
1010 1321 1092 1392 atqui
1107 1325 1163 1377 hoc

67 1402 221 1462 evidenter
232 1405 375 1477 supponit
394 1405 629 1478 uniuscujusque
642 1407 885 1479 cooperationem
906 1417 968 1463 tum
981 1408 1026 1465 >ad
1046 1409 1163 1478 propria

68 1500 191 1562 peccata
203 1491 349 1564 expianda
364 1503 427 1550 tum
438 1494 476 1551 ad
490 1494 740 1566 perseverandum
757 1494 787 1550 in
800 1494 882 1552 bono
890 1517 897 1561 ;
916 1511 994 1564 ergo.
1032 1495 1163 1552 Aliunde

67 1577 250 1649 experientia
257 1588 384 1648 constat,
394 1580 483 1637 etiam
498 1590 566 1653 post
576 1580 841 1651 Redemptionem,
854 1598 1005 1638 remanere
1018 1581 1048 1636 in
1060 1582 1163 1650 justifi-

66 1664 139 1722 catis
148 1665 425 1738 concupiscentiam
438 1675 467 1722 et
478 1664 647 1736 passiones;
667 1667 748 1736 atqui
764 1685 824 1723 non
839 1684 998 1738 possumus
1011 1667 1163 1738 passiones

66 1749 194 1819 vincere,
206 1750 261 1807 nisi
274 1768 393 1810 carnem
407 1751 681 1808 mortificaverimus
695 1774 700 1808 ι
723 1753 742 1780 “
755 1751 814 1823 Qui
827 1751 937 1810 Christi
951 1761 1027 1823 sunt,
1044 1770 1161 1810 carnem

65 1851 150 1894 suam
164 1837 372 1896 crucifixerunt
384 1856 453 1895 cum
468 1837 544 1895 vitiis
558 1848 587 1894 et
600 1839 851 1910 concupiscentiis
862 1838 878 1863 ''
888 1840 909 1905 ²3
929 1856 1006 1909 ergo.
1046 1842 1083 1908 (c)
1098 1839 1125 1895 N
1129 1857 1163 1897 ec

65 1923 184 1981 dicatur
196 1941 250 1996 per
261 1924 320 1983 hoc
333 1924 471 1997 injuriam
491 1923 553 1982 fieri
573 1925 823 1982 satisfactionibus
837 1925 961 1992 Christi;
990 1926 1071 1982 valor
1083 1926 1161 1982 enim

64 2011 278 2070 satisfactorius
291 2022 321 2070 et
334 2012 500 2070 meritorius
513 2011 664 2069 actionum
679 2022 844 2070 nostrarum
857 2013 896 2069 ab
909 2013 972 2083 ejus
992 2013 1163 2070 satisfactio-

65 2096 156 2155 nibus
170 2096 327 2169 derivatur,
341 2108 370 2156 et
383 2098 421 2156 ad
435 2099 499 2169 ejus
517 2099 641 2169 gloriam
655 2099 800 2157 conducit
816 2120 823 2155 :
851 2102 869 2128 ‘¹
879 2098 957 2156 Cum
971 2099 1061 2168 enim,
1074 2109 1106 2156 ut
1123 2099 1162 2155 ait

68 2182 202 2240 Trident.
214 2185 245 2254 (l.
255 2184 329 2254 cit),
339 2183 387 2242 ille
398 2186 462 2255 ipse
471 2183 606 2243 Christus
617 2185 704 2257 Jesus
718 2194 859 2256 tanquam
872 2195 962 2256 caput
975 2184 1005 2240 in
1019 2185 1160 2253 membra,

64 2280 93 2328 et
104 2280 252 2342 tanquam
266 2271 332 2328 vitis
352 2271 383 2328 in
402 2272 539 2343 palmites
559 2272 589 2327 in
609 2273 690 2343 ipsos
707 2271 880 2342 justificatos
898 2271 1007 2342 jugiter
1026 2271 1163 2329 virtutem

63 2358 170 2415 influat
180 2357 207 2426 '’,
226 2376 286 2416 non
305 2361 398 2430 magis
417 2359 577 2417 detrahunt
596 2376 687 2430 opera
706 2359 785 2417 bona
805 2369 905 2416 nostra
923 2377 940 2416 a
960 2358 1161 2417 satisfactione

63 2443 176 2505 Christi
189 2461 280 2515 quam
293 2445 431 2516 palmites
443 2463 461 2502 a
472 2445 566 2516 gloria
583 2445 649 2502 vitis
662 2446 822 2503 detrahunt
835 2445 947 2502 fructus
961 2444 1057 2501 bonos
1071 2445 1163 2502 feren-

62 2530 103 2588 do
111 2553 119 2598 ;
139 2530 211 2599 imo,
231 2538 264 2588 ut
276 2530 317 2588 ait
331 2530 462 2599 Suareza,
478 2536 496 2560 ‘⁶
507 2532 565 2588 hoc
579 2531 674 2601 ipsunt
689 2531 782 2601 magis
800 2531 911 2587 extollit
924 2531 1027 2587 merita
1041 2539 1069 2586 et
1083 2533 1163 2587 satis-

62 2615 227 2674 factionem
238 2616 357 2688 Christi,
370 2627 400 2675 et
412 2617 541 2675 ostendit
555 2618 618 2688 ejus
629 2617 800 2686 efficaciam,
817 2617 887 2687 quia
901 2634 960 2672 non
975 2616 1071 2672 solum
1083 2617 1163 2673 satis-

62 2703 133 2762 fecit
142 2720 200 2775 pro
209 2701 304 2773 nobis,
314 2705 366 2762 sed
376 2704 464 2762 etiam
475 2723 529 2761 nos
540 2704 608 2761 facit
616 2713 824 2775 cooperatores
835 2720 913 2770 suos,
922 2703 967 2759 vel
981 2702 1019 2760 ad
1034 2713 1162 2759 nostram

62 2791 201 2859 salutem,
210 2807 279 2848 cum
292 2790 425 2848 ad'illam
440 2791 635 2863 disponimur,
649 2800 679 2848 et
693 2808 746 2862 pro
760 2790 889 2861 peccatis
904 2789 1009 2845 nostris
1023 2788 1163 2845 satisfaci-

62 2895 130 2936 mus
142 2894 199 2949 per
211 2877 275 2948 ejus
286 2878 420 2948 gratiam,
434 2879 479 2934 vel
499 2879 537 2936 ad
557 2877 693 2947 alienam,
707 2895 776 2934 cum
794 2876 858 2932 aliis
871 2875 1056 2946 applicamus
1071 2893 1163 2932 sacra-

62 2972 166 3022 menta
178 2963 224 3021 vel
238 2963 453 3021 satisfactiones
464 2964 487 3020 '’.
1117 2988 1120 2995 ⁴

279 3109 365 3186 Art.
387 3108 463 3184 ΙΙΙ.
486 3109 549 3185 De
579 3109 733 3185 Merito
763 3107 944 3185 Christis

105 3274 188 3335 Post
212 3268 303 3335 dicta
329 3271 372 3333 de
395 3269 623 3333 satisfactione
640 3271 762 3349 Christi
788 3271 1028 3353 disputandum
1053 3292 1163 3352 super-

62 3384 111 3438 est
134 3374 180 3439 de
201 3373 274 3455 ejus
297 3375 441 3437 merito:
476 3394 534 3454 per
557 3372 816 3436 satisfactionem
835 3374 986 3436 Christus
1002 3372 1163 3436 offensam

96 3566 145 3622 ¹S.
163 3565 270 3633 Tkom,
283 3567 316 3621 C.
332 3568 427 3629 Genu,
443 3566 460 3619 l·
477 3567 527 3629 IV,
543 3583 566 3618 c.
580 3580 622 3633 45.
637 3595 671 3604 —
685 3566 695 3594 ²
707 3567 800 3618 Galat.
813 3566 845 3630 V,
861 3579 901 3629 24·

94 3652 199 3723 ³Disp.
212 3654 262 3717 IV,
275 3651 344 3707 sect.
358 3667 382 3720 3,
400 3670 426 3706 n.
445 3667 477 3706 10
487 3672 494 3718 ς
522 3653 570 3705 cfr.
587 3653 740 3720 Oxenlram,
755 3671 799 3722 op.
814 3653 867 3705 cit..
883 3670 906 3705 c.
924 3666 947 3718 7,
962 3670 987 3722 p.
1003 3665 1064 3722 325.
1106 3654 1164 3704 Me-

61 3735 113 3790 rito
126 3733 213 3805 igitur
225 3734 264 3790 ait
281 3732 313 3788 T
307 3736 408 3789 rident.
426 3736 507 3801 (sess.
525 3737 604 3801 XIV,
619 3753 642 3789 c.
659 3736 687 3802 8)
705 3757 710 3790 :
741 3738 868 3791 “Omnis
881 3739 1012 3807 gloriatio
1025 3748 1121 3792 nostra
1134 3742 1164 3790 z'u

62 3822 177 3875 Christo
189 3831 233 3876 est
250 3839 257 3875 t
276 3823 308 3874 in
319 3837 375 3890 quo
388 3821 516 3888 vivimus,
533 3823 564 3873 in
577 3838 632 3888 quo
640 3839 788 3887 meremur,
801 3824 833 3875 in
846 3841 901 3891 quo
914 3822 1112 3888 satisfacimus,
1125 3825 1163 3876 fa-

61 3908 171 3963 cientes
182 3906 291 3963 fructus
303 3907 405 3977 dignos
418 3907 602 3978 poenitentiae,
616 3908 663 3976 qui
675 3910 772 3962 exilio
786 3910 842 3962 vim
859 3911 975 3973 habent,
991 3910 1085 3963 abillo
1099 3912 1164 3964 offe-

60 4006 159 4050 runtur
172 3994 259 4061 Patri,
272 4004 301 4049 et
307 3996 457 4064 perillum
470 4005 655 4063 acceptantur
669 4013 685 4047 a
700 3996 783 4049 Patre
793 3997 815 4048 ”.

94 4081 159 4136 ⁴cf.
182 4082 214 4136 S.
236 4082 334 4134 Thom.
351 4097 378 4150 q.
401 4096 440 4148 19,
462 4099 486 4134 a.
506 4095 568 4150 3·4;
589 4096 631 4147 34,
651 4099 675 4134 a.
701 4098 728 4149 3,
755 4082 897 4135 Salmant.
922 4082 994 4151 disp.
1016 4082 1163 4146 XXVlll;

60 4172 179 4237 Suares,
193 4167 267 4241 disp.
284 4170 413 4223 XXXIX
423 4189 430 4234 ;
457 4169 598 4240 Legrand,
613 4168 681 4222 diss.
701 4170 751 4235 lX,
766 4186 788 4222 c.
807 4183 831 4233 13
859 4169 930 4222 Bill.
953 4169 1019 4222 diss.
1036 4171 1116 4235 XIX,
1139 4188 1162 4222 a.

62 4271 118 4324 1-3;
138 4256 286 4325 Stentrup,
302 4255 342 4310 th.
359 4268 447 4323 25-37.
