2684 4634
472 179 529 230 DE
547 177 734 231 HOMINE.
1086 175 1152 226 379

49 370 54 384 “·
90 362 154 427 Ait
167 363 257 426 enim
275 362 310 427 S.
320 361 477 447 surtinus
493 362 662 427 Christum
679 360 886 442 baptizatum
903 359 1012 436 fuisse,
1022 357 1154 440 generes

48 467 194 531 humani
206 466 312 546 causd,
325 468 413 549 quod
416 478 482 548 per
493 466 606 529 Adam
622 466 657 528 in
680 473 814 528 mortem
836 473 868 526 et
879 464 1039 544 fraudem
1060 462 1153 526 sedu-

49 571 248 653 mortemque
272 572 427 653 serpentis
451 572 610 635 inciderat
618 571 633 597 ’'
659 570 768 649 (Dr‘al.
795 590 864 631 cum
894 568 1003 649 Tripla
1031 587 1061 630 n.
1088 566 1153 647 88).

52 675 124 737 Nec
149 675 246 737 aliter
270 675 305 738 S.
321 675 508 739 Irenoeus1:
531 676 668 738 “Deum
693 673 826 755 quidem
851 675 884 735 in
909 673 1016 754 primo
1040 672 1152 735 Adam

50 777 256 842 offendimus
268 798 335 841 non
346 779 504 842 facientes
516 778 587 859 ejus
600 786 817 859 praeceptum3
841 778 871 839 in
882 776 1029 842 secundo
1041 766 1152 838 autem

52 882 170 945 Adam
195 882 395 946 reconciliati
419 903 533 946 sumus
544 882 567 945 ’'.
614 880 736 945 Scribit
759 881 859 943 etiam
888 879 1154 944 Tertullianus2.·

53 990 68 1016 ‘¹
79 985 246 1050 Satanam
263 987 403 1050 dicimus
416 986 554 1050 malitiae
566 984 731 1068 angelum,
741 984 844 1047 totius
856 984 973 1046 erroris
986 981 1155 1057 artificem,

53 1109 112 1171 per
126 1107 231 1168 quem
247 1087 349 1151 h'omo
371 1109 389 1152 a
414 1088 596 1170 primordio
619 1088 896 1151 circumventus...
920 1087 1031 1150 exinde
1054 1096 1154 1149 totum

48 1210 157 1273 genus
170 1192 211 1254 de
224 1191 343 1254 semine
355 1211 413 1254 suo
426 1190 588 1271 infinum,
601 1209 670 1253 sure
682 1189 780 1252 etiam
796 1187 1018 1252 nbrrrnulz'onr's
1039 1190 1154 1253 tradu-

52 1294 244 1374 cem'fecit''.

14 1472 19 1477 ,
97 1397 213 1461 Adest
230 1407 341 1460 tamen
357 1395 534 1460 difficultas
550 1397 660 1477 quoad
678 1396 793 1458 Patres
816 1414 950 1476 graecos,
966 1397 1022 1478 qui
1046 1396 1155 1460 minus

55 1497 183 1563 directe
200 1501 242 1562 de
258 1509 395 1582 peccato
410 1499 561 1580 originali
577 1499 783 1580 scripserunt,
799 1498 856 1561 sed
873 1496 955 1562 illud
978 1499 1074 1562 facile
1097 1519 1155 1562 ex-

56 1604 203 1685 plicatur
218 1604 297 1686 quia
312 1614 392 1667 tunc
408 1603 567 1686 temporis
583 1603 741 1684 vigebant
756 1602 944 1680 Manichaei,
960 1602 1016 1685 qui
1040 1623 1155 1684 pecca-

57 1717 129 1770 tum
160 1707 321 1788 originale
344 1706 613 1790 exaggerabant;
637 1707 724 1770 unde
747 1726 813 1769 non
838 1715 1062 1789 opportunum
1086 1716 1157 1772 erat

57 1811 163 1878 nimis.
187 1831 303 1895 urgere
335 1811 416 1874 illud
439 1807 600 1874 dodtrinae
622 1807 791 1891 punetum.
837 1809 1003 1891 Objicitur
1024 1829 1157 1892 quoque

57 1913 198 1977 verbum
217 1914 253 1978 S.
272 1915 491 1996 Chrysostomi
503 1915 645 1978 dicentis
660 1913 805 1977 infantes
821 1934 883 1976 non
899 1913 1013 1977 habere
1027 1924 1157 1994 peccata

57 2025 242 2098 antequam
258 2017 477 2100 baptizentur,
493 2018 551 2083 sed
567 2018 631 2082 hoc
648 2017 901 2100 intelligendum
917 2026 968 2081 est
982 2019 1026 2082 de
1041 2039 1157 2102 pecca·
1228 2037 1230 2041 ⁴

58 2123 100 2183 tis
117 2121 262 2202 propriis
278 2129 313 2184 et
328 2120 522 2199 adlualibus,
537 2130 574 2185 ut
595 2121 665 2202 jam
689 2120 974 2184 animadvertebat
991 2122 1022 2186 S.
1041 2122 1156 2206 Augu-

57 2225 168 2287 stinus
181 2235 208 2286 :³
231 2227 247 2257 “
260 2223 414 2306 Intellige
429 2226 571 2307 propria,
587 2233 621 2288 et
636 2223 727 2287 nulla
743 2224 914 2287 contentio
929 2233 989 2288 est.
1034 2224 1092 2302 At,
1109 2226 1157 2288 in-

58 2328 163 2410 quies,
179 2348 237 2390 cur
252 2347 319 2391 non
335 2328 406 2410 ipse
420 2327 550 2392 addidit
566 2327 716 2409 propria?
740 2327 815 2402 Cur,
827 2335 993 2409 putamus,
1004 2329 1066 2391 nisi
1079 2329 1158 2410 quia

57 2431 236 2511 disputans
252 2431 286 2492 in
303 2429 475 2494 Catholica
492 2430 650 2507 Ecclesia,
666 2449 732 2491 non
749 2450 783 2492 se
798 2431 893 2493 aliter
909 2431 1049 2513 intelligi
1072 2432 1157 2496 arbi·
1226 2515 1228 2518 Α

57 2532 237 2597 trabatur?
260 2532 318 2598 tali
334 2535 520 2616 quaestione
535 2532 657 2597 nullius
673 2534 874 2615 pulsabatur,
889 2535 984 2598 vobis
1008 2537 1156 2600 nondum

59 2635 270 2718 litigantibus
293 2637 438 2701 securius
461 2637 658 2719 loquebatur
668 2636 691 2698 '’.
737 2635 884 2706 Aliunde
908 2639 1022 2701 Patres
1050 2639 1157 2703 Graeci

58 2741 184 2822 dogma
193 2749 341 2804 nostrum
353 2739 588 2822 aequivalenter
599 2750 841 2822 proposuerunt
850 2741 1011 2818 docendo,
1023 2752 1159 2825 propter

60 2842 188 2906 Adami
205 2842 339 2924 lapsum,
354 2844 550 2907 damnatum
567 2842 667 2906 fuisse
682 2863 787 2924 genus
802 2844 995 2922 humanum,
1007 2845 1158 2909 homines

59 2946 291 3029 redemptione
301 2947 457 3028 indigere,
468 2946 634 3012 Christum
645 2946 905 3030 Redemptorem
916 2948 1064 3013 omnium
1077 2969 1159 3027 esse,

60 3053 106 3114 ita
122 3059 161 3113 ut
178 3070 277 3114 nemo
293 3051 364 3114 sine
374 3052 453 3133 ’ipso
469 3051 610 3114 salutem
626 3052 784 3133 consequi
801 3051 932 3133 possit4.

102 3154 165 3236 (B)
180 3154 239 3216 Ex
243 3155 350 3235 praxi
362 3155 500 3233 ecclesie,
515 3175 591 3236 quae
606 3174 739 3237 semper
754 3154 937 3237 baptizavit
959 3157 1101 3222 infantes
1126 3158 1157 3221 in

61 3257 282 3321 remissionem
297 3268 501 3340 peccatorum
515 3283 527 3322 .·
550 3259 675 3321 “credo
692 3278 794 3321 unum
811 3258 980 3341 baptisma
996 3261 1028 3323 in
1047 3263 1159 3324 remis-

63 3361 191 3424 sionem
214 3361 464 3443 peccatorum’';
492 3361 643 3443 jamvero
666 3382 724 3424 cur
747 3361 994 3442 baptizarentur
1017 3364 1160 3429 infantes

63 3464 92 3527 in
109 3463 339 3527 remissionem
362 3473 584 3546 peccatorum,
601 3465 628 3526 si
653 3464 780 3529 nullum
804 3465 963 3546 originale
987 3478 1159 3548 peccatum

63 3566 241 3643 haberent?
266 3567 359 3632 ldem
384 3567 526 3650 probant
549 3569 629 3634 varii
653 3569 839 3643 exorcismi,
856 3570 912 3649 qui
936 3571 969 3631 in
993 3570 1160 3651 baptismo

64 3671 271 3747 adhibentur,
287 3672 328 3764 ad
345 3671 530 3754 fugandum
547 3670 738 3737 diabolum:
762 3673 901 3735 servitus
914 3680 1025 3738 autem
1036 3672 1160 3737 diaboli

94 3867 191 3924 ¹Adv.
208 3865 329 3931 Haeres„
343 3863 390 3933 lib.
406 3864 442 3927 V,
458 3880 481 3917 c.
502 3864 542 3928 16,
558 3880 584 3918 n.
600 3876 623 3928 3.

92 3952 104 3987 ²
118 3954 168 4008 De
179 3951 336 4006 Testimon.
352 3949 464 4015 animae,
481 3967 503 4002 c.
519 3963 542 4015 3.

91 4040 104 4075 ³
118 4042 229 4095 Contra
241 4037 350 4108 Julian,
368 4037 414 4091 lib.
430 4039 452 4105 Ι,
464 4054 486 4090 c.
501 4054 524 4106 c,
537 4054 562 4090 n.
578 4052 621 4090 22.
661 4037 808 4092 ReveraS.
821 4038 1038 4105 chrysostomus
1052 4037 1159 4106 (homil.

61 4144 94 4184 ro
106 4128 137 4182 in
151 4127 208 4195 Ep.
224 4124 261 4179 ad
275 4125 369 4194 Rom,
385 4141 431 4193 ap.
448 4124 548 4192 Migne
562 4125 620 4190 LX,
634 4137 667 4189 47
672 4123 697 4192 5)
711 4134 859 4192 peccatum
873 4125 1009 4193 originale
1023 4125 1113 4180 docet,

91 4215 162 4270 ⁴Ci.
176 4212 298 4277 Hurler,
314 4229 341 4266 n.
354 4223 418 4280 405;
437 4211 586 4278 Palrm'erz',
603 4211 640 4266 th.
665 4224 706 4277 70,
727 4212 773 4263 ubi
793 4220 884 4265 textus
903 4210 1030 4265 difficiles
1050 4211 1163 4264 Patrum

56 4300 187 4359 dilucide
198 4308 382 4368 exponuntur.
