2684 4634
10 302 15 355 l

390 182 446 232 DE
465 182 539 231 DEI
557 181 826 230 EXISTENTIA.
1116 181 1158 229 89

60 370 106 425 tur
117 360 337 441 vocabulum,
345 382 414 445 quo
429 363 600 446 Scriptura
615 363 707 446 (Sap.
721 365 822 439 XIII,
836 367 866 446 5)
883 364 969 427 hanc
984 363 1158 426 veritatem

57 463 206 527 revelans
223 465 337 540 utitur,
354 464 434 528 nihil
451 467 493 529 ad
509 465 580 547 ejus
596 486 730 529 sensum
747 465 886 549 adjedtn
897 468 938 511 ”1
986 466 1062 529 Non
1079 466 1158 530 defi-

56 569 161 632 nitum
178 567 246 630 luit
261 568 362 650 igitur
376 569 571 633 naturaliter
593 579 684 633 certo
707 571 862 654 cognosci
881 590 980 654 posse
996 571 1106 634 Deum
1122 591 1162 632 err

54 672 156 736 nihilo
173 691 227 734 res
247 672 456 754 produxisse.

220 843 257 893 20
272 829 323 892 De
338 830 428 893 modo
442 851 503 913 quo
517 829 624 892 Deum
641 847 817 908 cognoscere
824 837 1005 907 possumus.

94 979 126 1047 7,
168 966 330 1042 Ammoi,
341 987 398 1030 seu
414 966 623 1042 Eunomiani,
633 984 773 1047 quorum
787 964 887 1026 duces
900 964 1031 1028 fuerunt
1043 964 1161 1028 Aetius

53 1077 88 1131 et
114 1068 310 1147 Eunomius,
336 1069 401 1152 (IV
426 1069 525 1150 saec),
548 1067 795 1131 contendebant
822 1087 857 1129 se
880 1065 1024 1148 perfedte
1048 1069 1159 1131 Deum

54 1173 276 1254 divinamque
291 1174 468 1237 essentiam
486 1173 519 1235 in
535 1172 597 1235 hac
613 1172 681 1236 vita
697 1171 808 1235 videre
823 1179 858 1233 et
872 1171 1159 1253 comprehendere.

58 1273 271 1355 Ontologistoe
288 1274 441 1338 'nonnulli
464 1273 624 1338 tenebant
647 1281 792 1334 mentem
816 1271 997 1334 humanam
1014 1292 1110 1354 posse
1126 1272 1159 1333 in

55 1379 218 1460 praesenti
244 1378 312 1442 vita
339 1378 479 1442 naturali
506 1377 651 1459 quadam
679 1385 712 1439 et
742 1372 866 1439 directa
893 1375 1018 1439 visione
1049 1376 1160 1439 Deum

55 1482 198 1546 videre.2
242 1481 367 1546 Contra
382 1502 466 1563 quos
482 1482 544 1544 sit:

95 1633 126 1697 8
173 1635 272 1694 Thesis
286 1661 296 1694 .·
329 1632 540 1698 Intellectus
563 1631 745 1695 humanus
774 1646 844 1693 non
873 1633 1003 1707 potest,
1030 1628 1065 1691 in
1094 1627 1160 1693 hac

57 1731 205 1795 mortali
219 1731 302 1810 vita,
314 1731 430 1796 Deum
442 1731 478 1795 in
490 1748 530 1796 se
542 1727 753 1793 naturaliter
764 1727 903 1805 intueri,
915 1725 980 1789 sed
991 1724 1161 1790 indirecte

58 1828 180 1891 solum
196 1845 280 1893 eum
294 1846 512 1908 cognoscere
528 1846 591 1906 per
605 1824 865 1903 causalitatem,
877 1823 1110 1887 remotionem
1124 1828 1162 1888 et

59 1925 304 1991 eminentiam.
323 1928 439 1987 Certum
454 1935 501 1988 est.
967 1975 972 1989 .
1099 1947 1101 1949 ’

102 2023 165 2106 (A)
181 2025 276 2089 Prob.
293 2042 329 2088 1⁶
336 2037 421 2106 pars
435 2049 446 2089 .·
463 2025 514 2108 (a)
532 2023 705 2104 Scriptura
721 2023 808 2084 enim
827 2022 937 2084 Deum
954 2020 1105 2103 perhibet
1125 2031 1161 2085 ut

60 2126 193 2208 Regem
209 2129 431 2192 immortalem
448 2139 481 2192 et
497 2127 701 2201 invisibilem,
711 2126 766 2206 qui
780 2125 885 2187 lucem
901 2124 1063 2189 inhabitat
1076 2125 1160 2189 inac-

58 2231 243 2309 cessibilem,
256 2252 354 2313 quem
371 2233 480 2296 nullus
494 2231 667 2295 hominum
680 2228 774 2303 vt'ciz't,
786 2229 843 2290 sed
856 2249 910 2290 nec
923 2228 1139 2308 orderepotcst
1150 2254 1161 2293 .·

59 2338 75 2364 ‘⁴
87 2334 176 2416 Regi
192 2335 388 2399 saeculorum
405 2333 582 2399 immortali
600 2343 633 2396 et
650 2330 818 2405 invisibili,
834 2329 894 2391 soli
913 2331 987 2393 Deo
1007 2330 1113 2394 honor
1128 2342 1160 2396 et

59 2437 193 2518 gloria...
209 2439 266 2520 qui
283 2439 372 2502 solus
388 2440 489 2503 habet
505 2436 792 2502 immortalitatem
816 2444 849 2497 et
873 2434 979 2498 lucem
997 2436 1161 2500 inhabitat

60 2541 331 2618 inaccessibilem,
347 2563 446 2624 quem
463 2541 572 2607 nullus
593 2538 764 2602 hominum
782 2538 873 2614 vidit,
891 2539 948 2626 sed
971 2558 1031 2600 nec
1051 2539 1161 2602 videre

60 2643 225 2724 potest‚''3
254 2645 346 2725 atqui
376 2644 447 2706 haec
478 2643 578 2707 verba
604 2642 771 2724 generalia
802 2652 888 2718 sunt,
915 2653 948 2705 et
979 2642 1162 2707 excludunt

60 2745 222 2808 visionem
246 2764 313 2807 non
336 2744 442 2808 solum
468 2766 527 2828 per
554 2744 667 2808 oculos
695 2765 876 2828 corporeos,
899 2746 956 2807 sed
981 2744 1080 2808 etiam
1104 2767 1162 2828 per

60 2844 277 2922 intelledtum,
293 2867 394 2928 quum
416 2849 500 2911 ratio
523 2868 583 2930 pro
607 2849 662 2912 illa
686 2849 910 2912 invisibilitate
927 2849 1104 2931 assignata,
1120 2851 1162 2912 sit

59 2951 130 3031 ipsa
150 2950 333 3014 eminentia
355 2960 482 3017 naturae
498 2952 620 3015 divinae
637 2974 711 3034 quae
728 2952 882 3016 omnibus
904 2951 1093 3015 hominibus
1110 2965 1160 3016 est

59 3072 194 3133 prorsus
221 3054 477 3134 inaccessibilis;
498 3076 584 3138 ergo
630 3056 681 3139 (b)
703 3057 876 3119 Asseritur
898 3056 1032 3138 insuper
1051 3057 1161 3120 Deum

58 3155 167 3219 solum
184 3157 329 3239 seipsum
345 3160 465 3238 videre,
482 3159 529 3222 ita
544 3170 581 3223 ut
599 3181 697 3223 nemo
713 3161 821 3242 ipsum
839 3181 1038 3242 cognoscere
1053 3161 1162 3225 valeat

57 3268 158 3339 prout
188 3261 223 3322 iu
254 3281 290 3323 se
320 3271 371 3325 est
400 3263 463 3324 nisi
495 3283 553 3345 per
582 3264 818 3328 revelationem
852 3266 1159 3348 supernaturalem:

56 3363 201 3425 “Deum
217 3383 316 3427 nemo
331 3365 415 3428 vidit
430 3385 588 3449 unquam,
605 3369 795 3450 unigenitus
812 3368 868 3451 qui
884 3378 935 3432 est
958 3369 990 3431 in
1010 3369 1083 3431 sinu
1101 3370 1161 3432 Pa·

89 3603 156 3657 ¹Cs.
171 3603 245 3656 Ana
259 3603 288 3658 C.
312 3605 397 3658 Vatic.
413 3621 439 3673 p.
454 3618 496 3672 79.

88 3695 100 3717 ²
114 3689 306 3758 Ontologismi
328 3690 462 3760 praecipui
484 3691 646 3745 defensores
667 3692 776 3746 suerunt
798 3693 1004 3756 Malebranclre,
1027 3695 1159 3758 Gioberti,

58 3777 175 3846 Ubaglzs
186 3796 196 3830 :
208 3806 243 3815 -
255 3776 454 3832 Malebranche
466 3777 641 3848 (1638-1715)
655 3779 749 3834 docuit
765 3781 860 3834 omnia
878 3782 906 3834 in
925 3783 987 3835 Deo
1001 3781 1162 3836 immediate

54 3861 155 3926 videri,
170 3862 325 3916 essentiam
338 3873 433 3916 autem
446 3863 571 3917 divinam
585 3865 696 3917 anobis
709 3863 797 3918 videri
815 3883 871 3919 non
891 3867 1019 3919 absolute
1037 3877 1067 3920 ut
1085 3867 1112 3919 in
1132 3885 1162 3921 se

54 3960 107 4015 est,
118 3949 170 4002 sed
183 3957 213 4002 ut
226 3959 270 4002 est
282 3949 347 4003 idea
357 3949 510 4018 archetypa
521 3967 620 4004 omnes
630 3968 674 4005 res
685 3963 793 4006 creatas
805 3965 1023 4021 repraesentans;
1041 3953 1160 4022 (lougius,

53 4054 121 4091 cum
135 4035 323 4105 Ontologistis
336 4037 497 4105 moderatis,
512 4038 600 4092 tenuit
620 4056 677 4091 non
697 4039 856 4108 singularia,
871 4041 921 4095 sed
941 4041 1032 4095 solum
1051 4041 1160 4095 univer·

52 4124 127 4178 salia
139 4124 169 4176 in
183 4122 254 4178 ideis
267 4123 372 4177 divinis
385 4124 483 4179 videri.
518 4125 560 4178 Ci.
576 4126 719 4194 Zzgliara,
732 4128 848 4181 Summa
861 4128 970 4196 philos,
984 4129 1082 4182 Theoi.
1092 4113 1161 4196 nat,

53 4212 103 4264 lib.
122 4211 144 4277 1,
158 4226 181 4263 c
197 4211 221 4277 Ι,
232 4227 258 4264 a.
276 4224 286 4262 1
302 4228 308 4264 :
323 4210 407 4264 Delia
419 4211 480 4265 luce
494 4210 677 4266 intellettuale
691 4230 706 4266 e
720 4213 782 4268 dell’
794 4215 999 4282 Ontologismo.

88 4299 231 4362 ³1Tim„
248 4299 271 4363 1,
289 4311 320 4364 17
331 4318 339 4365 ;
358 4299 509 4370 Vl,15-16.
