2684 4634
117 171 186 223 246
390 192 392 195 ·
567 170 708 224 CAPUT
724 170 770 222 11.

117 351 165 435 (c)
183 353 354 417 Processio
375 352 449 416 Filii
471 362 523 416 est
545 374 622 417 vera
637 353 805 438 generati)
827 352 905 434 quia
928 349 1113 416 intellectio
1135 361 1205 414 exse

117 458 226 520 tendit
247 458 289 520 ad
312 443 563 540 producendum
587 457 711 540 aliquid
734 456 841 519 simile
864 455 935 529 sibi,
951 455 1033 518 dum
1050 453 1206 537 processio

119 559 262 641 Spiritfis
274 583 336 624 non
349 571 397 624 est
401 562 579 644 generatio,
589 563 667 644 quia
683 580 777 623 amor
793 582 855 622 non
872 558 976 622 tendit
990 580 1030 621 ex
1042 558 1131 621 read
1145 577 1208 640 pro·

117 654 307 747 ducendum
332 667 437 729 simile
460 666 539 744 sibi;
577 668 741 748 siquidem
767 664 919 728 voluntas
947 683 1014 725 non
1041 663 1161 725 transit
1182 662 1210 723 in

118 765 228 830 adium
242 789 301 850 per
316 769 400 832 “hoc
410 770 499 850 quod
513 770 624 851 aliqua
634 769 817 832 similitudo
827 768 920 832 voliti
932 767 974 829 sit
987 767 1021 828 in
1032 766 1212 842 voluntate

118 872 175 933 sed
193 892 237 933 ex
253 867 316 934 hoc
332 874 422 954 quod
440 873 594 935 voluntas
611 874 710 938 habet
721 874 902 954 quamdam
915 869 1167 933 inclinationem
1184 870 1212 930 in

116 995 186 1036 rem
205 974 342 1037 volitam
394 985 427 1038 et
445 977 520 1039 ideo
536 978 625 1058 quod
643 978 792 1058 procedit
814 977 846 1038 in
868 975 987 1038 divinis
1003 994 1062 1055 per
1080 975 1214 1036 modum

118 1076 248 1153 amoris,
264 1098 329 1141 non
355 1080 503 1160 procedit
519 1090 555 1142 ut
571 1081 729 1161 genitum,
745 1079 835 1142 velut
853 1077 964 1153 Filius,
979 1078 1038 1139 sed
1056 1074 1169 1158 magis
1181 1085 1215 1138 ut

119 1179 268 1261 Spiritus.
315 1182 392 1264 Quo
413 1185 548 1245 nomine
571 1185 726 1264 quaedam
742 1182 852 1247 vitalis
876 1182 980 1244 motio
1003 1190 1037 1242 et
1061 1180 1215 1262 impulsio

117 1284 325 1364 designatur;
364 1297 462 1367 prout
489 1287 608 1369 aliquis
639 1309 682 1349 ex
711 1308 824 1350 amore
859 1285 979 1347 dicitur
1002 1285 1130 1345 moveri
1166 1283 1213 1346 vel

119 1388 243 1469 impelli
259 1391 300 1453 ad
319 1391 443 1471 aliquid
461 1392 650 1454 faciendum
665 1394 680 1416 ''
699 1405 718 1453 1.
1122 1453 1125 1458 .

163 1492 247 1553 Haec
271 1493 355 1561 ratio
378 1497 597 1557 communiter
620 1517 639 1557 a
664 1494 828 1574 theologis
850 1492 1009 1573 accipitur
1033 1491 1215 1570 meliusque

118 1593 346 1658 difficultatem
371 1597 469 1661 solvit
484 1619 585 1680 quam
602 1597 676 1659 aliae
699 1598 843 1660 rationes
863 1616 883 1656 a
905 1593 1073 1656 nonnullis
1098 1613 1214 1674 propo·

117 1693 198 1755 sitae.
245 1694 282 1758 S.
294 1696 502 1778 Augustinus
518 1719 585 1760 rem
603 1697 750 1778 explicat
766 1695 908 1759 dicendo
925 1693 1087 1775 Spiritum
1105 1712 1214 1773 proce·

117 1799 195 1860 dere
215 1819 280 1861 non
297 1803 467 1881 quomodo
491 1813 614 1877 natum,
629 1803 688 1864 sed
705 1800 874 1883 quomodo
889 1798 1024 1871 datum,·
1056 1799 1117 1860 sed
1130 1797 1215 1861 'ratio

95 1922 175 1964 ¹cur
202 1924 252 1965 res
281 1904 326 1965 ita
353 1925 388 1967 se
415 1906 546 1980 habeat,
563 1906 605 1967 ab
632 1926 672 1966 eo
698 1926 764 1967 non
792 1904 947 1965 redditur.
993 1898 1215 1963 Richardusa

119 2003 154 2065 S.
180 2004 304 2067 Vitiare
326 2010 497 2071 contendit
521 2008 595 2070 ideo
612 2008 853 2088 processionem
870 2002 973 2068 Verbi
990 2024 1062 2065 esse
1081 2024 1214 2084 genera-

118 2108 252 2185 tionem,
268 2111 346 2190 quia
370 2122 419 2173 est
436 2112 695 2174 communicatio
713 2121 839 2173 naturae
860 2107 1019 2183 fecundae,
1041 2128 1213 2189 perquam

118 2212 249 2272 tertiam
266 2233 441 2294 personam
466 2217 627 2297 producit,
644 2216 724 2277 dum
747 2216 822 2276 talis
846 2221 965 2275 natura
980 2212 1126 2274 fecunda
1144 2212 1213 2294 Spi-

118 2313 193 2374 ritui
212 2314 244 2378 S.
258 2319 323 2377 no'n
337 2319 615 2397 communicatur;
639 2319 695 2380 sed
713 2316 776 2379 hoc
787 2316 1006 2378 communiter
1018 2336 1038 2377 a
1051 2315 1213 2398 theologis

118 2416 271 2495 rejicitur,
282 2422 360 2500 quia
382 2443 447 2482 non
473 2432 523 2484 cst
538 2422 580 2483 de
602 2424 728 2484 ratione
752 2419 974 2503 generationis
992 2421 1102 2501 utqui
1120 2442 1213 2502 gene-

119 2530 209 2582 ratur
225 2523 400 2586 fecundam
418 2526 559 2606 accipiat
575 2536 750 2587 naturam2.

163 2675 228 2739 143.
276 2648 332 2743 (C)
351 2663 436 2746 sure
460 2663 631 2744 meritoque
646 2661 812 2743 particula
836 2665 851 2692 “
861 2660 1010 2741 Filioque
1020 2661 1036 2685 '’
1064 2659 1215 2741 Symbola

118 2766 233 2828 additu
247 2768 321 2846 suit
332 2779 352 2828 3.
400 2768 495 2829 Patet
512 2788 555 2828 ex
572 2767 794 2829 declaratione
811 2766 845 2829 C.
856 2763 1047 2838 Florentz'ni,
1060 2785 1080 2826 a
1094 2765 1214 2828 Graecis

121 2868 314 2950 Latinisque
330 2870 538 2950 subscripta:
565 2868 779 2931 “Definimus
803 2870 935 2949 insuper
956 2868 1214 2949 explicationem

119 2972 292 3034 verborum
319 2974 447 3035 illorum
477 2972 625 3051 Filioque
648 2972 796 3033 veritatis
821 2972 1030 3035 declarandae
1052 2975 1168 3052 gratia,
1185 2982 1216 3034 et

120 3071 313 3136 imminente
330 3085 408 3136 tunc
425 3079 629 3147 necessitate,
645 3077 732 3138 licite
755 3097 792 3138 ac
809 3076 1047 3138 rationabiliter
1063 3077 1216 3158 symbolo

121 3174 220 3237 fuisse
237 3180 424 3258 appositam
439 3181 455 3203 ”
471 3180 643 3260 (Denaing.
662 3200 690 3241 n.
711 3181 793 3260 586).

166 3331 230 3395 144
279 3316 413 3378 Frustra
450 3316 555 3378 Graeci
597 3315 796 3378 schismatici
833 3326 1009 3397 opponunt
1046 3318 1215 3381 decretum

121 3419 156 3482 C.
167 3420 332 3500 Ephesim',
343 3441 409 3501 quo
422 3421 657 3502 prohibebatur
668 3442 708 3482 ne
720 3422 823 3482 altem
829 3420 918 3502 fides
933 3422 1195 3485 conscriberetur
1209 3443 1216 3484 :

120 3527 135 3552 ‘⁴
149 3523 296 3586 definivit
314 3525 345 3589 S.
359 3524 514 3606 Synodus
530 3525 739 3605 aliamfidem
752 3525 875 3589 nemini
890 3523 986 3586 licere
1002 3523 1149 3605 proferre
1161 3535 1217 3588 aut

120 3650 317 3709 componere
342 3640 460 3711 praeter
487 3629 658 3691 definitam
683 3651 701 3690 a
719 3629 777 3693 SS.
797 3629 956 3706 Patribus,
973 3629 1029 3710 qui
1051 3630 1084 3692 in
1104 3631 1216 3693 Nicaei

119 3755 194 3796 cum
216 3734 341 3816 Spiritu
363 3734 392 3798 S.
408 3734 596 3814 congregati
610 3742 687 3795 sunt
700 3733 713 3758 ”
725 3746 746 3793 4.
795 3733 1029 3813 Respondetur
1047 3734 1137 3796 enim
1154 3734 1216 3796 hoc

154 3924 161 3952 ¹
174 3932 203 3984 S.
220 3933 245 3983 T
242 3933 312 3984 leona
329 3932 350 3996 1,
364 3947 390 3999 q.
407 3945 449 3998 27,
463 3947 486 3981 a.
501 3944 524 3992 4.

154 4019 164 4048 2
177 4021 219 4070 De
233 4018 316 4070 variis
330 4017 483 4070 rationibus
503 4033 519 4067 a
534 4016 662 4068 Patribus
676 4026 703 4068 et
717 4014 856 4083 theologis
871 4014 965 4069 allatis
979 4013 1046 4068 vide
1062 4016 1216 4071 Petavium

121 4101 135 4152 1.
151 4102 219 4163 Vll,
235 4118 256 4153 c.
272 4118 302 4168 13

155 4190 228 4240 ³Cfr.
247 4190 341 4239 Petav.
357 4189 372 4238 l.
388 4186 413 4237 V
419 4188 454 4253 ΙΙ,
472 4204 493 4240 c.
510 4201 536 4250 2,
556 4187 717 4253 Franzelirq
734 4187 772 4239 th.
786 4203 827 4255 41.

155 4276 255 4342 rApud
270 4275 430 4339 Hardom'n,
447 4276 467 4343 l,
488 4277 561 4341 1526.

132 4566 251 4594 a*
