2684 4634
224 186 282 237 DE
300 186 608 238 consECTARns
626 186 871 248 UTRIUSQUE
890 187 1111 237 MYSTERII.
1150 187 1220 237 595

113 370 225 433 batur.
268 368 402 432 Docent
422 369 510 430 enim
528 369 641 431 Patres
659 369 695 430 B.
711 370 886 450 Virginem
902 371 1046 450 puritate
1069 373 1128 430 sua
1150 389 1217 431 me-

114 469 222 533 ruisse
236 479 274 534 ut
288 481 375 534 esset
392 472 456 533 Dei
473 481 593 548 mater;
612 473 701 552 quod
718 473 853 553 quidem
871 492 936 533 non
954 473 996 534 de
1009 473 1127 534 merito
1143 492 1220 553 pro·

115 573 199 652 pri0,
224 575 282 636 sed
307 575 349 636 de
372 574 490 636 merito
517 576 743 655 congruentia
767 575 906 656 intelligi
930 576 1029 638 debet
1038 597 1045 652 ;
1071 576 1160 655 quod
1185 584 1219 636 et

116 674 270 737 Ecclesia
298 677 330 737 in
357 677 425 739 suis
451 678 603 758 precibus
632 679 854 759 approbavit:
884 678 949 740 “B'.
979 678 1094 759 Virgo,
1124 676 1220 757 cujus

116 778 244 840 viscera
259 789 448 853 meruerunt
464 790 596 861 portare
612 779 781 843 Christum
799 781 1010 844 Dominum...
1026 781 1104 860 quia
1119 800 1219 859 quem

117 880 267 942 meruisti
293 891 435 962 portare,
462 883 641 945 resurrexit
653 883 677 945 '’.
724 884 825 944 Porro
851 883 990 963 puritas,
1016 902 1090 962 quae
1117 882 1217 944 talem

117 991 265 1046 meretur
289 983 459 1059 honorem,
483 985 640 1047 immunis
667 1004 738 1046 esse
765 984 865 1047 debet
892 983 935 1045 ab
964 985 1055 1046 omni
1086 1003 1221 1065 prorsus

117 1083 203 1159 labe,
218 1095 256 1147 ut
273 1086 387 1148 Patres
403 1087 464 1168 ipsi
481 1096 646 1168 arguunt:
666 1087 852 1168 “Excepta
868 1088 981 1167 itaque
997 1086 1028 1150 S.
1042 1087 1086 1148 'V.
1103 1086 1219 1173 Mariti,

116 1187 160 1248 de
180 1191 249 1268 qua
270 1198 405 1268 propter
427 1189 587 1252 honorem
612 1189 749 1251 Domini
773 1188 898 1251 nullam
922 1208 1064 1269 prorsus,
1080 1208 1155 1249 cum
1176 1187 1221 1249 de

118 1291 264 1372 peccatis
289 1293 407 1372 agitur,
429 1293 542 1356 haberi
566 1293 642 1355 volo
665 1293 881 1373 quaestionem
895 1292 910 1317 ’'
934 1291 989 1370 (S.
1013 1292 1153 1373 August.
1177 1291 1221 1352 de

118 1394 197 1456 Nat
214 1404 248 1457 et
265 1393 389 1470 Gratia,
400 1416 427 1458 c.
438 1397 500 1475 36).
547 1396 632 1479 Quae
648 1397 783 1476 quidem
800 1396 883 1458 ratio
900 1415 960 1477 pro
976 1395 1067 1457 omni
1082 1402 1221 1475 peccato

117 1495 210 1559 valet
224 1497 325 1559 etiam
341 1499 461 1560 veniali
477 1509 511 1562 et
526 1499 688 1580 originali.

162 1599 237 1661 Nec
252 1600 382 1676 desunt,
399 1601 475 1664 licet
491 1602 646 1682 pauciora
661 1603 737 1676 sint,
752 1602 944 1663 testimonia
961 1601 1066 1680 magis
1081 1600 1219 1672 direlia,·

118 1702 166 1764 ita
181 1700 323 1783 legimus
339 1704 372 1765 in
389 1704 548 1767 relatione
564 1705 713 1785 martyrii
731 1704 767 1767 S.
778 1703 932 1784 Andreae,
943 1723 1018 1783 quae
1034 1711 1085 1764 est
1101 1702 1218 1763 saltem

117 1804 230 1867 soeculi
247 1805 327 1868 III:
352 1807 547 1893 “Quoniam
570 1808 613 1869 de
636 1806 850 1868 immaculata
876 1808 963 1868 terra
986 1803 1091 1868 factus
1115 1804 1221 1867 suerat

118 1907 224 1969 homo
243 1909 397 1989 primus...
414 1910 633 1972 necessarium
656 1910 717 1972 luit
736 1918 772 1970 ut
787 1908 830 1971 de
848 1908 1067 1971 Immaculata
1083 1908 1220 1988 Virgine

119 2020 312 2073 nasceretur
340 2010 506 2092 perfectus
532 2013 634 2073 homo
662 2012 765 2074 Filius
793 2011 857 2073 Dei
869 2011 893 2072 ¹¹.
953 2012 1037 2072 Item
1068 2009 1221 2091 Origenes

121 2107 216 2195 (saec.
233 2113 303 2194 ΙΙΙ)
325 2114 368 2175 de
391 2115 498 2176 Maria
521 2114 620 2177 dicit:
647 2115 794 2194 “Neque
820 2113 1032 2195 persuasione
1058 2113 1222 2193 serpentis

118 2215 263 2295 decepta
277 2226 337 2291 est,
353 2237 460 2298 neque
483 2219 553 2298 ejus
577 2217 696 2279 afflatis
712 2216 885 2278 venenosis
901 2212 1023 2277 inmota
1036 2215 1051 2240 ”
1067 2214 1161 2295 (hone.
1181 2214 1221 2295 Ι).

120 2315 289 2380 Saec.1V0
306 2318 342 2382 S.
352 2319 493 2400 Ephrem
510 2320 564 2401 (ln
583 2320 793 2383 Carminibus
810 2318 939 2400 Nisib),
956 2318 1124 2381 Christum
1140 2317 1220 2379 allo-

120 2438 229 2499 quens
243 2421 344 2485 dicit:
365 2427 381 2453 “
393 2423 432 2485 In
449 2422 508 2498 Te,
525 2423 679 2499 Domine,
696 2421 786 2484 nulla
803 2421 941 2496 macula,
958 2441 1017 2482 nec
1040 2420 1107 2481 ulla
1129 2420 1223 2482 labes

121 2522 154 2583 in
173 2521 285 2585 Matre
300 2523 389 2587 tutt'’.
440 2526 523 2587 Item
542 2525 576 2587 S.
593 2523 793 2595 Ambrosius,
808 2523 855 2602 (in
874 2524 923 2584 Ps.
945 2519 1020 2606 118)
1038 2546 1044 2584 :
1063 2526 1078 2553 ‘⁶
1092 2523 1134 2589 V.
1149 2522 1221 2583 Ma-

122 2624 169 2685 ria
184 2623 230 2686 ab
244 2627 336 2688 omni
352 2628 426 2690 labe
442 2628 569 2709 peccati
586 2627 647 2690 fuit
663 2628 792 2706 integra
802 2626 824 2686 '’.

121 2723 174 2807 (b)
187 2726 376 2792 Fatendum
393 2740 443 2793 est
458 2739 571 2793 tamen
588 2751 607 2791 a
623 2749 695 2790 saec.
707 2728 776 2790 XII
790 2729 832 2788 ad
846 2727 933 2789 XIV
945 2726 1031 2788 hanc
1047 2727 1220 2788 veritatem

122 2828 330 2909 aliquamdiu
345 2833 575 2895 obnubilatam
597 2832 696 2894 luisse
720 2832 751 2891 in
777 2829 926 2892 Ecclesia
943 2829 1085 2904 Latinam
1109 2830 1140 2889 in
1158 2829 1222 2890 Ec-

122 2931 225 2994 clesia
244 2943 356 2997 autem
380 2935 496 2998 Graeca
521 2936 647 2998 nullum
671 2933 809 2996 dubium
832 2933 894 2994 hle
917 2934 959 2994 de
982 2953 1015 2993 re
1038 2941 1147 2993 ortum
1163 2940 1221 2992 est.

125 3034 289 3098 Rationes
304 3049 415 3100 autem
432 3039 536 3100 curin
555 3038 738 3101 Occidente
761 3036 861 3097 etiam
885 3035 1003 3115 optimi
1019 3033 1166 3115 theologi
1182 3036 1223 3096 de

123 3139 285 3220 dogmate
300 3140 357 3203 illo
372 3142 564 3214 dubitarint,
575 3141 706 3202 luerunt
722 3150 793 3201 tum
810 3137 1038 3201 universalitas
1054 3136 1224 3217 originalis

123 3243 254 3323 peccati
269 3253 304 3307 et
320 3245 583 3327 RedemptioniS,
600 3254 671 3307 tum
693 3242 870 3304 difficultas
891 3242 1004 3303 omnia
1020 3240 1224 3302 Traditionis

123 3347 328 3410 documenta
350 3349 580 3430 perlustrandi,
603 3349 635 3408 in
659 3347 779 3426 quibus
801 3346 957 3426 exceptio
979 3344 1055 3406 huic
1078 3344 1222 3424 generali

123 3449 190 3529 legi
207 3468 269 3529 pro
284 3449 319 3512 B.
336 3451 476 3532 Virgine
499 3463 786 3527 commemoratur,
800 3461 870 3512 tum
896 3445 1097 3530 imperfectae
1116 3448 1223 3509 notio-

123 3571 185 3615 nes
209 3553 253 3616 de
275 3555 493 3635 conceptione
519 3553 627 3618 activa
654 3565 687 3616 et
712 3555 843 3635 passiva
867 3561 900 3613 et
927 3550 1159 3614 controversiae
1181 3549 1224 3611 de

123 3665 277 3737 tempore
292 3656 504 3719 animationis
518 3678 524 3730 ;
548 3677 591 3718 ex
614 3677 681 3736 quo
704 3655 828 3718 lactum
845 3664 895 3716 est
912 3654 1034 3716 multos
1050 3652 1226 3717 scholasti-

122 3778 182 3821 cos
198 3757 383 3840 theologos,
398 3780 418 3821 a
435 3759 467 3823 S.
479 3761 649 3821 Bernardo
665 3761 706 3821 ad
725 3759 872 3830 Scotum,
885 3757 935 3819 vel
952 3757 1089 3819 obscure
1105 3755 1166 3816 hac
1182 3757 1224 3816 de

123 3882 160 3925 re
175 3861 306 3924 locutos
323 3861 431 3938 luisse,
447 3863 498 3925 vel
515 3872 628 3943 aperte
644 3861 729 3924 hanc
745 3862 919 3923 veritatem
936 3860 1115 3940 negavisse.

122 3966 174 4049 (c)
191 3966 257 4029 His
273 3975 385 4029 tamen
402 3986 469 4027 non
486 3967 697 4028 obstantibus
709 3978 730 4041 1,
746 3975 780 4028 et
796 3965 872 4026 licet
889 3965 1026 4044 integrae
1042 3962 1163 4025 seholae
1180 3983 1223 4024 ex

158 4204 169 4236 ¹
181 4202 315 4272 Mutatio,
326 4219 391 4275 quae
404 4203 432 4256 in
446 4200 550 4256 scholis
563 4199 698 4270 paulatim
712 4197 841 4264 obtinuit,
854 4197 976 4251 maxime
993 4195 1110 4249 debetur
1125 4195 1231 4253 Sesto,

120 4309 209 4364 quum
221 4290 296 4347 enim
308 4289 439 4358 theologi,
453 4288 501 4359 qui
519 4288 586 4344 huic
600 4288 658 4359 piae
671 4288 801 4360 opinioni
815 4287 983 4353 obstabant,
993 4291 1134 4351 urgerem
1144 4279 1253 4331 estias
