2684 4634
123 179 191 228 340
562 179 701 229 CAPUT
717 179 777 227 111.

123 366 176 419 tur
190 358 344 421 historice
360 361 506 442 expendi
524 371 633 443 potest
656 383 676 424 a
693 361 881 437 Catholicis,
896 362 1087 424 dummodo
1109 372 1200 424 tamen

122 456 305 525 intra'verae
321 458 467 528 scientiae
485 458 605 529 limites
622 475 787 529 maneant.
858 541 860 543 .

327 624 457 682 Scholion
471 647 481 681 .·
499 625 547 682 De
559 632 625 682 ortu
637 625 816 696 nugularum
830 624 978 681 hominum
987 627 1005 681 ¹.

157 754 274 827 Corpus
292 757 475 828 singulorum
487 759 648 816 ‘hominum
669 777 722 830 per
739 758 962 830 generationem
975 758 1132 830 propagari
1144 755 1197 812 nulli

121 841 249 898 dubium
259 853 318 910 est;
337 845 390 902 sed
403 846 528 916 quaestio
542 856 585 903 est
601 848 757 917 quomodo
769 847 869 904 anima
879 847 997 904 oriatur.
1042 844 1197 904 Praetermis·

120 927 159 983 sis
184 939 316 987 veterum
339 931 587 1004 Philosophorum
607 935 763 1000 erroribus,
784 935 833 1006 qui
860 933 1003 992 tenebant
1022 935 1149 990 animam
1164 930 1196 986 vel

120 1032 184 1072 esse
211 1018 430 1076 emanationem
459 1039 476 1076 a
505 1020 581 1088 Deo,
606 1019 653 1078 vel
678 1020 874 1077 substantiam
902 1038 920 1076 a
946 1019 1025 1077 coelo
1053 1019 1194 1091 delapsam
1236 1055 1239 1090 ;

120 1096 246 1156 breviter
271 1118 454 1172 exponemus
479 1103 629 1174 praecipua
655 1113 813 1174 systemata
843 1120 911 1174 quae
934 1103 1010 1160 inter
1033 1101 1195 1161 Christianos

119 1198 281 1256 viguerunt.

156 1337 209 1389 133.
247 1321 295 1392 (A)
311 1322 489 1394 Ort'gcnr'stae‚
503 1323 734 1380 Prt'sct'llr'anr'stae
746 1334 776 1382 et
795 1324 930 1381 nonnulli
944 1323 1099 1382 Socim'aui
1108 1323 1194 1382 docue-

120 1403 439 1490 runt'pruexzstentruur
452 1411 620 1468 animarum
635 1433 645 1467 :
661 1414 743 1482 iuxta
757 1411 822 1468 illos
835 1411 982 1482 videlicet,
999 1402 1108 1471 animae
1120 1430 1164 1485 per
1173 1427 1194 1466 se

120 1505 188 1552 sunt
203 1496 322 1567 spiritus
336 1498 511 1571 incorporei,
528 1509 558 1556 et
566 1499 605 1556 ab
619 1499 704 1556 initio
717 1517 821 1556 omnes
834 1517 852 1556 a
866 1500 933 1557 Deo
946 1510 1055 1558 creatae
1067 1512 1151 1558 sunt:
1174 1498 1193 1554 in

120 1587 241 1654 poen'am
253 1594 354 1642 autem
371 1603 432 1643 suae
448 1585 634 1656 defectionis,
651 1587 680 1642 in
699 1585 875 1657 corporibus
888 1586 1010 1646 inclusae
1023 1598 1101 1645 sunt.
1137 1587 1195 1658 Quae

22 1691 23 1694 ¹
120 1670 223 1741 opinio
234 1680 266 1727 ut
274 1671 404 1728 haeretica
414 1673 555 1730 damnata
566 1683 609 1730 est
619 1691 636 1729 a
647 1672 681 1731 C.
694 1672 911 1749 Constantiuop.
925 1691 1033 1731 oecum
1045 1675 1074 1730 V
1087 1678 1155 1744 (can.
1167 1673 1194 1738 rt:

125 1756 183 1813 “Si
197 1757 263 1827 quis
277 1756 442 1815 fabulosam
455 1758 619 1815 animarum
640 1758 895 1829 praeexistentiam,
908 1770 937 1817 et
956 1779 1024 1832 quae
1038 1780 1075 1819 ex
1087 1762 1133 1817 itta
1144 1777 1196 1816 con·

120 1842 261 1914 sequitur,
273 1855 491 1902 monstruosam
506 1845 722 1903 restitutionem
736 1847 901 1913 asseruerit,
917 1848 953 1903 Α.
968 1847 995 1905 S.
1008 1849 1023 1874 ''
1062 1847 1196 1919 (Drnzing.

121 1950 148 1989 n.
169 1935 222 2004 87).
261 1932 354 2004 Quod
370 1933 431 2004 jam
450 1933 659 2005 reprobaverat
672 1935 728 1990 Leo
740 1934 785 1990 M.
800 1935 869 2006 (Ep.
885 1935 1058 2005 dogmatica
1077 1937 1114 1994 ad
1131 1933 1198 1991 Turi-

121 2018 213 2090 bium,
229 2020 310 2091 apud
329 2019 474 2090 Denuiug.
497 2039 524 2077 n.
541 2024 611 2092 107).
651 2022 690 2078 Et
709 2022 814 2079 merito
822 2041 831 2093 ;
861 2040 931 2078 nam
949 2022 1015 2079 talis
1034 2022 1200 2095 opinionon

121 2107 217 2164 solum
228 2108 309 2164 omni
324 2108 519 2165 fundamento
527 2119 606 2165 caret
616 2109 645 2165 in
656 2108 815 2179 Scriptura,
824 2108 975 2166 sedetiam
984 2109 1129 2168 doctrinae
1140 2109 1201 2167 circa

120 2196 262 2266 originale
289 2205 446 2266 peccatum
472 2197 651 2265 adversatur,
668 2197 750 2268 juxta
776 2213 867 2267 quam
886 2195 1034 2263 homines,
1057 2208 1202 2269 antequam

120 2293 286 2358 nascantur,
295 2293 493 2353 peccaverunt
504 2283 626 2354 quidem
638 2283 666 2339 in
674 2283 867 2351 Adamo,non
878 2291 978 2338 autem
988 2285 1109 2356 propria
1117 2285 1202 2342 volun-

120 2381 188 2429 tate.
229 2371 307 2427 Rem
318 2369 360 2426 sic
372 2369 495 2427 illustrat
511 2371 541 2427 S.
562 2370 687 2427 Thomas
700 2371 735 2441 (Ι.
745 2388 772 2441 q.
790 2371 846 2440 118,
859 2387 883 2425 a.
894 2370 922 2440 4)
936 2390 942 2426 :
961 2370 1071 2429 animae
1081 2372 1204 2428 humana

106 2488 109 2493 >
122 2457 254 2516 naturale
270 2466 315 2514 est
328 2458 444 2528 corpori
459 2457 543 2527 uniri,
560 2476 653 2529 quum
667 2458 703 2514 sit
717 2458 810 2515 forma
823 2456 962 2528 corporiS,
981 2457 1021 2515 ita
1035 2469 1068 2516 ut
1081 2461 1143 2517 sine
1155 2477 1204 2516 cor·

121 2564 193 2618 pore
206 2546 332 2603 existens
351 2544 576 2602 connaturalem
595 2563 656 2602 non
676 2544 785 2602 habeat
798 2544 1029 2617 perfedtionem3
1057 2549 1139 2619 atqui
1156 2564 1204 2604 non

120 2633 247 2693 decebat
266 2642 298 2689 ut
312 2633 395 2689 Deus
408 2632 447 2690 ab
461 2632 641 2704 imperfectis
655 2650 741 2689 suum
755 2650 831 2704 opus
851 2632 1004 2690 inchoaret
1025 2656 1030 2692 :
1059 2653 1120 2692 non
1138 2635 1204 2692 enirn

121 2720 189 2777 iecit
200 2718 353 2775 hominem
367 2716 431 2774 sine
443 2735 542 2787 manu,
557 2727 607 2774 aut
620 2718 684 2774 sine
694 2716 781 2787 pede,
798 2733 865 2786 quae
878 2725 946 2772 sunt
959 2719 1109 2776 naturales
1122 2729 1204 2792 partes

121 2802 250 2860 hominis
257 2822 265 2872 3
284 2817 355 2875 ergo
368 2801 462 2858 multo
475 2801 574 2857 minus
587 2800 657 2857 fecit
668 2800 799 2856 animam
813 2800 879 2857 sine
889 2816 1021 2871 corpore.

157 2954 210 3006 134.
249 2940 297 3009 (Β)
315 2939 403 3011 Juxta
425 2938 707 3008 Traduciauismum,
730 2939 828 2995 anima
847 2938 978 2996 humana
996 2940 1035 2998 de
1055 2939 1203 3000 substantii

121 3038 275 3098 parentum
297 3025 471 3097 producitur
487 3047 503 3081 :·
518 3026 601 3095 juxta
621 3025 778 3097 quosdam,
795 3043 830 3083 ex
843 3025 908 3098 ipso
927 3026 1043 3085 semine
1061 3025 1199 3101 corporali,

120 3116 202 3184 Juxta
218 3112 291 3169 alios
310 3111 421 3169 directe
441 3112 479 3169 ab
499 3112 598 3168 anima
617 3122 774 3182 parentum
795 3133 801 3169 :
828 3113 912 3189 quod
932 3112 1071 3172 ultimum
1091 3127 1201 3188 systema

120 3211 242 3258 vocatur
254 3199 342 3257 etiam
353 3199 624 3270 generatianz'smus.
664 3199 750 3256 Illam
770 3200 955 3258 sententiamv
967 3210 1127 3261 tenuerunt
1145 3218 1200 3258 non·

121 3289 192 3347 nulli
208 3287 349 3345 Ecclesiae
363 3287 471 3356 Patres
493 3287 700 3356 Tertullianus,
716 3287 855 3358 Rufinus,
864 3287 893 3345 S.
905 3288 1092 3358 Augustinus
1103 3289 1199 3348 dubita·

120 3377 178 3432 tive
197 3367 306 3442 tamen,
320 3373 350 3430 S.
367 3373 557 3443 Fulgeutr'us,·
582 3374 736 3431 recentiori
751 3385 836 3432 aetate
850 3374 986 3432 nonnulli
1006 3376 1196 3442 Protestantes,
1236 3376 1239 3407 ³

121 3474 149 3521 et
160 3462 246 3534 pauci
256 3462 412 3531 Catholici,
427 3473 458 3518 ut
468 3462 540 3518 Klee
552 3472 581 3520 et
595 3462 725 3527 Hermes,
742 3471 880 3534 putantes
898 3461 940 3520 sic
954 3461 1069 3519 facilius
1080 3460 1198 3536 explicari
1234 3414 1239 3517 i

120 3551 262 3621 originale
275 3560 441 3621 peccatum.
1235 3572 1239 3673 1

155 3693 208 3746 135.
246 3683 294 3750 (C)
307 3681 395 3753 Juxta
412 3681 666 3747 Creutrumsmuun
687 3681 785 3738 anima
799 3680 930 3738 humana
947 3699 983 3738 ex
996 3681 1090 3741 nihilo
1109 3682 1199 3755 produ·
1234 3678 1239 3729 l

119 3766 201 3822 citur.
239 3765 470 3821 ffroscuammeu
489 3766 611 3837 quidem
633 3766 781 3836 paucique
800 3765 847 3820 alii
868 3765 1010 3836 putarunt
1028 3767 1154 3823 animam
1170 3762 1199 3821 ab
1235 3762 1239 3823 l

118 3852 190 3922 ipsis
200 3851 371 3922 parentibus
380 3852 479 3921 creari,
490 3871 541 3923 per
555 3852 612 3908 vim
622 3852 802 3923 peculiarem
811 3850 867 3908 sibi
880 3869 898 3907 a
909 3851 976 3907 Deo
986 3852 1109 3910 inditam
1122 3874 1128 3909 ε
1146 3865 1199 3923 qua
1234 3830 1239 3933 J

153 4034 212 4088 ¹Cf.
224 4038 254 4088 S.
275 4036 404 4098 Thomas,
423 4038 444 4101 l,
458 4054 485 4105 q.
506 4036 564 4099 1183
586 4035 734 4103 Pulmt'err',
752 4037 791 4089 th.
808 4037 853 4100 28;
882 4035 1036 4101 Mazuella,
1050 4054 1077 4090 n.
1097 4038 1144 4105 548
1156 4048 1200 4102 sq.;
1234 3954 1239 4097 i

117 4123 237 4183 Hurter,
254 4139 280 4173 n.
292 4137 343 4191 313
358 4140 398 4192 sq.
406 4141 414 4191 3
433 4123 583 4189 Lalrousse,
596 4122 723 4190 Psychol.
739 4140 766 4177 n.
782 4122 836 4175 660
848 4138 902 4192 sq.;
921 4122 957 4175 A.
973 4123 1087 4190 Vocant,
1100 4141 1142 4192 op.
1157 4122 1201 4182 cit,
1237 4120 1239 4129 '

118 4224 143 4260 n.
159 4222 265 4260 azoS.

152 4290 161 4317 ²
175 4224 269 4347 Uebblr
282 4293 336 4347 den
350 4294 498 4362 Ursprung
511 4295 561 4347 der
573 4296 785 4349 menschlichen
795 4295 886 4350 Seele.
