2684 4634
121 171 187 220 284
581 173 720 223 CAPUT
738 174 761 220 1.

119 349 306 429 documque
329 348 406 411 vero
433 348 504 412 haec
528 351 627 413 verba
652 352 917 434 interpretentur,
942 360 1036 433 patet
1059 351 1202 414 virtutem

119 452 249 533 plantas
259 454 463 533 producendi
475 454 517 516 ab
530 457 602 537 ipso
611 458 685 519 Deo
695 466 866 538 acceptam
878 456 989 520 luisse,
1015 455 1117 538 Quod
1130 458 1217 520 idem*

119 556 161 616 de
176 554 374 618 animalibus
389 556 453 619 dici
470 567 581 638 potest
595 560 675 640 (20).
996 562 999 567 ’

162 712 208 775 39.
237 693 552 774 ,(B)Experientioe;
575 716 653 758 nam
667 695 859 760 induitione
870 695 1046 758 universali
1058 705 1094 775 et
1104 687 1219 778 perpe-¹

120 799 176 856 tua
189 797 397 877 perspicuum
409 806 459 858 est
471 818 570 860 omne
582 799 696 861 vivens
706 819 750 861 ex
761 799 827 862 alio
837 799 912 860 vivo
924 797 1011 874 oriri,
1020 797 1124 880 juxta
1138 799 1210 863 illud

119 896 256 971 effatum
272 923 278 962 :
294 920 390 972 ‚ariane
405 899 518 962 vivum
534 923 574 963 ex
587 924 650 964 ovo.
704 901 936 966 Generationis
952 910 1152 983 spontaneae
1162 904 1210 966 de·

119 1000 264 1062 sensores
276 1002 514 1082 experimentis
524 1002 658 1083 quidem
670 1003 810 1083 probare
820 1004 931 1085 conati
942 1013 1030 1080 sunt,
1041 1006 1211 1068 nonnullas

120 1104 351 1182 inficsorzbrum
368 1106 493 1186 species
510 1125 554 1167 ex
578 1107 675 1185 certis
698 1105 898 1186 quibusdam
924 1106 1133 1185 substantiis,
1149 1110 1212 1171 sine

120 1211 187 1272 ullo
198 1232 262 1273 ovo
272 1222 329 1274 aut
339 1212 496 1292 germine,
508 1212 665 1292 generari.
701 1211 768 1274 Sed
779 1212 929 1287 Pasteur,
945 1211 1092 1292 Tyndall
1099 1205 1222 1296 aliique¹

119 1316 215 1395 periti
232 1316 324 1377 novis
337 1316 576 1396 experimentis
589 1315 861 1392 demonstrarunt
879 1315 927 1396 (a)
943 1315 976 1376 in
987 1337 1064 1379 aere
1077 1317 1225 1399 plurima,

119 1439 191 1481 esse
206 1440 367 1500 suspensa
382 1439 446 1481 ova
462 1428 496 1480 et
511 1419 655 1496 semina;
681 1417 727 1498 (b)
740 1417 830 1480 nulla
841 1419 988 1482 viventia
997 1423 1151 1500 generari
1162 1423 1212 1485 ubi

118 1524 231 1585 omnia
246 1543 309 1584 ova
325 1533 358 1584 et
374 1523 500 1585 semina
517 1520 687 1585 destruite
702 1531 780 1585 sunt
798 1546 805 1585 :
839 1543 883 1585 ex
900 1543 967 1604 quo
982 1526 1137 1606 sequitur
1150 1527 1211 1590 ani-

119 1627 259 1690 malcula
274 1648 349 1707 quae
365 1648 454 1707 saepe
472 1627 591 1707 saepius
604 1627 636 1688 in
653 1646 728 1688 aere
740 1626 895 1689 dicuntur
910 1637 1079 1709 generata,
1091 1651 1158 1693 non
1173 1652 1212 1694 ex

120 1731 256 1793 materia
280 1723 481 1811 inorganictt‚
504 1730 562 1792 sed
586 1750 630 1791 ex
653 1728 724 1791 ovis
748 1729 780 1789 in
815 1749 890 1791 aere
912 1730 1087 1812 depositis
1111 1735 1185 1796 oriri
1194 1747 1210 1799 1.

120 1834 278 1897 Fatemur
287 1835 441 1915 equidem
455 1832 753 1896 nonnullosPatres
765 1842 799 1895 et
808 1831 1221 1915 plerosqueScholasticos

118 1939 366 2019 generationem
385 1948 605 2019 spontaneam
622 1937 782 2013 docuisse,
798 1945 955 2017 putantes
971 1939 1104 2003 animas
1119 1940 1208 2004 sensi-
1254 1980 1256 1991 ·

117 2106 271 2162 mediatam
296 2105 494 2180 evolutionem.
536 2103 675 2173 Quaenam
697 2119 785 2157 sacrae
807 2101 958 2174 Scripturae
983 2093 1143 2177 propositio
1165 2089 1217 2164 hac·

118 2193 308 2261 speculatione
322 2193 350 2244 in
363 2192 516 2246 discrimen
529 2188 652 2244 veniret?
689 2191 764 2258 Quid
776 2192 831 2245 hoc
844 2193 975 2262 probaret
993 2195 1049 2248 nisi
1069 2198 1208 2252 nonnullas

118 2280 288 2335 inanimatas
301 2279 473 2333 substantias
483 2279 540 2331 vim
552 2277 704 2346 accepisse,
714 2278 827 2346 quando
835 2289 901 2333 cum
909 2278 972 2333 aliis
984 2280 1151 2348 miscentur,
1159 2300 1216 2337 niu-¹

118 2365 170 2419 tari
184 2367 212 2419 in
226 2366 364 2434 quasdam
376 2365 486 2418 infimas
500 2364 652 2419 viventium
670 2365 783 2431 formas,
796 2382 859 2436 quae
878 2375 973 2422 tamen
994 2369 1208 2437 praeclarissimis

118 2455 182 2508 vitae
196 2453 386 2522 praerogativis
405 2453 518 2506 carent?
556 2453 672 2506 Homini
691 2449 767 2507 reete
786 2451 920 2522 cogitanti
939 2452 1024 2508 unica
1042 2455 1208 2511 rationabilis

118 2541 260 2596 conclusio
273 2542 333 2594 haec
346 2541 406 2606 erit,
417 2541 648 2609 Omnipotentem
666 2550 853 2609 opportunum
866 2540 979 2618 duxisse
991 2541 1066 2596 vires
1080 2544 1208 2614 quasdam

118 2631 146 2682 in
160 2630 300 2684 nonnullis
313 2628 454 2698 adjunctis
467 2629 663 2683 concedendas
675 2629 756 2698 (quas
769 2626 797 2680 in
810 2627 871 2681 aliis
884 2627 1017 2696 denegat)
1026 2629 1208 2685 materialibus

118 2713 264 2767 elementis
286 2713 322 2765 ab
344 2729 377 2766 eo
397 2712 506 2775 creatiS,
522 2728 640 2780 quorum
662 2710 798 2766 existendi
817 2710 1002 2776 conditiones,
1022 2711 1217 2780 generationis·

118 2800 183 2863 vim,
199 2799 369 2868 operationis
382 2799 519 2852 ambitum
532 2808 560 2852 et
573 2798 690 2852 modum
703 2789 893 2852 determinare
906 2786 994 2866 ipsius
1007 2798 1094 2853 refert
1102 2801 1124 2854 ’'.

153 2883 213 2940 Ἦ.
227 2888 356 2951 Partem,
372 2887 425 2938 Les
439 2886 618 2953 corpuscules
638 2882 783 2952 organises
803 2883 850 2952 qui
870 2883 990 2939 existent
1007 2885 1077 2939 dans
1097 2887 1210 2941 l'atmos-

118 2974 211 3042 phire,
224 2973 310 3039 Paris,
325 2973 397 3026 1862.
428 2975 471 3026 De
482 2972 541 3040 ejus
555 2971 755 3041 experimentis
765 2972 819 3024 hoc
828 2970 965 3038 judicium
975 2970 1038 3026 tulit
1047 2973 1134 3027 Alma
1145 2971 1211 3026 Pari·

120 3061 220 3114 siensis
233 3060 388 3113 Academia
402 3078 408 3112 ι
428 3059 444 3086 “
455 3059 543 3113 Fadia
556 3078 620 3131 quae
633 3060 725 3114 retulit
737 3061 860 3126 Pasteur,
873 3074 993 3129 quaeque
1007 3048 1144 3127 Poucbet,
1158 3059 1214 3130 Joly

119 3159 146 3201 et
162 3150 271 3201 Musset
284 3156 467 3214 negaverant,
476 3148 633 3202 certissima
646 3158 717 3202 sunt.
756 3147 840 3215 Quod
857 3146 934 3206 idem
952 3145 1077 3201 dilucide
1091 3147 1214 3216 probavit

119 3235 147 3287 in
160 3235 215 3288 alio
228 3251 312 3303 opere
325 3235 445 3301 (Etudes
460 3252 506 3288 sur
519 3235 546 3287 la
561 3235 649 3303 Biere,
664 3235 752 3301 PariS,
768 3233 845 3303 1876,
862 3220 885 3287 c.
901 3230 957 3303 3,·§
971 3231 1004 3303 5).
1046 3232 1125 3287 Hinc
1137 3235 1215 3287 Hux·

119 3324 161 3391 ley
173 3322 236 3391 ipse.
246 3322 285 3375 ait
298 3321 411 3390 (Origin
425 3322 457 3374 oi
473 3323 591 3391 species,
604 3321 668 3376 leet.
687 3323 745 3390 ΙΙΙ)
763 3341 769 3376 :
797 3321 813 3348 “
825 3322 943 3376 Pasteur
961 3321 1000 3374 ad
1017 3321 1093 3374 hanc
1113 3323 1216 3377 claram

119 3408 328 3462 conclusionem
348 3410 483 3478 pervenit,
505 3427 604 3463 omnes
626 3409 788 3478 hujusmodi
811 3407 1058 3465 manifestationes
1077 3408 1174 3478 (prout
1192 3409 1216 3461 in

119 3507 186 3549 casu
199 3495 335 3549 vermium
349 3496 376 3547 in
390 3496 494 3562 carne),
509 3497 577 3548 nihil
591 3497 667 3549 aliud
681 3513 743 3550 esse
757 3495 810 3549 nisi
824 3495 952 3564 germina
960 3496 998 3549 ab
1007 3513 1073 3550 aere
1084 3497 1219 3551 translata

119 3595 203 3653 atque
225 3584 252 3636 in
271 3582 385 3652 liquidis
404 3572 536 3649 demissa,
550 3585 597 3637 ubi
617 3593 719 3653 postea
741 3583 860 3637 visenda
878 3599 909 3639 se
927 3583 1063 3653 praebent.
1105 3584 1225 3654 Experi-

119 3683 214 3725 menta
229 3673 345 3725 Pasteur
355 3689 413 3740 prae
426 3671 513 3724 oculis
527 3671 641 3726 habenti
656 3670 724 3724 mihi
744 3671 942 3726 affirmandum
954 3669 1067 3726 videtur
1079 3671 1143 3742 ejus
1156 3689 1208 3727 con

118 3759 258 3812 clusiones
272 3776 335 3811 esse
345 3758 545 3824 admittendas,
560 3759 698 3828 simulque
711 3757 939 3818 concludendum
951 3756 1113 3825 doetrinam
1126 3761 1163 3815 de
1175 3777 1217 3829 ge·

119 3846 262 3899 neratione
276 3845 433 3914 spontanea
445 3846 591 3914 explosam
600 3863 663 3900 esse
672 3846 693 3898 ''.
703 3876 737 3882 —
749 3844 830 3899 ldem
843 3844 1049 3909 demonstravit
1062 3846 1127 3900 aliis
1136 3863 1220 3916 ,expe-

120 3933 246 3987 rimentis
254 3934 283 3999 J.
298 3935 324 3985 T
315 3934 421 4001 yndall
432 3934 552 4002 (Essays
565 3951 602 3995 on
617 3935 665 3987 the
678 3933 931 4002 Floating·Matter
943 3933 975 3987 of
990 3933 1041 3987 the·
1051 3933 1102 4002 air,
1117 3935 1219 4004 Apple·

119 4019 322 4088 ton,1892),qui
332 4019 439 4088 (p.126)
448 4031 544 4089 aperte
553 4020 635 4074 dicit:
650 4020 698 4072 “N
703 4020 869 4074 ulluscasus
878 4020 1167 4089 pseudo-spontaneae
1174 4039 1219 4092 ge·

119 4106 271 4160 natationis
280 4105 348 4159 mihi
358 4123 419 4159 sese
428 4107 613 4175 obtulit,quin
624 4123 689 4162 eum
700 4105 888 4160 diversimode
898 4106 1039 4175 explicare
1051 4108 1193 4177 potuerim
1201 4109 1218 4158 ''.

120 4194 162 4247 Ci.
181 4195 215 4246 l).
238 4193 349 4258 Cochin,
364 4193 548 4246 L'Evolution
569 4204 596 4247 et
617 4195 645 4246 la
667 4193 730 4258 Vie‚
750 4210 777 4261 p.
803 4205 868 4262 225;
896 4192 1074 4264 A.‚Farges,
1094 4212 1142 4265 op.
1163 4195 1207 4251 cit.

119 4298 146 4349 p.
164 4294 213 4331 120
226 4295 266 4347 sq.
272 4298 278 4343 ;
309 4279 432 4347 Guibert,
446 4296 489 4348 op.
504 4279 550 4332 cit.
567 4297 593 4349 p.
610 4280 644 4332 26
658 4296 700 4349 sq.
