2684 4634
195 163 256 212 158
637 162 776 212 CAPUT
794 163 853 212 111.

193 347 285 426 atqui
303 347 395 407 Deus
412 366 477 407 non
495 365 611 407 omnes
627 346 790 428 diligeret,
802 367 863 408 nec
879 345 1028 409 omniurn
1041 346 1258 421 misereretur,
1268 347 1292 407 si

193 447 235 510 ab
250 457 377 510 aeterno
392 447 595 510 decrevisset
611 447 775 528 quosdam
793 448 927 529 quidem
944 447 1073 523 salvari,
1083 448 1168 511 alios
1185 457 1291 510 autern

193 551 354 627 damnari,
369 559 448 613 ante
464 552 605 632 praevisa
621 572 733 614 eorum
758 551 929 626 demerita,
944 552 1014 613 sive
1037 560 1175 632 propter
1199 553 1292 614 bene·

193 653 353 734 placitum
377 675 483 730 suum,
498 655 567 716 sive
591 655 692 717 etiarn
719 663 853 736 propter
878 654 965 717 Adae
990 660 1183 736 peccatum
1210 675 1291 736 ergo

193 755 417 820 Confirmatur
432 757 471 819 iis
487 758 637 820 textibus
661 758 693 819 in
717 754 837 838 quibus
861 757 1048 820 declaratur
1072 757 1184 820 Deum
1209 759 1293 820 nolle

194 869 334 922 mortem
351 860 454 942 impii,
469 860 558 923 nolle
573 860 717 941 aliquem
735 861 849 940 perire,
859 861 916 923 sed
933 880 951 921 e
967 869 1083 923 contra
1094 881 1214 923 vocare
1230 881 1292 923 non

194 964 301 1026 solum
323 963 432 1044 justos
457 964 515 1025 sed
540 972 749 1044 peccatores:
774 963 887 1026 “Vivo
911 983 984 1044 eg0‚
1009 963 1091 1026 dicit
1119 963 1293 1040 Dominus,

194 1067 264 1130 nolo
280 1077 411 1129 mortem
427 1066 530 1149 impii,
545 1069 603 1129 sed
621 1076 658 1129 ut
673 1076 885 1130 convertatur
908 1087 927 1128 a
950 1067 1003 1128 via
1025 1068 1085 1129 sud
1107 1076 1141 1129 et
1165 1068 1292 1131 vivat...1

194 1171 269 1232 Non
281 1173 391 1233 tardat
405 1171 571 1232 Dominus
583 1171 838 1252 promissionem
849 1191 967 1232 suam...
979 1171 1036 1232 sed
1049 1171 1217 1251 patienter
1226 1173 1293 1253 agit

194 1281 328 1355 propter
344 1283 411 1349 vos,
423 1274 531 1335 nolens
546 1273 671 1353 alt'quos
678 1274 797 1354 perire,
809 1274 866 1336 sed
878 1273 1046 1335 omnesad
1059 1274 1292 1354 poenitentiam

195 1376 337 1439 reverti..
390 1377 468 1438 Non
493 1374 581 1438 enim
605 1377 680 1439 veni
703 1397 822 1439 vocare
843 1376 960 1456 justos
975 1377 1033 1438 sed
1050 1379 1293 1457 peccatores’'2;

194 1500 292 1563 porro
308 1480 352 1542 ibi
368 1489 459 1543 certo
472 1481 582 1561 agitur
598 1481 639 1542 de
655 1480 846 1542 hominibus
869 1479 970 1560 lapsis
994 1500 1032 1541 ac
1055 1483 1293 1561 peccatoribus,

194 1592 228 1645 et
243 1592 355 1646 tamen
374 1582 467 1645 Deus
482 1582 658 1651 exhibetur
673 1592 710 1644 ut
725 1583 851 1644 sincere
866 1581 981 1644 volens
997 1603 1111 1645 eorum
1127 1585 1278 1647 salutern.

239 1710 303 1796 130.
352 1715 410 1806 (b)
422 1719 521 1802 Quod
533 1719 704 1802 speciatim
717 1719 847 1800 probari
859 1727 970 1800 potest
982 1720 1092 1800 quoad
1096 1719 1213 1800 fideles
1223 1744 1234 1783 .·
1250 1742 1292 1783 ex

196 1824 366 1905 Scriptura
381 1824 469 1885 enirn
485 1824 571 1885 clare
587 1818 753 1904 colligitur
770 1823 879 1884 Deum
896 1823 1021 1884 sincere
1044 1822 1127 1884 velle
1150 1824 1292 1886 salutern

195 1927 333 1988 aliorum
350 1948 450 2007 quarn
467 1921 796 2009 praedestinatorumss
821 1925 972 1988 Christus
995 1926 1159 2005 siquidem
1183 1927 1292 1989 decla·

195 2038 245 2090 rat
261 2028 466 2092 voluntatem
486 2030 548 2090 Dei
565 2050 646 2104 esse,
662 2038 698 2091 ut
714 2049 840 2104 omnes,
853 2048 937 2109 quos
954 2030 1052 2091 Pater
1067 2029 1129 2110 ipsi
1146 2029 1293 2107 dederat,

194 2132 419 2195 salvarentur:
443 2134 552 2195 “Haec
568 2144 618 2195 est
635 2143 745 2194 autem
769 2132 925 2194 voluntas
948 2131 1019 2212 ejus
1042 2132 1099 2212 qui
1123 2133 1215 2196 misit
1240 2156 1293 2197 me

200 2221 313 2312 Patris
329 2247 365 2299 ut
381 2257 480 2298 omne
496 2238 585 2317 quod
602 2237 696 2300 dedit
713 2236 792 2298 mihi
811 2256 876 2299 non
894 2236 1031 2317 perdam
1045 2255 1089 2297 ex
1104 2256 1154 2312 e0,
1169 2238 1228 2299 sed
1246 2259 1293 2300 re-

194 2342 350 2403 suscitem
361 2327 440 2403 illud
453 2342 485 2403 In
497 2343 676 2403 novissimo
688 2341 788 2403 die.”3
831 2341 938 2420 Atqui
950 2359 1014 2402 non
1026 2360 1141 2402 omnes
1152 2342 1193 2403 de
1204 2340 1294 2405 facto

194 2444 420 2525 praedestinati
437 2454 546 2521 erant;
570 2465 646 2507 narn
663 2445 768 2526 Judas
785 2464 870 2532 unus
886 2465 929 2506 ex
947 2443 1009 2506 illis
1026 2437 1105 2520 erat,
1120 2453 1154 2506 et
1177 2454 1291 2508 tamen

195 2548 299 2627 periit,
313 2547 413 2627 juxta
429 2547 529 2609 illud:
553 2547 674 2628 “Quos
698 2547 819 2611 dedisti
844 2546 933 2622 mihi,
948 2547 1121 2623 custodivi,
1136 2556 1170 2609 et
1193 2569 1293 2612 nemo

194 2673 237 2713 ex
254 2652 292 2713 iis
309 2653 414 2734 periit,
429 2653 491 2713 nisi
508 2652 593 2714 filius
609 2652 850 2735 perditionis”4.
863 2689 906 2698 -
918 2651 1142 2714 Confirmatur
1156 2652 1207 2713 his
1224 2654 1293 2715 Do-

195 2750 275 2817 mini
292 2756 417 2818 verbis:
442 2755 524 2819 “Sic
547 2755 635 2818 enim
661 2756 753 2817 Deus
775 2754 896 2817 dilexit
920 2753 1092 2830 mundum,
1107 2764 1144 2816 ut
1169 2755 1291 2818 Filium

194 2882 289 2923 suum
315 2861 522 2942 unigenitum
547 2862 649 2934 daret,
665 2869 701 2921 ut
723 2859 830 2921 omnis
855 2859 911 2941 qui
936 2859 1041 2920 credit
1063 2859 1096 2920 in
1123 2879 1200 2922 eum
1225 2881 1292 2923 non

194 2974 315 3045 pereat,
331 2965 388 3026 sed
405 2964 527 3026 habeat
543 2965 646 3026 vitam
663 2964 872 3026 aeternam'’5.
918 2964 999 3025 Vox
1022 2963 1109 3025 enim
1132 2966 1292 3027 mundum

195 3069 236 3129 ad
253 3067 340 3128 solos
357 3069 612 3148 praedestinatos
628 3068 779 3147 restringi
797 3087 862 3129 non
881 3076 1000 3148 potest,
1016 3067 1073 3129 sed
1098 3069 1294 3132 extenditur

194 3171 313 3240 saltem
328 3172 369 3233 ad
387 3192 503 3234 omnes
519 3159 700 3248 credentes
716 3192 795 3253 quos
812 3171 951 3253 proinde
968 3171 1060 3233 Deus
1076 3171 1147 3233 vult
1164 3155 1291 3235 salvari.

196 3277 358 3340 Praeterea
374 3275 420 3336 ait
438 3274 472 3338 S.
489 3274 654 3337 Paulus⁶:
678 3275 885 3355 “Speramus
908 3274 941 3335 in
965 3273 1076 3336 Deum
1099 3273 1213 3336 vivum
1237 3276 1292 3356 qui

194 3388 244 3442 est
260 3378 405 3440 salvator
420 3378 575 3454 uranium,
592 3377 740 3440 maxime
747 3377 942 3459 fidelz'um’',·
969 3377 1061 3458 atqui
1085 3396 1152 3438 non
1175 3397 1293 3441 omnes

194 3480 307 3544 fideles
324 3491 400 3543 sunt
416 3482 653 3563 praedestinati,
669 3481 727 3543 sed
744 3481 879 3562 quidam
904 3501 947 3541 ex
973 3480 1020 3541 eis
1042 3481 1195 3546 damnari
1218 3503 1292 3565 pos·

195 3594 280 3658 sunt,
304 3584 403 3664 juxta
430 3583 532 3647 illud:
560 3584 668 3645 “Noli
696 3584 770 3645 cibo
795 3594 853 3645 tuo
879 3583 971 3644 illum
988 3583 1123 3663 perdere
1144 3603 1205 3664 pro
1228 3604 1292 3665 quo

195 3689 345 3752 Christus
362 3698 511 3750 mortuus
528 3687 632 3764 est''7;
656 3706 741 3767 ergo

238 3845 303 3909 131.
350 3825 398 3906 (c)
424 3826 576 3887 Tandem
608 3822 672 3885 hoc
703 3824 804 3885 etiarn
836 3822 1010 3903 speciatim
1043 3822 1293 3887 demonstratur

194 3931 304 4011 quoad
329 3929 480 4010 infideles,
496 3928 679 4011 praesertim
705 3948 748 3988 ex
773 3936 871 3989 textu
898 3927 932 3988 S.
949 3926 1056 3988 Pauli
1063 3927 1096 3990 ⁸:
1118 3924 1312 3992 “Obsecro

231 4114 353 4166 ¹Ezeclz.
370 4114 513 4178 XXXIII,
529 4127 567 4164 11.
580 4090 770 4165 -211Petr.
796 4111 851 4176 ΙΙΙ,
872 4125 900 4178 9;
919 4111 1005 4162 Mart.
1031 4109 1081 4174 IX,
1104 4124 1146 4176 13.
1162 4141 1197 4148 -
1210 4086 1290 4180 Ἴσα,

197 4203 247 4268 Vl,
264 4215 352 4267 39-40.
369 4200 497 4267 —-⁴l0a.
513 4199 608 4263 XVII,
626 4215 663 4251 12.
680 4231 714 4237 —
727 4198 809 4266 ⁶J0a.
828 4199 882 4263 III,
899 4198 938 4249 16.
954 4198 1042 4248 —⁶I
1055 4197 1126 4249 Tim.
1145 4198 1196 4261 IV,
1212 4214 1294 4252 10.-

196 4289 297 4340 ⁷R0m.
314 4288 393 4352 XIV,
409 4301 448 4356 15.
464 4318 498 4325 -
511 4284 520 4314 ⁸
533 4288 552 4338 I
565 4287 636 4337 Tim.
656 4287 692 4352 ΙΙ,
713 4286 763 4338 1-6.
