2684 4634
132 169 200 219 ³50
580 169 719 220 CAPUT
737 170 797 219 111.

133 349 229 424 tialis,
244 350 345 413 homo
368 350 516 431 accipere
535 360 646 431 potest
666 373 686 413 a
708 352 782 413 Deo
798 352 883 413 vires
900 371 1012 427 novas,
1029 351 1093 432 ipsi
1110 350 1218 414 indebi-

133 462 193 527 tas,
209 453 327 533 quibus
343 453 459 515 elicere
475 455 596 534 poterit
612 453 705 516 actus
722 454 990 536 supernaturales
1005 476 1012 531 ;
1033 474 1133 516 nemo
1147 453 1216 523 enim

133 557 285 618 dubitare
310 565 420 636 potest
446 557 524 636 quin
550 556 660 630 homo,
685 558 821 638 speciali
850 558 914 619 Dei
942 557 1070 619 auxilio
1097 557 1217 639 adjutus,

134 660 228 740 plura
246 670 278 722 et
297 658 493 741 perfeetiora
514 661 621 723 facere
644 661 776 723 valeant
799 681 899 742 quam
926 661 996 722 sine
1018 660 1076 722 tali
1102 660 1216 722 auxilio.

135 765 195 837 Ita,
211 786 239 826 v.
255 785 284 844 g.
302 761 489 826 intelleftus
506 773 625 836 noster,
642 765 697 844 qui
715 764 854 846 propriis
870 762 992 824 viribus
1010 764 1122 825 Deum
1138 763 1218 825 intui-

134 869 199 929 tiue
215 868 327 930 videre
344 868 466 948 nequit,
484 868 633 948 accipere
656 876 767 949 potest
782 889 801 929 a
819 868 893 930 De'o
909 868 1021 931 lumen
1039 868 1182 949 speciale,
1194 865 1217 928 vi

133 970 226 1051 cujus
250 971 320 1051 ejus
339 971 388 1032 vis
410 969 522 1031 nativa
547 970 720 1032 roboratur
741 979 774 1031 et
795 970 982 1050 ampliatur,
1005 973 1052 1034 ita
1077 981 1114 1034 ut
1132 975 1218 1053 possit

134 1076 291 1155 mysteria
308 1094 507 1154 cognoscere
529 1082 561 1134 et
583 1074 800 1155 contemplari
822 1075 931 1136 Deum
949 1075 1033 1137 facie
1049 1077 1092 1138 ad
1110 1076 1217 1139 facien.
1254 1044 1261 1153 l

135 1181 205 1241 Nec
221 1181 350 1243 dicatur
364 1200 423 1260 per
438 1179 500 1242 hoc
517 1179 692 1240 intrinsece
709 1179 829 1240 mutari
846 1177 1051 1242 intelledlum
1070 1190 1219 1256 nostrum;
1257 1166 1261 1213 ’-

133 1303 234 1363 quum
251 1284 338 1344 enim
355 1280 522 1362 objeftum
535 1281 741 1361 adaquatum
755 1278 942 1343 intellectus
958 1284 1067 1344 nostri
1079 1284 1123 1346 sit
1138 1303 1219 1345 omne

132 1406 256 1461 verum,
267 1394 498 1448 nonvmutatur
513 1383 584 1464 ejus
600 1385 726 1464 species
742 1386 886 1464 quand0,
896 1385 998 1447 divini
1013 1386 1149 1449 luminis
1163 1408 1220 1468 ope,

133 1489 279 1550 elevatur
295 1490 336 1551 ad
355 1490 464 1550 Deum
482 1488 662 1550 videndum
681 1470 841 1560 intuitive,
856 1488 914 1550 sed
936 1491 1044 1553 solum
1061 1490 1221 1572 perfectior

133 1592 281 1653 redditur
296 1591 366 1672 ejus
383 1592 605 1671 cognoscendi
623 1591 741 1652 modus
758 1615 763 1652 :
780 1591 864 1652 sicut
881 1610 947 1654 non
966 1603 1117 1658 mutatur
1128 1596 1223 1659 intrin-

132 1715 205 1756 sece
224 1696 327 1758 visiva
348 1695 487 1757 facultas
511 1695 706 1768 astronomi,
727 1695 861 1775 quando
880 1677 1172 1774 tclescopoutitur
1189 1695 1222 1758 ad

132 1797 218 1859 clare
234 1807 267 1860 et
283 1795 438 1860 distinete
454 1797 635 1859 videndum
652 1799 742 1878 quod
759 1807 859 1859 antea
876 1796 1006 1859 nonnisi
1024 1798 1164 1860 obscure
1177 1806 1225 1861 aut

132 1902 233 1962 etiam
265 1900 458 1981 nullomodo
488 1900 630 1962 videbat.
684 1901 822 1962 Brutum
854 1901 988 1981 quidem
1016 1900 1225 1964 essentialiter

133 1993 323 2080 mutaretur,
336 2005 362 2065 si
375 2005 536 2079 rationem
554 2005 726 2086 acciperet,
736 2005 814 2084 quia
826 2002 965 2065 formale
981 2002 1153 2084 objeEium
1165 2005 1226 2086 ejus

132 2108 365 2189 cognoscitivae
397 2106 562 2168 facultatis
593 2127 658 2167 non
690 2115 741 2168 est
760 2126 866 2168 omne
892 2127 1016 2180 verum,
1040 2108 1224 2170 sedsolum

131 2233 240 2274 verum
258 2210 413 2272 sensibile
423 2233 430 2286 ;
450 2210 507 2271 sed
525 2230 590 2271 non
607 2209 869 2294 substantialiter
885 2220 1077 2287 mutaretur,
1087 2212 1115 2273 si
1128 2212 1223 2274 solum

132 2315 323 2377 facultatem
341 2315 504 2393 acciperet
520 2311 696 2394 perfectius
714 2333 826 2376 verum
843 2314 999 2376 sensibile
1021 2317 1223 2397 percipiendi.

133 2421 186 2482 lta
202 2420 323 2500 pariter
338 2417 440 2493 homo
456 2418 544 2479 idem
561 2416 825 2478 substantialiter
835 2426 958 2491 manet,
967 2420 1105 2498 quando
1116 2420 1144 2480 ei
1157 2439 1223 2480 con·

132 2525 233 2587 fertur
256 2532 404 2603 potestas
429 2516 603 2600 perfeftius
630 2520 853 2600 cognoscendi
874 2540 987 2582 verum
1011 2504 1222 2585 intellectuale
1259 2570 1261 2575 .

132 2629 305 2709 ipsamque
322 2625 385 2686 Dei
401 2623 588 2684 essentiam.
812 2609 815 2613 ’
935 2608 936 2612 ’

175 2728 235 2814 (C)
265 2730 340 2791 Non
369 2749 412 2789 ex
430 2735 528 2806 parte
557 2725 683 2786 ordinis
712 2725 876 2786 naturalis
885 2748 900 2797 ,·
931 2726 963 2786 in
992 2734 1124 2789 tantum
1152 2727 1220 2790 ordo

131 2833 389 2917 supernaturalis
414 2839 622 2911 repugnaret,
640 2830 671 2889 in
689 2838 851 2908 quantum
877 2828 1058 2890 destrueret
1083 2831 1217 2894 ordinem

130 2948 265 3011 naturae,
283 2944 339 2996 aut
355 2934 471 2994 saltem
491 2933 746 2999 confunderetur
769 2952 844 2993 cum
869 2931 946 3008 illo;
970 2933 1061 3012 atqui
1079 2943 1216 2995 neutrum

130 3042 194 3102 dici
223 3048 355 3120 potest;
387 3057 463 3098 narn
493 3037 543 3116 (a)
567 3037 649 3096 ordo
672 3034 930 3115 supernaturalis
954 3054 1020 3095 non
1045 3044 1097 3096 est
1119 3043 1216 3097 contra

132 3150 293 3214 naturam,
310 3139 368 3199 sed
386 3159 493 3217 supra,
510 3160 570 3200 nec
587 3148 739 3200 naturam
758 3139 898 3201 destruit
915 3146 973 3199 aut
992 3138 1156 3218 deprimit,
1170 3135 1214 3198 sed

131 3244 240 3326 potius
264 3261 346 3303 eam·
363 3241 472 3304 firmat
496 3252 529 3304 et
553 3242 689 3323 perficit,
713 3224 824 3321 quum¹
845 3243 888 3303 sit
914 3239 1049 3321 aliquod
1080 3241 1214 3304 accidens

87 3360 90 3364 '
131 3357 257 3410 naturae
281 3347 542 3425 superadditum,
565 3348 708 3427 speciem
733 3346 804 3425 ejus
829 3366 895 3407 non
920 3355 1055 3408 mutans
1078 3348 1136 3408 sed
1159 3362 1213 3426 per·

130 3451 264 3526 ficiens;
302 3450 387 3510 sicut
425 3451 513 3511 enirn
553 3450 699 3530 dignitas
731 3449 822 3530 regia
853 3448 980 3510 homini
1012 3449 1136 3512 collata
1163 3463 1213 3509 non

129 3555 269 3618 destruit
286 3553 356 3633 ejus
374 3562 535 3627 naturam,
552 3554 610 3614 sed
631 3554 721 3614 illam
745 3555 892 3628 adornat,
911 3553 956 3614 ita
979 3553 1103 3633 pariter
1126 3549 1213 3632 digni·

130 3669 180 3721 tas
196 3656 463 3738 supernaturalis,
481 3676 537 3717 seu
555 3656 668 3717 divina
685 3655 832 3736 adopti0,
848 3676 922 3737 quae
947 3655 1044 3717 nobis
1068 3657 1215 3718 confertur

129 3824 251 3880 dominio
264 3824 418 3892 probatur:
439 3824 517 3874 Deus
531 3821 616 3885 enim,
629 3820 655 3872 vi
673 3821 795 3889 supremi
813 3819 930 3872 dominii
952 3820 1027 3889 quod
1047 3821 1075 3873 in
1093 3829 1214 3875 creaturas

129 3914 223 3978 habet,
233 3910 323 3978 magis
334 3910 361 3961 in
372 3908 425 3961 illis
434 3908 544 3961 efficere
558 3918 650 3975 potest
663 3924 749 3976 quam
762 3907 895 3976 quaelibet
909 3923 953 3960 res
966 3917 1061 3960 creata
1069 3927 1076 3972 ;
1090 3906 1162 3977 atqui
1174 3904 1218 3956 hoc

128 3999 237 4052 efficere
250 3996 346 4065 nequit
360 3995 412 4047 nisi
428 3995 561 4048 creaturis
578 3994 643 4046 insit
661 3994 791 4062 quaedam
809 3992 946 4061 aptitudo,
959 4009 1008 4047 seu
1026 3994 1152 4062 potentia
1166 4004 1214 4060 pas·

129 4087 196 4146 siva,
211 4084 236 4136 ri
250 4085 327 4152 cujus
342 4084 473 4136 virtutem
487 4082 621 4134 divinitus
639 4081 759 4133 infusam
777 4080 906 4148 accipere
919 4081 1032 4135 valeant
1050 4092 1077 4136 et
1099 4072 1216 4152 quidquid

123 4176 205 4226 Deus
227 4171 344 4225 voluerit
361 4170 484 4240 exsequi.
523 4170 563 4222 Cf.
585 4171 615 4220 S.
636 4169 729 4220 Tlrom.
749 4171 770 4232 l,
791 4186 815 4237 q.
841 4182 897 4236 115,
916 4184 941 4221 a.
959 4184 983 4233 2,
1003 4169 1039 4221 ad
1060 4183 1095 4233 4;
1117 4170 1215 4225 Suam,

112 4263 233 4333 Disput.
257 4262 387 4333 Metaplr.
404 4261 478 4332 disp.
498 4275 540 4331 31,
554 4276 577 4312 s.
596 4272 639 4323 iq,
650 4274 678 4309 n.
689 4258 730 4318 ὃς
752 4254 1059 4323 Mozzello,n.b3bsq.
