2684 4634
312 198 334 219 ν
403 172 459 228 ΒΕ
478 171 661 223 OBJEGTO
679 168 799 219 FIDEI
867 219 870 224 ,
1107 165 1152 216 45

53 355 193 418 infertur
207 354 330 416 veritas
348 354 601 430 IncarnationiS,
613 374 688 434 quae
700 351 840 434 proinde
850 348 1041 430 partialiter
1051 349 1153 411 credi-

52 470 104 520 tur
119 467 260 541 propter
272 458 456 520 bonitatem
475 458 632 520 illationis
648 478 706 519 seu
722 457 896 518 discursus.

92 557 155 639 (B)
176 557 544 620 Suarezautem1cum
570 558 734 638 plerisque
760 548 841 627 aliis.
867 565 958 618 tenet
982 574 1153 616 assensum

51 660 127 723 fidei
153 681 215 742 per
240 681 275 722 se
299 681 364 722 non
391 660 520 721 fundari
547 663 577 721 in
602 661 762 737 discursu,
778 670 938 740 tanquam
956 658 1081 731 motivo,
1097 658 1154 718 sed

51 765 144 826 illum
164 784 355 846 supponere
371 763 478 825 solum
496 774 532 825 ut
547 763 756 824 conditionem
772 765 842 825 sine
856 760 921 842 quai
937 782 1019 831 nom·
1042 760 1155 821 statim

51 888 88 929 ac
103 868 345 947 cognoscimus
363 866 472 928 Deum
491 866 687 928 revelavisse
705 866 984 938 Incarnationem,
998 862 1066 942 jam
1089 881 1154 922 non

51 971 282 1043 discurrimus
298 971 354 1031 sed
373 978 508 1050 propter
532 970 637 1031 solam
662 968 732 1049 ejus
757 966 988 1031 aucloritatem
1015 964 1154 1045 simplici

53 1092 191 1133 assensu
209 1072 390 1149 credimus;
410 1071 456 1132 sic
474 1072 573 1152 igitur
590 1073 731 1152 praevius
756 1072 923 1132 discursus
948 1077 997 1129 est
1021 1067 1156 1146 quidem

54 1176 205 1236 medium
224 1195 291 1254 quo
307 1174 431 1235 utimur
448 1172 489 1235 ad
506 1175 776 1255 cognoscendum
793 1173 860 1235 tale
875 1171 925 1232 vel
944 1170 1010 1232 tale
1034 1178 1156 1249 myste-

55 1281 139 1340 rium
158 1279 223 1339 sub
240 1274 438 1339 aucloritate
465 1279 528 1340 Dei
555 1279 681 1352 cadere,
697 1280 754 1341 sed
781 1297 847 1340 non
874 1275 1036 1337 motivum
1056 1274 1156 1334 etiam
1200 1314 1206 1322 -

56 1379 198 1460 partiale
214 1401 272 1441 cur
287 1378 469 1445 credamus,
516 1381 630 1462 Quam
643 1381 833 1462 opinionem
851 1388 886 1441 ut
902 1375 1155 1458 probabiliorem
1251 1412 1255 1420 ·

56 1480 301 1564 amplec‘iimur.

440 4270 445 4279 l

97 4302 104 4324 ¹
120 4289 166 4344 Cf.
183 4288 303 4349 Saurea,
319 4284 391 4352 disp.
410 4282 458 4350 VI,
476 4299 498 4335 s.
514 4297 540 4347 4.
