2684 4634
194 164 238 214 72
624 159 858 209 APPENDIX.
888 208 893 217 ,

195 344 235 413 (a)
248 340 579 404 Semi-Rationalismus,
596 357 648 397 seu
661 338 895 396 Rationalz'smus
907 336 1074 409 theologicus
1092 337 1145 409 qui
1164 335 1290 410 aliquam
1331 388 1333 395 .

194 428 403 486 revelationem
417 427 569 483 confusam
584 427 725 498 agnoscit,
740 426 793 483 sed
803 443 840 483 eo
853 434 968 483 tantum
978 424 1038 481 fine
1048 432 1080 481 ut
1088 423 1198 482 melius
1207 442 1292 496 expo
1331 476 1333 481 .

196 524 302 572 nantur
314 514 450 572 veritates
462 513 575 570 ordinis
588 511 736 584 naturalis,
749 512 788 568 ita
799 521 831 568 ut
841 511 870 567 in
882 511 1032 582 Scriptura
1040 511 1113 569 illud
1123 511 1291 570 solumreti·

195 602 328 660 nendum
339 601 375 659 sit
383 600 466 672 quod
474 610 518 658 est
526 600 630 657 rationi
641 608 874 656 consentaneum
887 618 893 655 :
905 598 970 655 talis
979 605 1024 656 est
1030 598 1178 670 generalis
1188 597 1292 656 doetri-
1331 604 1333 611 '

195 706 233 746 na
252 689 463 758 Unitarihrum,
480 687 540 744 imo
555 687 783 745 Protestantium
797 685 848 757 qui
861 703 893 743 se
905 685 1034 743 liberalis
1045 685 1170 758 dicunt3
1188 685 1294 758 injuste

195 784 294 832 tamen
307 775 356 832 ille
369 793 447 832 error
457 773 596 830 omnibus
607 772 841 830 Protestantibus
852 772 1055 844 imputaretur3
1067 773 1207 844 quamvis
1216 772 1291 831 enim

195 872 431 934 eorumsystema
439 860 537 932 logice
550 860 588 918 ad
599 858 848 917 Rationalismum
858 859 955 930 ducat,
968 859 1040 917 illud
1048 859 1291 918 consedlariuma

195 949 404 1007 multisadhuc
412 949 547 1020 rejicitur.
568 947 670 1005 Abhis
679 947 825 1005 erroribus
836 965 896 1005 non
904 946 1165 1006 satisfecesserunt
1174 943 1290 1005 Heme·

194 1035 335 1105 siani‚seu
346 1033 486 1107 discipuli
497 1034 652 1104 Hermett's,
662 1033 794 1105 germani
802 1032 971 1105 philosophi
981 1035 1008 1102 (l
1016 1035 1101 1106 1831),
1112 1034 1164 1106 qui
1172 1044 1290 1093 conten-

195 1124 302 1182 derunt
316 1122 452 1195 mysteria
465 1122 535 1180 fidei
549 1140 602 1194 per
611 1122 756 1179 rationem
766 1122 819 1179 rite
829 1121 976 1179 excultam
985 1121 1108 1194 intelligi
1117 1131 1147 1180 et
1155 1122 1290 1196 explicari

196 1229 283 1284 posse
293 1231 301 1284 3
320 1212 400 1269 idem
417 1211 476 1269 fere
492 1210 594 1268 docuit
614 1211 744 1266 Giinther
758 1213 785 1280 (†
805 1211 891 1282 1863),
908 1210 958 1282 qui
980 1211 1106 1269 Viennae
1125 1211 1157 1268 in
1175 1211 1291 1269 Austrii

195 1299 416 1371 philosophiam
430 1298 554 1355 docuit.¹
585 1297 625 1366 (b)
642 1296 871 1354 Rationaltimus
881 1298 1004 1370 biblicus,
1018 1297 1069 1369 qui
1078 1316 1178 1357 sacros
1189 1299 1290 1356 Libros

195 1396 399 1457 utopusmere
409 1385 573 1442 humanum
584 1383 927 1456 habet‚ideoqueearum
937 1385 1291 1458 inspirationemrespuit;

196 1473 344 1544 quidquid
359 1473 386 1530 in
400 1472 443 1531 eis
457 1473 678 1545 supernaturale
698 1473 743 1530 vel
762 1472 970 1531 miraculosum
983 1483 1034 1545 est,
1051 1491 1070 1531 a
1077 1473 1180 1546 priori
1189 1475 1287 1546 rejicit,

194 1561 241 1618 vel
255 1561 347 1619 m'odo
361 1560 483 1619 naturali
499 1560 644 1632 explicare
657 1570 781 1618 conatur
785 1581 792 1632 3
805 1560 993 1618 christianam
1006 1571 1107 1620 tamen
1120 1562 1252 1620 ethicam
1264 1562 1291 1619 in

195 1648 255 1705 suis
273 1647 546 1706 fundamentalibus
562 1647 714 1720 principiis
733 1658 876 1719 tanquam
892 1647 1037 1720 optimam
1049 1649 1196 1721 agnoscit,
1212 1649 1291 1708 Chri·

195 1745 333 1806 stumque
347 1745 379 1793 ut
392 1735 526 1792 omnium
540 1734 681 1791 virtutum
692 1734 940 1806 persediissimum
950 1736 1107 1807 exemplar.
1141 1737 1180 1808 (c)
1192 1737 1291 1794 Ratio·

196 1822 337 1878 nalzimus
347 1821 564 1894 philosophatus,
580 1839 632 1878 seu
645 1821 791 1888 Deismur,
803 1821 863 1893 qui,
878 1821 1058 1894 argumentis
1071 1823 1289 1896 metaphysicis,

195 1907 381 1966 revelationis
401 1907 637 1980 possibilitatem,
658 1907 864 1965 necessitatem
880 1917 909 1966 et
925 1908 1110 1967 existentiam
1126 1907 1290 1982 impugnat,

196 1996 334 2053 docendo
344 1996 485 2053 rationem
497 2013 561 2053 esse
571 2012 690 2066 prorsus
701 1994 928 2069 independcntcm
937 2013 972 2052 ac
979 1994 1231 2068 sibisufficientem,
1239 2015 1292 2056 nec

195 2082 308 2154 aliquid
321 2082 541 2140 admittendum
555 2100 619 2139 esse
633 2081 689 2138 nisi
702 2082 739 2139 sit
751 2081 899 2139 intrinsece
910 2082 1029 2140 eradens.

233 2169 309 2226 Haec
328 2169 433 2239 triplex
453 2167 662 2226 Rationalismi
682 2168 775 2225 forma
790 2170 849 2240 jam
870 2168 900 2225 in
920 2168 1045 2240 Synopsi
1063 2159 1156 2226 ΤΙιεοΙ.
1175 2169 1293 2228 Funda-

196 2254 328 2312 mentalt's
342 2255 494 2312 confutata
511 2264 575 2322 est;
593 2264 731 2325 attamen,
748 2265 780 2312 ut
793 2255 862 2312 fidei
874 2254 940 2327 jura
958 2255 1151 2328 vindicemus,
1167 2256 1294 2316 breviter

134 2412 136 2416 Ι
196 2358 379 2413 exponemus
393 2340 559 2398 doctrinam
573 2358 663 2412 quam
685 2340 853 2398 Vaticanum
866 2341 955 2400 tradit
967 2342 1015 2399 De
1026 2341 1097 2400 mlle
1114 2350 1142 2400 et
1151 2343 1292 2415 'Renoua

196 2428 383 2486 ostendendo
396 2429 486 2486 fidem
501 2437 530 2485 et
542 2429 687 2485 rationem
701 2445 764 2486 esse
781 2428 842 2486 duo
863 2427 962 2486 media
978 2429 1180 2500 cognoscendi
1198 2449 1295 2490 rovere

196 2514 341 2584 ditantia,
358 2529 387 2570 20
399 2514 515 2570 minime
532 2521 626 2570 tantan
644 2513 781 2585 opposita,
794 2532 824 2586 3⁰
836 2515 886 2570 sed
901 2520 1032 2572 minuam
1050 2524 1127 2588 opem
1146 2516 1204 2575 sibi
1223 2536 1294 2591 prae-

196 2612 311 2658 stanna.

102 2729 105 2733 ’
199 2728 226 2791 Ι.
248 2729 358 2786 Fides
374 2731 411 2785 et
428 2728 541 2785 Ratio
557 2732 646 2784 sunt
666 2727 742 2784 duo
762 2727 889 2785 media
909 2729 1163 2798 cognoscendi
1180 2732 1295 2804 plane

438 2826 633 2895 distincta,
651 2829 688 2882 et
703 2826 861 2882 omnino
876 2826 1059 2894 legitima.

233 2962 287 3018 151.
328 2967 356 3008 10
370 2952 458 3008 Fides
476 2961 504 3007 et
522 2949 619 3019 Ratio,
639 2968 691 3006 seu
711 2949 835 3007 scientia
854 2949 1002 3017 naturalis,
1023 2950 1163 3010 differunt
1181 2953 1297 3013 ratione

197 3040 303 3110 arietini,
309 3039 451 3110 principii
461 3048 491 3096 et
503 3038 607 3109 obstiti.
643 3039 690 3108 (A)
701 3038 829 3095 Matini:
842 3057 910 3094 nam
925 3037 1066 3096 motivum
1078 3043 1297 3114 propterquod

197 3127 270 3183 ratio
284 3125 454 3183 veritatibus
468 3124 648 3182 naturalibus
659 3125 791 3183 adhaeret
804 3134 848 3183 est
861 3124 1008 3184 evidentia
1019 3128 1174 3197 naturalt's,
1182 3128 1245 3187 sive
1255 3131 1295 3187 in·

197 3214 331 3279 trinseca‚
344 3213 465 3283 quando
475 3212 570 3282 agitur
580 3212 618 3268 de
629 3211 758 3269 scientiis
769 3211 959 3281 naturalibus,
968 3212 1028 3270 sive
1036 3213 1208 3288 extrinseca,
1218 3217 1296 3276 testi·

197 3300 299 3357 monio
312 3317 352 3356 sc.
364 3299 497 3355 humano
511 3298 618 3369 innixa,
630 3298 751 3369 quando
762 3298 856 3369 agitur
865 3299 904 3356 de
914 3299 1042 3357 scientiis
1051 3300 1200 3360 historicis
1204 3322 1212 3375 ;
1224 3304 1294 3362 dum

198 3397 329 3445 econtra
342 3386 487 3444 motivum
501 3396 620 3457 propter
634 3386 716 3457 quod
730 3387 878 3444 credimus
897 3397 941 3444 est
960 3387 1108 3446 evidentia
1126 3397 1295 3461 supernatu-

198 3475 279 3540 ralis,
295 3474 465 3532 testimonio
479 3474 580 3531 divino
594 3474 702 3544 innixa,
719 3484 750 3531 ut
763 3493 852 3547 supra
865 3474 1133 3534 demonstravimus
1146 3481 1186 3548 (n.
1200 3481 1255 3552 95).

233 3564 280 3632 (B)
294 3560 458 3631 Principii:
471 3560 650 3632 principium
665 3563 754 3630 enim,
769 3580 829 3633 quo
848 3562 1057 3634 cognoscimus
1069 3565 1208 3623 veritates
1221 3566 1307 3624 ordi-¹

198 3652 243 3706 nis
256 3640 404 3714 naturalis,
416 3657 460 3705 est
473 3648 630 3704 z'ntellelius
641 3649 724 3719 solus,
736 3666 804 3705 cum
818 3649 846 3706 vi
859 3650 912 3707 sua
925 3648 1022 3707 nativa
1034 3659 1063 3708 et
1076 3669 1226 3710 concursu
1242 3653 1293 3710 Dei

197 3735 344 3806 generali;
362 3735 434 3791 dum
449 3734 637 3805 principium,
652 3753 712 3806 quo
731 3737 937 3807 cognoscimus
956 3737 1091 3795 veritates
1104 3737 1185 3810 fidei,
1198 3749 1244 3798 est
1255 3740 1294 3796 in·

198 3822 332 3880 tellettus
345 3822 475 3893 quidem,
494 3822 545 3878 sed
556 3823 657 3893 gronii
670 3824 788 3894 adjutus
807 3824 1029 3896 supernaturali,
1046 3833 1075 3883 et
1093 3824 1217 3897 speciali
1234 3827 1293 3883 illu-

198 3920 304 3967 stratus
317 3910 429 3966 lumine
442 3909 639 3966 revelationis.

233 3999 280 4067 (C)
298 3996 424 4068 Obstat:
437 4014 505 4052 nam
516 3996 590 4052 ratio
604 3997 734 4053 humana
748 4016 808 4054 non
822 4008 920 4069 potest
932 3997 1076 4070 attingere
1086 3999 1143 4057 nisi
1151 4000 1294 4064 veritates,

233 4224 241 4245 1
253 4203 377 4270 Quorum
391 4219 497 4254 errores
512 4202 663 4269 percellere
676 4205 822 4257 voluerunt
837 4204 935 4255 Patres
952 4200 1087 4272 Vaticani,
1096 4212 1126 4258 ut
1140 4213 1251 4259 constat
1264 4221 1294 4257 ex

198 4291 258 4342 All.
275 4291 353 4343 Cone.
377 4290 447 4355 Van,
462 4290 504 4341 ed.
521 4292 593 4355 Lac,
609 4307 632 4357 p.
652 4302 709 4358 525.

232 4568 236 4575 ·
283 4560 428 4587 ...mm
644 4564 726 4587 hx...
