2684 4634
118 189 186 240 520
351 229 353 235 .
568 186 706 237 CAPUT
722 183 782 235 1⁴11.
855 196 858 200 ’

117 372 197 434 dum
214 392 232 434 e
247 380 362 433 contra
372 370 531 432 'homines
548 368 742 432 naturaliter
764 367 984 431 inconstantid
1000 367 1168 442 laborant,
1181 375 1214 427 e'o

117 472 206 554 quod
223 493 283 534 nec
300 473 424 547 statim,
439 493 500 534 nec
519 472 616 534 simul
639 471 852 534 considerant
868 470 984 532 omnia
1001 471 1134 532 motiva
1149 487 1214 549 quae

119 575 207 656 ipsos
223 574 264 636 ad
276 574 443 655 agendum
458 575 613 636 inducere
625 576 770 656 possint;
791 573 937 636 convenit
949 574 1056 654 igitur
1067 581 1105 634 ut
1118 571 1214 633 homi·

118 697 175 739 nes
196 698 261 738 non
279 677 394 739 statim
418 697 456 738 ac
478 687 620 759 peccant
643 679 854 751 damnentur,
869 677 926 738 sed
952 686 990 739 ut
1014 676 1101 756 ipsis
1128 677 1214 738 detur

113 779 305 861 penitentiae
320 780 419 842 loc'us.
618 788 620 793 ’

158 938 225 1008 174.
270 937 299 988 2⁰
321 929 447 993 Posita
476 929 511 991 in
540 929 617 993 Deo
645 891 834 992 vuluntate
865 943 987 1024 genus
1017 925 1215 989 humanum

117 1026 313 1105 reparandi,
327 1025 541 1103 Redemptio
557 1042 621 1104 per
632 1026 815 1090 Christum
831 1024 984 1089 nonfuit
1000 1023 1214 1088 necessaria

120 1122 249 1186 Certum
261 1135 312 1188 est
324 1134 439 1187 contra
450 1123 607 1204 Tournely
619 1125 768 1207 aliosque
778 1145 902 1206 paucos
915 1123 1106 1204 theologos.
1132 1121 1217 1185 Talis
1259 1184 1261 1209 ἱ

117 1228 205 1289 enim
225 1229 426 1309 Redemptio
450 1229 636 1290 necessaria
654 1250 720 1290 non
738 1228 810 1303 luit,
826 1229 853 1289 si
870 1229 963 1289 Deus
979 1247 1092 1309 genus
1108 1226 1215 1289 huma·
1259 1214 1261 1219 ⁵

49 1368 51 1373 ·
118 1349 197 1391 num
214 1351 365 1412 reparare
382 1331 528 1411 potuerit
543 1331 608 1392 alio
625 1333 745 1407 modo;
782 1331 874 1411 atqui
891 1331 1001 1411 potuit
1016 1329 1104 1392 illud
1129 1348 1215 1409 repa·
1259 1408 1261 1412 Ι

119 1450 188 1493 rare
212 1433 326 1495 multis
350 1433 422 1494 aliis
449 1433 582 1495 modis:
615 1434 663 1514 (a)
681 1433 794 1514 grates
809 1433 946 1495 omnino
966 1432 1216 1494 condonando:
1259 1464 1261 1473 ·

118 1555 218 1616 quurn
235 1536 323 1597 enim
341 1536 410 1617 ipse
426 1537 469 1598 sit
485 1556 626 1616 persona
639 1536 726 1612 laesa,
737 1537 909 1617 potuisset,
921 1535 992 1597 sine
1002 1535 1075 1597 ullo
1083 1534 1216 1615 justitia

118 1639 328 1715 detriment0,
352 1639 520 1702 remittere
542 1639 703 1700 offensam
733 1641 763 1700 in
790 1660 825 1701 se
851 1639 1079 1714 commissam,
1097 1639 1216 1719 absque

118 1741 184 1803 ulla
200 1743 402 1823 expiatione,
413 1742 483 1803 sola
500 1742 628 1803 interna
644 1743 842 1822 poenitentia
853 1751 1053 1819 contentus,
1078 1739 1133 1826 (b)
1152 1741 1215 1803 cxi-

119 1846 229 1924 gendo
252 1845 469 1925 e'mperfeeiam
490 1843 760 1926 satisfactionem,
777 1845 879 1908 talem
895 1843 1004 1925 qualis
1021 1844 1139 1925 perfici
1164 1863 1215 1925 po·

119 1949 236 2010 tuisset
252 1949 294 2010 ab
310 1967 512 2028 unoquoque
523 1948 673 2024 homine;
697 1945 749 2032 (c)
768 1947 1013 2010 committendo
1026 1947 1128 2009 alicui
1137 1957 1216 2027 pere

119 2050 463 2132 homini‚specialibus
473 2051 588 2131 gratiis
598 2061 725 2127 ornat0,
736 2073 856 2114 munus
867 2050 1096 2114 satisfaciendi
1107 2052 1216 2132 imper-

110 2154 197 2232 feeie
212 2173 272 2234 pro
288 2152 360 2214 aliis
377 2152 577 2213 hominibus

121 2273 125 2281 “
164 2256 255 2317 Deus
271 2256 433 2336 siquidem
457 2265 507 2318 est
523 2275 652 2316 summe
670 2253 779 2333 justus
789 2277 796 2331 ;
834 2256 902 2330 sed,
918 2256 995 2319 licet
1022 2259 1141 2337 possit,
1156 2278 1215 2319 non
1259 2256 1261 2265 '

120 2349 231 2420 tamen
259 2367 390 2420 tenetur
413 2379 432 2419 a
457 2366 630 2438 peccatore
654 2377 771 2438 poenas
792 2356 929 2419 offensae
954 2363 1214 2440 proportionatas

120 2469 277 2541 repetere.
325 2459 499 2539 Siquidem
521 2460 637 2522 scdulo
654 2461 928 2541 distinguendum
953 2471 1004 2524 est
1027 2465 1116 2526 inter
1129 2464 1214 2545 justi-

120 2565 201 2628 tiam
215 2564 362 2625 divinam
376 2573 409 2625 et
425 2563 496 2644 ejus
506 2564 702 2626 exercitium
718 2587 724 2625 :
746 2563 876 2643 justitia
894 2565 957 2626 Dei
974 2565 1109 2629 infinita
1124 2578 1157 2630 et
1167 2589 1214 2629 ne-

120 2669 260 2731 cessaria
276 2676 326 2729 est
342 2667 376 2728 in
392 2687 434 2740 se,
450 2668 506 2727 sed
524 2665 595 2746 ejus
610 2667 796 2728 exercitium
812 2678 863 2731 est
880 2668 1011 2731 finitum
1027 2679 1060 2732 et
1077 2671 1215 2744 liberum,

121 2772 258 2853 aliisque
283 2769 451 2831 attributis
478 2768 656 2848 regulatur,
684 2771 868 2849 praesertim
903 2772 1071 2852 sapientia
1080 2798 1088 2852 ;
1132 2776 1215 2836 Deus

121 2877 220 2956 igitur
246 2874 308 2934 hoc
335 2872 531 2934 attributum
558 2871 771 2935 manifestare
800 2875 831 2935 in
856 2875 948 2936 omni
975 2896 1055 2938 casu
1086 2880 1216 2940 minime

121 2987 260 3050 tenetur,
272 2978 328 3037 sed
347 2984 457 3056 potest
467 2973 518 3035 vel
535 2975 681 3053 gratuito
691 2977 889 3050 condonare,
904 2979 1093 3041 dummodo
1111 3001 1217 3062 pecca-

121 3091 173 3142 tor
189 3079 355 3160 poenitens
371 3078 422 3151 sit,
439 3075 488 3136 vel
506 3074 734 3156 imperfectam
749 3077 1025 3156 satisfaetionem,
1041 3085 1217 3163 peccatoris

121 3182 244 3245 viribus
269 3181 564 3261 proportionatam,
580 3180 793 3242 solummodo
816 3182 958 3262 exigere.
1006 3183 1080 3246 Nec
1097 3187 1217 3267 dicatur

123 3287 243 3358 Deum,
258 3292 375 3363 utpote
391 3283 577 3363 sapientem
594 3285 810 3364 provisorem,
826 3283 916 3365 leges
932 3305 1010 3346 suas
1027 3290 1141 3367 poenis
1153 3308 1216 3370 pro·

122 3389 318 3471 portionatis
334 3388 461 3448 sancire
477 3387 580 3447 teneri
590 3408 597 3463 ;
629 3387 692 3449 hoc
709 3388 798 3448 enim
815 3386 1031 3450 concedimus
1049 3393 1156 3453 modo
1170 3409 1217 3471 ge-

122 3494 222 3555 nerali
232 3514 239 3568 ;
263 3492 330 3565 sed,
347 3491 431 3552 sicut
446 3490 520 3550 Rex
536 3499 647 3570 potest
663 3491 696 3552 in
710 3511 788 3551 casu
805 3491 995 3571 particulari
1009 3491 1217 3556 clementiam

122 3595 332 3658 manifestare
347 3596 427 3674 quin
446 3593 586 3672 justitiae
600 3593 674 3672 jura
691 3593 802 3669 laedat,
818 3594 1005 3675 praesertim
1029 3616 1137 3676 quum
1154 3615 1217 3658 reus

121 3702 256 3762 sincerae
273 3699 479 3780 poenitentiae
496 3697 591 3777 signa
606 3699 709 3772 dedit,
725 3699 771 3760 ita
792 3699 917 3779 pariter
933 3698 1026 3760 Deus
1044 3710 1177 3780 poterat
1190 3700 1217 3760 in

121 3808 183 3867 hoc
217 3804 407 3885 particulari
433 3822 510 3864 casu
536 3803 798 3870 misericordiam
830 3820 935 3875 suam,
961 3801 1055 3863 salva
1085 3803 1218 3883 justitia,

122 3907 264 3986 benigne
280 3906 456 3967 ostendere

161 4066 227 4134 175.
272 4064 301 4131 3⁰
313 4054 437 4118 Posito
452 4054 548 4133 quod
566 4055 666 4118 Deus
681 4055 831 4133 exigere
841 4056 996 4120 voluerit
1010 4057 1218 4123 satisfactio-

120 4171 201 4217 nem
222 4152 507 4232 aequivalentem,
524 4169 590 4215 seu
613 4153 922 4229 proportionatam
943 4152 1088 4234 delicto,
1108 4157 1217 4220 lucar·

118 4251 216 4314 natio
237 4247 389 4328 alicujus
411 4266 572 4327 personae
600 4248 736 4313 Divinae
757 4248 883 4313 stricte
903 4249 972 4314 fuit
1001 4251 1213 4331 necessaria
