2684 4634
352 197 409 247 DE
428 198 647 249 MYSTERIO
666 199 821 250 REDEM
829 200 1000 250 PTIONIS.
1163 201 1224 252 551

508 317 811 323 --,-.--
1075 319 1225 326 —-—-·—

162 393 236 445 221.
285 391 320 440 20
345 379 490 460 Species:
520 381 751 442 Praetermissis
780 383 852 445 aliis
880 383 1106 456 divisionibus,
1128 385 1225 445 sacri-

117 478 242 545 ficium
259 504 302 544 ex
328 493 420 562 parte
444 481 517 544 finis
541 493 615 545 est:
642 484 690 564 (a)
713 485 929 558 latreuticum,
945 484 1079 565 quando
1102 482 1226 546 diredte

118 585 232 646 tendit
248 586 290 647 ad
308 586 555 664 agnoscendum
573 606 762 666 supremum
778 588 841 648 Dei
858 588 1043 649 dominium
1053 608 1060 663 ;
1078 587 1144 648 tale
1156 596 1226 648 erat

119 682 340 751 holocaustum
363 689 395 749 in
414 688 454 750 A.
473 688 509 750 L.
526 690 558 753 in
583 708 649 768 quo
672 699 743 751 tota
759 688 894 753 vidtima
910 688 1174 765 comburebatur,
1190 698 1226 749 ut

119 789 364 870 signifiearetur
394 790 501 851 solum
534 791 644 852 Deum
673 792 728 870 jus
758 792 880 854 habere
919 793 960 853 ad
999 792 1224 854 existentiam.

120 894 174 972 (b)
198 892 470 969 Eucharisticum,
493 913 595 973 quum
621 895 664 955 ad
687 896 811 975 gratias
834 895 908 956 Deo
932 895 1079 975 agendas
1103 890 1227 955 diredte

120 995 281 1073 offertur;
304 997 378 1058 talis
395 1006 465 1058 erat
479 997 586 1058 hostia
596 998 740 1078 pacifica,
757 999 850 1077 cujus
874 1018 940 1059 una
962 1017 1037 1078 pars
1054 997 1225 1058 combure·

122 1101 230 1175 batur,
247 1099 350 1161 altera
366 1120 386 1160 a
401 1100 628 1162 sacerdotibus
645 1101 911 1174 consumebatur,
923 1110 957 1162 et
973 1101 1071 1162 tertia
1087 1100 1130 1160 ab
1148 1099 1227 1180 ipsis

121 1200 340 1265 offerentibus
370 1201 613 1264 comedebatur.
666 1202 714 1282 (c)
746 1203 1019 1283 lnrpetratorium,
1051 1222 1153 1282 quum
1185 1202 1226 1263 ad

124 1325 212 1367 nova
225 1304 384 1366 beneficia
396 1304 578 1368 obtinenda
595 1303 719 1386 diredte
732 1307 855 1380 tendit,
871 1305 960 1385 apud
973 1305 1110 1385 Judaeos
1122 1304 1228 1365 hostia

117 1408 257 1490 pacifica
287 1408 471 1470 habebatur
508 1410 608 1470 etiam
648 1419 682 1470 ut
721 1406 917 1469 sacrificium
955 1407 1227 1487 impetratorium.

124 1512 177 1591 (d)
193 1511 475 1590 Propitiatoriunu
492 1512 626 1590 quando
643 1507 766 1573 diredte
782 1509 918 1572 offertur
935 1530 994 1590 pro
1011 1511 1154 1590 peccatis
1171 1518 1228 1569 aut

125 1617 227 1694 poena
243 1623 380 1693 peccato
397 1612 531 1688 debita;
553 1614 628 1674 talis
644 1625 713 1674 erat
731 1615 762 1674 in
782 1613 821 1675 A.
841 1614 876 1674 L.
893 1613 998 1674 hostia
1010 1611 1227 1692 propeccatis,

125 1717 220 1796 cujus
244 1736 408 1796 unapars
432 1716 698 1791 consumebatur,
715 1716 818 1777 altera
843 1716 873 1775 in
900 1734 994 1775 usum
1019 1715 1228 1775 sacerdotum

125 1820 361 1882 reservabatur.

167 1971 237 2021 222.
286 1955 601 2034 30F2mdamentum.
649 1952 1038 2032 Sacrificiumquatenus
1052 1962 1102 2014 est
1115 1952 1230 2014 oblatio

125 2059 175 2121 rei
187 2058 357 2135 sensibiles,
373 2059 414 2119 ad
433 2057 736 2138 recognoscendum
755 2057 818 2116 Dei
836 2056 1029 2128 dominium,
1047 2055 1094 2115 ad
1094 2057 1157 2135 jus
1172 2076 1229 2116 nu-

126 2160 395 2241 turalepcrtincl:
405 2161 484 2221 “Ex
498 2160 638 2220 naturali
651 2161 777 2220 ratione
789 2157 947 2239 procedit,
958 2159 1004 2218 ait
1014 2157 1048 2219 S.
1061 2158 1090 2218 T
1088 2158 1200 2219 hornus
1210 2171 1230 2235 1,

124 2267 216 2346 quod
242 2265 343 2326 homo
366 2261 798 2351 quibusdamsensibilibus
822 2260 919 2322 rebus
943 2269 1064 2334 utatur,
1088 2259 1229 2321 offerens

125 2389 182 2431 eas
198 2369 272 2428 Deo
289 2368 321 2427 in
337 2367 469 2446 signum
484 2364 605 2426 debitae
623 2363 836 2443 subjedtionis
850 2374 883 2425 et
895 2364 1038 2438 honoris,
1049 2366 1230 2426 secundum

125 2470 378 2533 similitudinem
396 2488 509 2530 eorum
528 2468 584 2554 qui
601 2467 745 2527 dominis
763 2468 829 2527 suis
847 2467 958 2545 aliqua
974 2465 1117 2527 offerunt
1133 2469 1165 2527 in
1183 2488 1230 2528 re-

125 2574 352 2655 cognitionem
377 2571 551 2634 dominii”.
599 2570 701 2649 Cujus
726 2570 770 2629 rei
795 2571 926 2648 signum
952 2579 1001 2630 est
1026 2570 1057 2628 in
1083 2570 1231 2648 qualibet

125 2686 228 2740 aetate
255 2685 289 2737 et
316 2675 404 2755 apud
432 2674 596 2754 quaslibet
625 2673 776 2732 nationes
804 2691 933 2750 semper
960 2670 1059 2730 fuisse
1086 2671 1230 2750 aliquam

126 2777 362 2842 sacrificiorum
375 2776 578 2837 oblationem
591 2797 596 2850 ;
621 2775 709 2855 quod
724 2775 811 2834 enim
825 2773 914 2853 apud
929 2793 1044 2832 omnes
1057 2757 1231 2850 invenitur,

127 2881 278 2945 naturale
301 2901 372 2942 esse
396 2889 542 2960 apparet.
589 2880 763 2958 Quatenus
779 2896 856 2936 vero
878 2875 1123 2936 destructionem
1140 2875 1231 2936 urbii-

126 3008 189 3050 mae
205 2988 371 3066 importat,
388 2981 584 3044 sacrificium
594 2984 676 3062 jure
699 2978 848 3040 rzuluralc'
869 2978 1089 3056 aliquomodo
1102 2979 1231 3056 sunda-

128 3102 202 3162 lun·
224 3108 301 3149 nam
318 3088 419 3148 homo
437 3087 538 3147 vitam
557 3105 650 3147 suam
670 3085 743 3145 Deo
760 3083 875 3160 debet;
892 3083 969 3160 quia
986 3101 1062 3142 vero
1080 3081 1232 3161 regulari-

128 3207 177 3257 ter
195 3213 255 3254 nec
273 3192 348 3254 iicet
366 3211 425 3251 nec
442 3191 580 3270 expedit
597 3190 698 3250 vitam
719 3188 886 3268 propriam
904 3184 1095 3259 sacrificare,
1113 3184 1232 3246 substi-

128 3299 233 3361 tuitur
257 3294 320 3355 alia
340 3295 409 3355 vita
434 3292 483 3352 vel
508 3295 632 3353 entitas
651 3291 785 3380 alterius
803 3291 856 3364 rei,
873 3309 977 3368 eaque
993 3289 1180 3361 destruitur,
1198 3296 1233 3352 ut

127 3397 334 3480 significetur
355 3416 415 3457 nos
439 3397 556 3456 eodem
582 3396 682 3454 modo
706 3395 808 3454 vitam
833 3402 981 3452 nostram
1006 3390 1184 3465 oblaturos
1206 3391 1232 3450 si

128 3504 250 3575 liceret,
266 3501 308 3561 ad
331 3498 579 3578 agnoscendum
606 3495 715 3555 Deum
741 3514 812 3553 esse
834 3495 910 3553 vitae
933 3503 965 3552 et
990 3493 1104 3552 mortis
1121 3489 1232 3552 aueto-

128 3626 205 3668 rem.
254 3603 352 3684 Quod
370 3602 503 3682 quidem
519 3600 624 3678 magis
638 3598 857 3658 necessarium
872 3597 1001 3657 uidetur
1015 3614 1086 3655 esse
1098 3597 1129 3656 in
1144 3604 1232 3656 statu

128 3718 257 3771 naturae
273 3705 383 3786 lapsae,
394 3724 497 3784 quum
512 3712 665 3781 peccator
679 3720 777 3759 omne
789 3699 843 3777 jus
862 3699 902 3758 ad
918 3699 1019 3758 vitam
1037 3699 1232 3758 servandam

128 3810 284 3875 amiserit.
333 3808 421 3868 Hinc
454 3808 554 3867 etiam
586 3805 675 3884 apud
707 3825 822 3865 omnes
855 3804 978 3865 Gentes
1010 3802 1169 3863 sacrificia
1201 3805 1232 3862 in

128 3915 239 3994 aliqua
256 3909 398 3974 vistimae
417 3910 601 3971 mutatione
618 3908 668 3970 vel
686 3905 912 3968 destruetione
929 3905 1163 3967 consistebant.

144 4062 241 4131 1²²3·
278 4060 323 4127 40
348 4048 491 4108 Ratione
515 4046 660 4124 originis,
682 4046 744 4106 tria
767 4054 918 4123 tempora
942 4044 974 4102 in
999 4040 1232 4102 sacrificiorum

127 4153 266 4217 historia
281 4152 485 4231 distinguere
503 4151 597 4211 licet:
622 4147 781 4209 sacrificia
798 4147 877 4225 legis
894 4154 1027 4218 craturae,
1045 4142 1184 4203 rnosaz'ca
1200 4153 1233 4203 et

873 4257 1018 4263 -—-·.
1021 4253 1230 4261 ...μ-..-

161 4302 453 4372 tvmann
