<?xml version="1.0" encoding="UTF-8"?>
<!DOCTYPE html PUBLIC "-//W3C//DTD XHTML 1.0 Transitional//EN"
    "http://www.w3.org/TR/xhtml1/DTD/xhtml1-transitional.dtd">
<html xmlns="http://www.w3.org/1999/xhtml" xml:lang="en" lang="en">
 <head>
  <title>
</title>
<meta http-equiv="Content-Type" content="text/html;charset=utf-8" />
  <meta name='ocr-system' content='tesseract 3.04.00' />
  <meta name='ocr-capabilities' content='ocr_page ocr_carea ocr_par ocr_line ocrx_word'/>
</head>
<body>
  <div class='ocr_page' id='page_1' title='image "./synopsistheolog00tanqgoog_0341.png"; bbox 0 0 2684 4634; ppageno 0'>
   <div class='ocr_carea' id='block_1_1' title="bbox 116 173 765 226">
    <p class='ocr_par' dir='ltr' id='par_1_1' title="bbox 116 173 765 226">
     <span class='ocr_line' id='line_1_1' title="bbox 116 173 765 226; baseline 0.002 -3"><span class='ocrx_word' id='word_1_1' title='bbox 116 173 184 225; x_wconf 82' lang='lat'>320</span> <span class='ocrx_word' id='word_1_2' title='bbox 315 208 317 213; x_wconf 90' lang='lat'>-</span> <span class='ocrx_word' id='word_1_3' title='bbox 563 173 704 226; x_wconf 83' lang='lat' dir='ltr'>CAPUT</span> <span class='ocrx_word' id='word_1_4' title='bbox 721 174 765 224; x_wconf 88' lang='lat'>11.</span> 
     </span>
    </p>
   </div>
   <div class='ocr_carea' id='block_1_2' title="bbox 109 355 1246 4157">
    <p class='ocr_par' dir='ltr' id='par_1_2' title="bbox 109 355 1246 3951">
     <span class='ocr_line' id='line_1_2' title="bbox 117 355 1212 439; baseline 0 -20"><span class='ocrx_word' id='word_1_5' title='bbox 117 357 276 438; x_wconf 68' lang='lat' dir='ltr'>explicita</span> <span class='ocrx_word' id='word_1_6' title='bbox 299 367 356 420; x_wconf 87' lang='lat' dir='ltr'>aut</span> <span class='ocrx_word' id='word_1_7' title='bbox 381 355 540 438; x_wconf 71' lang='lat' dir='ltr'>implicita</span> <span class='ocrx_word' id='word_1_8' title='bbox 563 358 726 420; x_wconf 85' lang='lat' dir='ltr'>daemonis</span> <span class='ocrx_word' id='word_1_9' title='bbox 749 357 971 434; x_wconf 89' lang='lat' dir='ltr'>invocatione,</span> <span class='ocrx_word' id='word_1_10' title='bbox 987 378 1070 421; x_wconf 94' lang='lat' dir='ltr'>usus</span> <span class='ocrx_word' id='word_1_11' title='bbox 1086 377 1212 439; x_wconf 86' lang='lat' dir='ltr'>magne·</span> 
     </span>
     <span class='ocr_line' id='line_1_3' title="bbox 117 459 1210 543; baseline 0.001 -22"><span class='ocrx_word' id='word_1_12' title='bbox 117 460 215 533; x_wconf 91' lang='lat' dir='ltr'>tismi,</span> <span class='ocrx_word' id='word_1_13' title='bbox 232 481 360 541; x_wconf 88' lang='lat' dir='ltr'>nempe,</span> <span class='ocrx_word' id='word_1_14' title='bbox 377 480 485 522; x_wconf 91' lang='lat' dir='ltr'>merus</span> <span class='ocrx_word' id='word_1_15' title='bbox 501 459 594 524; x_wconf 69' lang='lat' dir='ltr'>aetus</span> <span class='ocrx_word' id='word_1_16' title='bbox 611 461 790 524; x_wconf 91' lang='lat' dir='ltr'>adhibendi</span> <span class='ocrx_word' id='word_1_17' title='bbox 808 462 918 525; x_wconf 92' lang='lat' dir='ltr'>media</span> <span class='ocrx_word' id='word_1_18' title='bbox 933 461 1078 543; x_wconf 90' lang='lat' dir='ltr'>physica</span> <span class='ocrx_word' id='word_1_19' title='bbox 1089 461 1210 523; x_wconf 87' lang='lat' dir='ltr'>aliunde</span> 
     </span>
     <span class='ocr_line' id='line_1_4' title="bbox 118 562 1207 640; baseline 0 -16"><span class='ocrx_word' id='word_1_20' title='bbox 118 563 216 638; x_wconf 89' lang='lat' dir='ltr'>licita,</span> <span class='ocrx_word' id='word_1_21' title='bbox 233 583 298 624; x_wconf 93' lang='lat' dir='ltr'>non</span> <span class='ocrx_word' id='word_1_22' title='bbox 323 574 374 626; x_wconf 93' lang='lat' dir='ltr'>est</span> <span class='ocrx_word' id='word_1_23' title='bbox 396 563 563 626; x_wconf 81' lang='lat' dir='ltr'>moraliter</span> <span class='ocrx_word' id='word_1_24' title='bbox 587 566 718 640; x_wconf 78' lang='lat' dir='ltr'>vetituS,</span> <span class='ocrx_word' id='word_1_25' title='bbox 732 564 917 627; x_wconf 92' lang='lat' dir='ltr'>dummodo</span> <span class='ocrx_word' id='word_1_26' title='bbox 942 584 1010 627; x_wconf 92' lang='lat' dir='ltr'>non</span> <span class='ocrx_word' id='word_1_27' title='bbox 1038 565 1155 628; x_wconf 90' lang='lat' dir='ltr'>tendat</span> <span class='ocrx_word' id='word_1_28' title='bbox 1175 562 1207 625; x_wconf 93' lang='lat' dir='ltr'>ad</span> 
     </span>
     <span class='ocr_line' id='line_1_5' title="bbox 118 665 1206 749; baseline 0.002 -23"><span class='ocrx_word' id='word_1_29' title='bbox 118 665 217 728; x_wconf 90' lang='lat' dir='ltr'>finem</span> <span class='ocrx_word' id='word_1_30' title='bbox 235 666 395 742; x_wconf 92' lang='lat' dir='ltr'>illicitum,</span> <span class='ocrx_word' id='word_1_31' title='bbox 411 676 470 729; x_wconf 92' lang='lat' dir='ltr'>aut</span> <span class='ocrx_word' id='word_1_32' title='bbox 485 667 738 748; x_wconf 84' lang='lat' dir='ltr'>quomodolibet</span> <span class='ocrx_word' id='word_1_33' title='bbox 754 687 901 749; x_wconf 89' lang='lat' dir='ltr'>pravum.</span> <span class='ocrx_word' id='word_1_34' title='bbox 949 666 1147 748; x_wconf 87' lang='lat' dir='ltr'>Applicatio</span> <span class='ocrx_word' id='word_1_35' title='bbox 1161 687 1206 728; x_wconf 89' lang='lat' dir='ltr'>au·</span> 
     </span>
     <span class='ocr_line' id='line_1_6' title="bbox 118 769 1206 854; baseline 0.001 -24"><span class='ocrx_word' id='word_1_36' title='bbox 118 780 185 830; x_wconf 92' lang='lat' dir='ltr'>tem</span> <span class='ocrx_word' id='word_1_37' title='bbox 203 769 450 850; x_wconf 86' lang='lat' dir='ltr'>principiorum,</span> <span class='ocrx_word' id='word_1_38' title='bbox 465 780 498 832; x_wconf 91' lang='lat' dir='ltr'>et</span> <span class='ocrx_word' id='word_1_39' title='bbox 515 771 699 832; x_wconf 93' lang='lat' dir='ltr'>mediorum</span> <span class='ocrx_word' id='word_1_40' title='bbox 717 791 797 852; x_wconf 90' lang='lat' dir='ltr'>pure</span> <span class='ocrx_word' id='word_1_41' title='bbox 813 771 1028 854; x_wconf 89' lang='lat' dir='ltr'>physicorum</span> <span class='ocrx_word' id='word_1_42' title='bbox 1046 772 1090 834; x_wconf 90' lang='lat' dir='ltr'>ad</span> <span class='ocrx_word' id='word_1_43' title='bbox 1112 790 1169 845; x_wconf 90' lang='lat' dir='ltr'>res,</span> <span class='ocrx_word' id='word_1_44' title='bbox 1182 779 1206 831; x_wconf 88' lang='lat' dir='ltr'>et</span> 
     </span>
     <span class='ocr_line' id='line_1_7' title="bbox 118 873 1205 955; baseline -0.001 -21"><span class='ocrx_word' id='word_1_45' title='bbox 118 873 246 953; x_wconf 67' lang='lat' dir='ltr'>effeetus</span> <span class='ocrx_word' id='word_1_46' title='bbox 261 894 333 936; x_wconf 84' lang='lat' dir='ltr'>vere</span> <span class='ocrx_word' id='word_1_47' title='bbox 347 873 616 954; x_wconf 73' lang='lat' dir='ltr'>supernaturales,</span> <span class='ocrx_word' id='word_1_48' title='bbox 631 884 668 936; x_wconf 93' lang='lat' dir='ltr'>ut</span> <span class='ocrx_word' id='word_1_49' title='bbox 683 873 820 955; x_wconf 87' lang='lat' dir='ltr'>physice</span> <span class='ocrx_word' id='word_1_50' title='bbox 842 873 1065 954; x_wconf 82' lang='lat' dir='ltr'>explicentur,</span> <span class='ocrx_word' id='word_1_51' title='bbox 1080 894 1146 935; x_wconf 93' lang='lat' dir='ltr'>non</span> <span class='ocrx_word' id='word_1_52' title='bbox 1167 882 1205 934; x_wconf 88' lang='lat' dir='ltr'>est</span> 
     </span>
     <span class='ocr_line' id='line_1_8' title="bbox 119 975 1203 1058; baseline -0.001 -21"><span class='ocrx_word' id='word_1_53' title='bbox 119 978 181 1038; x_wconf 92' lang='lat' dir='ltr'>nisi</span> <span class='ocrx_word' id='word_1_54' title='bbox 197 977 351 1057; x_wconf 81' lang='lat' dir='ltr'>deceptio</span> <span class='ocrx_word' id='word_1_55' title='bbox 366 978 503 1038; x_wconf 92' lang='lat' dir='ltr'>omnino</span> <span class='ocrx_word' id='word_1_56' title='bbox 520 977 643 1052; x_wconf 88' lang='lat' dir='ltr'>illicita,</span> <span class='ocrx_word' id='word_1_57' title='bbox 658 986 692 1039; x_wconf 93' lang='lat' dir='ltr'>et</span> <span class='ocrx_word' id='word_1_58' title='bbox 712 977 939 1040; x_wconf 82' lang='lat' dir='ltr'>haereticalis”</span> <span class='ocrx_word' id='word_1_59' title='bbox 986 975 1074 1058; x_wconf 84' lang='lat' dir='ltr'>Quae</span> <span class='ocrx_word' id='word_1_60' title='bbox 1097 977 1203 1039; x_wconf 89' lang='lat' dir='ltr'>decisio</span> 
     </span>
     <span class='ocr_line' id='line_1_9' title="bbox 120 1080 1201 1161; baseline -0.004 -19"><span class='ocrx_word' id='word_1_61' title='bbox 120 1083 160 1142; x_wconf 86' lang='lat'>28</span> <span class='ocrx_word' id='word_1_62' title='bbox 174 1080 231 1160; x_wconf 82' lang='lat' dir='ltr'>jul.</span> <span class='ocrx_word' id='word_1_63' title='bbox 252 1082 332 1158; x_wconf 83' lang='lat'>1847</span> <span class='ocrx_word' id='word_1_64' title='bbox 349 1088 506 1142; x_wconf 90' lang='lat' dir='ltr'>renovata</span> <span class='ocrx_word' id='word_1_65' title='bbox 523 1080 592 1143; x_wconf 86' lang='lat' dir='ltr'>suit.</span> <span class='ocrx_word' id='word_1_66' title='bbox 640 1081 695 1142; x_wconf 89' lang='lat' dir='ltr'>Ex</span> <span class='ocrx_word' id='word_1_67' title='bbox 710 1083 884 1161; x_wconf 77' lang='lat' dir='ltr'>quo&#39;patet</span> <span class='ocrx_word' id='word_1_68' title='bbox 904 1099 971 1141; x_wconf 95' lang='lat' dir='ltr'>non</span> <span class='ocrx_word' id='word_1_69' title='bbox 994 1099 1132 1141; x_wconf 89' lang='lat' dir='ltr'>omnem</span> <span class='ocrx_word' id='word_1_70' title='bbox 1150 1097 1201 1139; x_wconf 86' lang='lat' dir='ltr'>ma·</span> 
     </span>
     <span class='ocr_line' id='line_1_10' title="bbox 119 1180 1201 1264; baseline -0.006 -18"><span class='ocrx_word' id='word_1_71' title='bbox 119 1183 275 1264; x_wconf 91' lang='lat' dir='ltr'>gnetismi</span> <span class='ocrx_word' id='word_1_72' title='bbox 300 1183 403 1263; x_wconf 87' lang='lat' dir='ltr'>(idem</span> <span class='ocrx_word' id='word_1_73' title='bbox 425 1183 477 1244; x_wconf 93' lang='lat' dir='ltr'>dic</span> <span class='ocrx_word' id='word_1_74' title='bbox 503 1185 545 1245; x_wconf 92' lang='lat' dir='ltr'>de</span> <span class='ocrx_word' id='word_1_75' title='bbox 569 1182 801 1264; x_wconf 90' lang='lat' dir='ltr'>hypnotismo)</span> <span class='ocrx_word' id='word_1_76' title='bbox 824 1183 969 1264; x_wconf 90' lang='lat' dir='ltr'>speciem</span> <span class='ocrx_word' id='word_1_77' title='bbox 995 1180 1201 1253; x_wconf 89' lang='lat' dir='ltr'>condemnari,</span> 
     </span>
     <span class='ocr_line' id='line_1_11' title="bbox 120 1284 1200 1367; baseline -0.004 -20"><span class='ocrx_word' id='word_1_78' title='bbox 120 1286 177 1347; x_wconf 90' lang='lat' dir='ltr'>sed</span> <span class='ocrx_word' id='word_1_79' title='bbox 208 1286 315 1347; x_wconf 94' lang='lat' dir='ltr'>solum</span> <span class='ocrx_word' id='word_1_80' title='bbox 346 1305 419 1346; x_wconf 91' lang='lat' dir='ltr'>eam</span> <span class='ocrx_word' id='word_1_81' title='bbox 450 1288 517 1365; x_wconf 75' lang='lat' dir='ltr'>qua</span> <span class='ocrx_word' id='word_1_82' title='bbox 546 1284 684 1349; x_wconf 75' lang='lat' dir='ltr'>efiedtus</span> <span class='ocrx_word' id='word_1_83' title='bbox 714 1306 786 1348; x_wconf 85' lang='lat' dir='ltr'>uere</span> <span class='ocrx_word' id='word_1_84' title='bbox 813 1286 1077 1367; x_wconf 77' lang='lat' dir='ltr'>supernaturales</span> <span class='ocrx_word' id='word_1_85' title='bbox 1101 1302 1200 1364; x_wconf 90' lang='lat' dir='ltr'>exspe-</span> 
     </span>
     <span class='ocr_line' id='line_1_12' title="bbox 121 1385 1246 1469; baseline -0.006 -18"><span class='ocrx_word' id='word_1_86' title='bbox 121 1387 258 1451; x_wconf 73' lang='lat' dir='ltr'>&amp;antur</span> <span class='ocrx_word' id='word_1_87' title='bbox 311 1388 457 1469; x_wconf 85' lang='lat' dir='ltr'>Quinam</span> <span class='ocrx_word' id='word_1_88' title='bbox 474 1409 551 1450; x_wconf 92' lang='lat' dir='ltr'>vero</span> <span class='ocrx_word' id='word_1_89' title='bbox 567 1389 633 1450; x_wconf 91' lang='lat' dir='ltr'>sint</span> <span class='ocrx_word' id='word_1_90' title='bbox 649 1388 696 1449; x_wconf 94' lang='lat' dir='ltr'>illi</span> <span class='ocrx_word' id='word_1_91' title='bbox 719 1385 855 1450; x_wconf 69' lang='lat' dir='ltr'>effeetus</span> <span class='ocrx_word' id='word_1_92' title='bbox 880 1387 1146 1469; x_wconf 84' lang='lat' dir='ltr'>supernaturales</span> <span class='ocrx_word' id='word_1_93' title='bbox 1159 1385 1199 1446; x_wconf 87' lang='lat' dir='ltr'>de·</span> <span class='ocrx_word' id='word_1_94' title='bbox 1244 1452 1246 1463; x_wconf 37' lang='grc' dir='ltr'>Ι</span> 
     </span>
     <span class='ocr_line' id='line_1_13' title="bbox 120 1489 1198 1574; baseline -0.003 -21"><span class='ocrx_word' id='word_1_95' title='bbox 120 1492 263 1553; x_wconf 89' lang='lat' dir='ltr'>claratur</span> <span class='ocrx_word' id='word_1_96' title='bbox 278 1491 311 1553; x_wconf 94' lang='lat' dir='ltr'>in</span> <span class='ocrx_word' id='word_1_97' title='bbox 329 1491 507 1572; x_wconf 71' lang='lat' dir='ltr'>Encyclica</span> <span class='ocrx_word' id='word_1_98' title='bbox 526 1490 560 1554; x_wconf 83' lang='lat' dir='ltr'>S.</span> <span class='ocrx_word' id='word_1_99' title='bbox 580 1491 692 1574; x_wconf 83' lang='lat' dir='ltr'>Officii,</span> <span class='ocrx_word' id='word_1_100' title='bbox 703 1491 783 1554; x_wconf 67' lang='lat' dir='ltr'>ferit</span> <span class='ocrx_word' id='word_1_101' title='bbox 794 1500 830 1569; x_wconf 68' lang='grc' dir='ltr'>4ὃ</span> <span class='ocrx_word' id='word_1_102' title='bbox 840 1491 894 1554; x_wconf 91' lang='lat' dir='ltr'>die</span> <span class='ocrx_word' id='word_1_103' title='bbox 908 1507 949 1570; x_wconf 84' lang='lat'>30</span> <span class='ocrx_word' id='word_1_104' title='bbox 962 1490 1019 1571; x_wconf 91' lang='lat' dir='ltr'>jul.</span> <span class='ocrx_word' id='word_1_105' title='bbox 1038 1491 1119 1569; x_wconf 84' lang='lat'>1856</span> <span class='ocrx_word' id='word_1_106' title='bbox 1129 1489 1198 1552; x_wconf 75' lang='lat' dir='ltr'>editt</span> 
     </span>
     <span class='ocr_line' id='line_1_14' title="bbox 109 1591 1198 1676; baseline -0.006 -20"><span class='ocrx_word' id='word_1_107' title='bbox 109 1604 153 1670; x_wconf 58' lang='lat' dir='ltr'>‚et</span> <span class='ocrx_word' id='word_1_108' title='bbox 174 1593 215 1657; x_wconf 90' lang='lat' dir='ltr'>ad</span> <span class='ocrx_word' id='word_1_109' title='bbox 240 1610 356 1656; x_wconf 88' lang='lat' dir='ltr'>omnes</span> <span class='ocrx_word' id='word_1_110' title='bbox 380 1594 565 1675; x_wconf 90' lang='lat' dir='ltr'>Episcopos</span> <span class='ocrx_word' id='word_1_111' title='bbox 589 1595 708 1656; x_wconf 75' lang='lat' dir='ltr'>missa:</span> <span class='ocrx_word' id='word_1_112' title='bbox 734 1593 963 1676; x_wconf 83' lang='lat' dir='ltr'>“Quanquam</span> <span class='ocrx_word' id='word_1_113' title='bbox 987 1593 1132 1675; x_wconf 87' lang='lat' dir='ltr'>generali</span> <span class='ocrx_word' id='word_1_114' title='bbox 1153 1591 1198 1652; x_wconf 88' lang='lat' dir='ltr'>hoc</span> 
     </span>
     <span class='ocr_line' id='line_1_15' title="bbox 121 1697 1199 1778; baseline -0.008 -17"><span class='ocrx_word' id='word_1_115' title='bbox 121 1701 254 1762; x_wconf 91' lang='lat' dir='ltr'>decreto</span> <span class='ocrx_word' id='word_1_116' title='bbox 280 1698 360 1760; x_wconf 89' lang='lat' dir='ltr'>satis</span> <span class='ocrx_word' id='word_1_117' title='bbox 383 1699 570 1778; x_wconf 90' lang='lat' dir='ltr'>explicetur</span> <span class='ocrx_word' id='word_1_118' title='bbox 593 1698 730 1761; x_wconf 91' lang='lat' dir='ltr'>licitudo</span> <span class='ocrx_word' id='word_1_119' title='bbox 753 1708 810 1761; x_wconf 91' lang='lat' dir='ltr'>aut</span> <span class='ocrx_word' id='word_1_120' title='bbox 833 1697 995 1760; x_wconf 92' lang='lat' dir='ltr'>illicitudo</span> <span class='ocrx_word' id='word_1_121' title='bbox 1017 1697 1051 1757; x_wconf 92' lang='lat' dir='ltr'>in</span> <span class='ocrx_word' id='word_1_122' title='bbox 1076 1716 1135 1758; x_wconf 93' lang='lat' dir='ltr'>usu</span> <span class='ocrx_word' id='word_1_123' title='bbox 1158 1698 1199 1756; x_wconf 87' lang='lat' dir='ltr'>aut</span> 
     </span>
     <span class='ocr_line' id='line_1_16' title="bbox 121 1800 1200 1882; baseline -0.007 -17"><span class='ocrx_word' id='word_1_124' title='bbox 121 1804 225 1865; x_wconf 88' lang='lat' dir='ltr'>abusu</span> <span class='ocrx_word' id='word_1_125' title='bbox 243 1803 468 1882; x_wconf 81' lang='lat' dir='ltr'>magnetismi3</span> <span class='ocrx_word' id='word_1_126' title='bbox 495 1811 606 1864; x_wconf 86' lang='lat' dir='ltr'>tamen</span> <span class='ocrx_word' id='word_1_127' title='bbox 624 1803 708 1863; x_wconf 92' lang='lat' dir='ltr'>adeo</span> <span class='ocrx_word' id='word_1_128' title='bbox 724 1803 827 1865; x_wconf 90' lang='lat' dir='ltr'>crevit</span> <span class='ocrx_word' id='word_1_129' title='bbox 841 1801 1015 1864; x_wconf 93' lang='lat' dir='ltr'>hominum</span> <span class='ocrx_word' id='word_1_130' title='bbox 1034 1800 1164 1874; x_wconf 87' lang='lat' dir='ltr'>malitia,</span> <span class='ocrx_word' id='word_1_131' title='bbox 1174 1802 1200 1856; x_wconf 88' lang='lat' dir='ltr'>ut</span> 
     </span>
     <span class='ocr_line' id='line_1_17' title="bbox 122 1902 1199 1987; baseline -0.007 -20"><span class='ocrx_word' id='word_1_132' title='bbox 122 1903 274 1987; x_wconf 75' lang='lat' dir='ltr'>negledto</span> <span class='ocrx_word' id='word_1_133' title='bbox 290 1906 380 1968; x_wconf 91' lang='lat' dir='ltr'>licito</span> <span class='ocrx_word' id='word_1_134' title='bbox 396 1905 507 1967; x_wconf 93' lang='lat' dir='ltr'>studio</span> <span class='ocrx_word' id='word_1_135' title='bbox 523 1905 681 1979; x_wconf 84' lang='lat' dir='ltr'>scientiae,</span> <span class='ocrx_word' id='word_1_136' title='bbox 696 1905 808 1986; x_wconf 90' lang='lat' dir='ltr'>potius</span> <span class='ocrx_word' id='word_1_137' title='bbox 825 1905 954 1967; x_wconf 90' lang='lat' dir='ltr'>curiosa</span> <span class='ocrx_word' id='word_1_138' title='bbox 969 1902 1134 1967; x_wconf 71' lang='lat' dir='ltr'>sedtantes</span> <span class='ocrx_word' id='word_1_139' title='bbox 1149 1917 1199 1962; x_wconf 85' lang='lat' dir='ltr'>ma-</span> 
     </span>
     <span class='ocr_line' id='line_1_18' title="bbox 122 1999 1200 2090; baseline -0.009 -19"><span class='ocrx_word' id='word_1_140' title='bbox 122 2013 188 2090; x_wconf 75' lang='lat' dir='ltr'>gna</span> <span class='ocrx_word' id='word_1_141' title='bbox 203 2029 278 2071; x_wconf 92' lang='lat' dir='ltr'>cum</span> <span class='ocrx_word' id='word_1_142' title='bbox 295 2009 479 2070; x_wconf 90' lang='lat' dir='ltr'>animarum</span> <span class='ocrx_word' id='word_1_143' title='bbox 493 2006 631 2088; x_wconf 66' lang='lat' dir='ltr'>jactura,</span> <span class='ocrx_word' id='word_1_144' title='bbox 644 2009 812 2089; x_wconf 87' lang='lat' dir='ltr'>ipsiusque</span> <span class='ocrx_word' id='word_1_145' title='bbox 824 2007 927 2070; x_wconf 91' lang='lat' dir='ltr'>civilis</span> <span class='ocrx_word' id='word_1_146' title='bbox 939 2006 1110 2069; x_wconf 87' lang='lat' dir='ltr'>societatis</span> <span class='ocrx_word' id='word_1_147' title='bbox 1121 1999 1200 2067; x_wconf 89' lang='lat' dir='ltr'>detri-</span> 
     </span>
     <span class='ocr_line' id='line_1_19' title="bbox 123 2111 1200 2194; baseline -0.007 -19"><span class='ocrx_word' id='word_1_148' title='bbox 123 2123 245 2188; x_wconf 90' lang='lat' dir='ltr'>mento,</span> <span class='ocrx_word' id='word_1_149' title='bbox 261 2113 431 2187; x_wconf 88' lang='lat' dir='ltr'>ariolandi,</span> <span class='ocrx_word' id='word_1_150' title='bbox 446 2112 684 2192; x_wconf 89' lang='lat' dir='ltr'>divinandique</span> <span class='ocrx_word' id='word_1_151' title='bbox 700 2113 899 2194; x_wconf 90' lang='lat' dir='ltr'>principium</span> <span class='ocrx_word' id='word_1_152' title='bbox 923 2111 1097 2192; x_wconf 89' lang='lat' dir='ltr'>quoddam</span> <span class='ocrx_word' id='word_1_153' title='bbox 1113 2129 1146 2171; x_wconf 93' lang='lat' dir='ltr'>se</span> <span class='ocrx_word' id='word_1_154' title='bbox 1160 2124 1200 2169; x_wconf 85' lang='lat' dir='ltr'>na·</span> 
     </span>
     <span class='ocr_line' id='line_1_20' title="bbox 121 2204 1201 2297; baseline -0.006 -19"><span class='ocrx_word' id='word_1_155' title='bbox 121 2213 193 2278; x_wconf 74' lang='lat' dir='ltr'>&amp;os</span> <span class='ocrx_word' id='word_1_156' title='bbox 209 2217 397 2297; x_wconf 87' lang='lat' dir='ltr'>glorientur.</span> <span class='ocrx_word' id='word_1_157' title='bbox 446 2216 534 2276; x_wconf 92' lang='lat' dir='ltr'>Hinc</span> <span class='ocrx_word' id='word_1_158' title='bbox 557 2215 839 2279; x_wconf 84' lang='lat' dir='ltr'>sornnarnbulismi</span> <span class='ocrx_word' id='word_1_159' title='bbox 852 2224 886 2278; x_wconf 91' lang='lat' dir='ltr'>et</span> <span class='ocrx_word' id='word_1_160' title='bbox 901 2216 997 2277; x_wconf 76' lang='lat' dir='ltr'>clara</span> <span class='ocrx_word' id='word_1_161' title='bbox 1012 2213 1155 2288; x_wconf 84' lang='lat' dir='ltr'>ursionis,</span> <span class='ocrx_word' id='word_1_162' title='bbox 1169 2204 1201 2271; x_wconf 79' lang='lat' dir='ltr'>uti</span> 
     </span>
     <span class='ocr_line' id='line_1_21' title="bbox 122 2315 1203 2398; baseline -0.003 -19"><span class='ocrx_word' id='word_1_163' title='bbox 122 2327 252 2391; x_wconf 90' lang='lat' dir='ltr'>vocant,</span> <span class='ocrx_word' id='word_1_164' title='bbox 260 2316 441 2398; x_wconf 61' lang='lat' dir='ltr'>praesagiis</span> <span class='ocrx_word' id='word_1_165' title='bbox 456 2317 665 2392; x_wconf 85' lang='lat' dir='ltr'>mulierculae,</span> <span class='ocrx_word' id='word_1_166' title='bbox 680 2315 991 2397; x_wconf 85' lang='lat' dir='ltr'>gesticulationibus</span> <span class='ocrx_word' id='word_1_167' title='bbox 1006 2335 1075 2377; x_wconf 92' lang='lat' dir='ltr'>non</span> <span class='ocrx_word' id='word_1_168' title='bbox 1091 2325 1203 2394; x_wconf 76' lang='lat' dir='ltr'>semper</span> 
     </span>
     <span class='ocr_line' id='line_1_22' title="bbox 123 2418 1203 2500; baseline 0.002 -19"><span class='ocrx_word' id='word_1_169' title='bbox 123 2421 315 2482; x_wconf 86' lang='lat' dir='ltr'>verecundis</span> <span class='ocrx_word' id='word_1_170' title='bbox 326 2420 521 2500; x_wconf 82' lang='lat' dir='ltr'>abreptae,se</span> <span class='ocrx_word' id='word_1_171' title='bbox 531 2419 713 2482; x_wconf 74' lang='lat' dir='ltr'>invisibilia</span> <span class='ocrx_word' id='word_1_172' title='bbox 723 2439 866 2500; x_wconf 84' lang='lat' dir='ltr'>quaeque</span> <span class='ocrx_word' id='word_1_173' title='bbox 875 2419 1049 2499; x_wconf 82' lang='lat' dir='ltr'>conspicere</span> <span class='ocrx_word' id='word_1_174' title='bbox 1058 2418 1203 2483; x_wconf 74' lang='lat' dir='ltr'>effutiunt,</span> 
     </span>
     <span class='ocr_line' id='line_1_23' title="bbox 122 2521 1204 2604; baseline -0.011 -20"><span class='ocrx_word' id='word_1_175' title='bbox 122 2544 160 2584; x_wconf 91' lang='lat' dir='ltr'>ac</span> <span class='ocrx_word' id='word_1_176' title='bbox 177 2525 218 2585; x_wconf 92' lang='lat' dir='ltr'>de</span> <span class='ocrx_word' id='word_1_177' title='bbox 234 2524 305 2604; x_wconf 75' lang='lat' dir='ltr'>ipsa</span> <span class='ocrx_word' id='word_1_178' title='bbox 322 2522 479 2603; x_wconf 83' lang='lat' dir='ltr'>religione</span> <span class='ocrx_word' id='word_1_179' title='bbox 495 2542 663 2583; x_wconf 90' lang='lat' dir='ltr'>sermones</span> <span class='ocrx_word' id='word_1_180' title='bbox 679 2522 860 2594; x_wconf 85' lang='lat' dir='ltr'>instituere,</span> <span class='ocrx_word' id='word_1_181' title='bbox 874 2521 1006 2583; x_wconf 82' lang='lat' dir='ltr'>animas</span> <span class='ocrx_word' id='word_1_182' title='bbox 1021 2529 1204 2584; x_wconf 74' lang='lat' dir='ltr'>retertuerurn</span> 
     </span>
     <span class='ocr_line' id='line_1_24' title="bbox 122 2622 1204 2706; baseline -0.001 -18"><span class='ocrx_word' id='word_1_183' title='bbox 122 2647 256 2701; x_wconf 69' lang='lat' dir='ltr'>uterere,</span> <span class='ocrx_word' id='word_1_184' title='bbox 284 2645 442 2706; x_wconf 90' lang='lat' dir='ltr'>responsa</span> <span class='ocrx_word' id='word_1_185' title='bbox 469 2625 626 2706; x_wconf 90' lang='lat' dir='ltr'>accipere,</span> <span class='ocrx_word' id='word_1_186' title='bbox 653 2625 771 2705; x_wconf 78' lang='lat' dir='ltr'>ignota,</span> <span class='ocrx_word' id='word_1_187' title='bbox 797 2645 836 2687; x_wconf 88' lang='lat' dir='ltr'>ac</span> <span class='ocrx_word' id='word_1_188' title='bbox 865 2622 1044 2704; x_wconf 83' lang='lat' dir='ltr'>longinqua</span> <span class='ocrx_word' id='word_1_189' title='bbox 1073 2624 1204 2702; x_wconf 76' lang='lat' dir='ltr'>detegar.</span> 
     </span>
     <span class='ocr_line' id='line_1_25' title="bbox 123 2714 1204 2810; baseline -0.01 -17"><span class='ocrx_word' id='word_1_190' title='bbox 123 2731 254 2810; x_wconf 89' lang='lat' dir='ltr'>aliaque</span> <span class='ocrx_word' id='word_1_191' title='bbox 270 2728 301 2789; x_wconf 93' lang='lat' dir='ltr'>id</span> <span class='ocrx_word' id='word_1_192' title='bbox 319 2748 423 2808; x_wconf 89' lang='lat' dir='ltr'>genus</span> <span class='ocrx_word' id='word_1_193' title='bbox 439 2714 661 2807; x_wconf 79' lang='lat' dir='ltr'>superstitiosa</span> <span class='ocrx_word' id='word_1_194' title='bbox 677 2746 831 2788; x_wconf 88' lang='lat' dir='ltr'>exercere</span> <span class='ocrx_word' id='word_1_195' title='bbox 847 2745 928 2788; x_wconf 88' lang='lat' dir='ltr'>ausu</span> <span class='ocrx_word' id='word_1_196' title='bbox 944 2725 1116 2787; x_wconf 82' lang='lat' dir='ltr'>temeraria</span> <span class='ocrx_word' id='word_1_197' title='bbox 1138 2739 1204 2805; x_wconf 76' lang='lat' dir='ltr'>pru·</span> 
     </span>
     <span class='ocr_line' id='line_1_26' title="bbox 123 2829 1205 2910; baseline -0.008 -16"><span class='ocrx_word' id='word_1_198' title='bbox 123 2842 267 2896; x_wconf 91' lang='lat' dir='ltr'>sumunt.</span> <span class='ocrx_word' id='word_1_199' title='bbox 315 2832 352 2893; x_wconf 92' lang='lat' dir='ltr'>ln</span> <span class='ocrx_word' id='word_1_200' title='bbox 384 2831 474 2892; x_wconf 89' lang='lat' dir='ltr'>hisce</span> <span class='ocrx_word' id='word_1_201' title='bbox 504 2830 666 2905; x_wconf 79' lang='lat' dir='ltr'>omnibuS,</span> <span class='ocrx_word' id='word_1_202' title='bbox 693 2834 890 2910; x_wconf 74' lang='lat' dir='ltr'>quacunque</span> <span class='ocrx_word' id='word_1_203' title='bbox 919 2829 1055 2890; x_wconf 91' lang='lat' dir='ltr'>demum</span> <span class='ocrx_word' id='word_1_204' title='bbox 1086 2835 1205 2890; x_wconf 87' lang='lat' dir='ltr'>utantur</span> 
     </span>
     <span class='ocr_line' id='line_1_27' title="bbox 123 2927 1204 3011; baseline -0.011 -11"><span class='ocrx_word' id='word_1_205' title='bbox 123 2947 202 3010; x_wconf 89' lang='lat' dir='ltr'>arte,</span> <span class='ocrx_word' id='word_1_206' title='bbox 218 2936 268 2997; x_wconf 93' lang='lat' dir='ltr'>vel</span> <span class='ocrx_word' id='word_1_207' title='bbox 286 2934 445 3009; x_wconf 91' lang='lat' dir='ltr'>illusione,</span> <span class='ocrx_word' id='word_1_208' title='bbox 460 2955 531 2994; x_wconf 84' lang='lat' dir='ltr'>curn</span> <span class='ocrx_word' id='word_1_209' title='bbox 547 2933 740 2994; x_wconf 77' lang='lat' dir='ltr'>ordinentur</span> <span class='ocrx_word' id='word_1_210' title='bbox 753 2932 860 2994; x_wconf 80' lang='lat' dir='ltr'>medea</span> <span class='ocrx_word' id='word_1_211' title='bbox 867 2931 1004 3011; x_wconf 75' lang='lat' dir='ltr'>physica</span> <span class='ocrx_word' id='word_1_212' title='bbox 1018 2932 1062 2994; x_wconf 90' lang='lat' dir='ltr'>ad</span> <span class='ocrx_word' id='word_1_213' title='bbox 1084 2927 1204 2992; x_wconf 69' lang='lat' dir='ltr'>effeetus</span> 
     </span>
     <span class='ocr_line' id='line_1_28' title="bbox 124 3032 1205 3117; baseline -0.01 -17"><span class='ocrx_word' id='word_1_214' title='bbox 124 3061 185 3102; x_wconf 87' lang='lat' dir='ltr'>nan</span> <span class='ocrx_word' id='word_1_215' title='bbox 202 3039 373 3112; x_wconf 79' lang='lat' dir='ltr'>naturales,</span> <span class='ocrx_word' id='word_1_216' title='bbox 390 3038 548 3117; x_wconf 89' lang='lat' dir='ltr'>repetitur</span> <span class='ocrx_word' id='word_1_217' title='bbox 563 3036 697 3116; x_wconf 80' lang='lat' dir='ltr'>deceptio</span> <span class='ocrx_word' id='word_1_218' title='bbox 713 3037 849 3097; x_wconf 94' lang='lat' dir='ltr'>omnino</span> <span class='ocrx_word' id='word_1_219' title='bbox 865 3035 988 3109; x_wconf 82' lang='lat' dir='ltr'>illicita,</span> <span class='ocrx_word' id='word_1_220' title='bbox 1004 3043 1037 3103; x_wconf 89' lang='lat' dir='ltr'>et</span> <span class='ocrx_word' id='word_1_221' title='bbox 1060 3032 1205 3096; x_wconf 75' lang='lat' dir='ltr'>heretica·</span> 
     </span>
     <span class='ocr_line' id='line_1_29' title="bbox 123 3135 1205 3220; baseline -0.009 -15"><span class='ocrx_word' id='word_1_222' title='bbox 123 3144 173 3220; x_wconf 85' lang='lat' dir='ltr'>lr&#39;s,</span> <span class='ocrx_word' id='word_1_223' title='bbox 189 3152 221 3204; x_wconf 90' lang='lat' dir='ltr'>et</span> <span class='ocrx_word' id='word_1_224' title='bbox 236 3141 424 3203; x_wconf 79' lang='lat' dir='ltr'>scandalunt</span> <span class='ocrx_word' id='word_1_225' title='bbox 441 3150 556 3202; x_wconf 91' lang='lat' dir='ltr'>contra</span> <span class='ocrx_word' id='word_1_226' title='bbox 572 3139 782 3201; x_wconf 90' lang='lat' dir='ltr'>honestatem</span> <span class='ocrx_word' id='word_1_227' title='bbox 800 3138 978 3200; x_wconf 85' lang='lat' dir='ltr'>morum’&#39;1.</span> <span class='ocrx_word' id='word_1_228' title='bbox 1026 3137 1083 3198; x_wconf 89' lang='lat' dir='ltr'>Ex</span> <span class='ocrx_word' id='word_1_229' title='bbox 1101 3135 1205 3218; x_wconf 85' lang='lat' dir='ltr'>quibus</span> 
     </span>
     <span class='ocr_line' id='line_1_30' title="bbox 123 3222 1246 3328; baseline -0.01 -20"><span class='ocrx_word' id='word_1_230' title='bbox 123 3249 270 3328; x_wconf 87' lang='lat' dir='ltr'>sequitur</span> <span class='ocrx_word' id='word_1_231' title='bbox 301 3245 468 3327; x_wconf 70' lang='lat' dir='ltr'>praestigia</span> <span class='ocrx_word' id='word_1_232' title='bbox 497 3245 593 3306; x_wconf 66' lang='lat' dir='ltr'>clarae</span> <span class='ocrx_word' id='word_1_233' title='bbox 620 3242 765 3317; x_wconf 78' lang='lat' dir='ltr'>ursionis,</span> <span class='ocrx_word' id='word_1_234' title='bbox 795 3242 915 3322; x_wconf 91' lang='lat' dir='ltr'>quibus</span> <span class='ocrx_word' id='word_1_235' title='bbox 946 3240 1138 3315; x_wconf 83' lang='lat' dir='ltr'>invisibilia,</span> <span class='ocrx_word' id='word_1_236' title='bbox 1162 3253 1206 3300; x_wconf 90' lang='lat' dir='ltr'>seu</span> <span class='ocrx_word' id='word_1_237' title='bbox 1244 3222 1246 3227; x_wconf 37' lang='lat'>⁵</span> 
     </span>
     <span class='ocr_line' id='line_1_31' title="bbox 123 3343 1208 3432; baseline -0.016 -18"><span class='ocrx_word' id='word_1_238' title='bbox 123 3353 248 3426; x_wconf 80' lang='lat' dir='ltr'>acceelta,</span> <span class='ocrx_word' id='word_1_239' title='bbox 265 3351 382 3432; x_wconf 79' lang='lat' dir='ltr'>r&#39;grrota,</span> <span class='ocrx_word' id='word_1_240' title='bbox 398 3350 573 3428; x_wconf 78' lang='lat' dir='ltr'>longinqua</span> <span class='ocrx_word' id='word_1_241' title='bbox 585 3356 642 3408; x_wconf 92' lang='lat' dir='ltr'>aut</span> <span class='ocrx_word' id='word_1_242' title='bbox 658 3347 723 3408; x_wconf 89' lang='lat' dir='ltr'>alia</span> <span class='ocrx_word' id='word_1_243' title='bbox 738 3343 929 3426; x_wconf 92' lang='lat' dir='ltr'>hujusmodi</span> <span class='ocrx_word' id='word_1_244' title='bbox 940 3343 1208 3424; x_wconf 87' lang='lat' dir='ltr'>detegunturesse</span> 
     </span>
     <span class='ocr_line' id='line_1_32' title="bbox 123 3446 1210 3535; baseline -0.013 -16"><span class='ocrx_word' id='word_1_245' title='bbox 123 3477 198 3520; x_wconf 91' lang='lat' dir='ltr'>vere</span> <span class='ocrx_word' id='word_1_246' title='bbox 215 3453 442 3535; x_wconf 90' lang='lat' dir='ltr'>superstitiosa</span> <span class='ocrx_word' id='word_1_247' title='bbox 458 3473 515 3513; x_wconf 90' lang='lat' dir='ltr'>seu</span> <span class='ocrx_word' id='word_1_248' title='bbox 532 3449 705 3524; x_wconf 91' lang='lat' dir='ltr'>diabolica,</span> <span class='ocrx_word' id='word_1_249' title='bbox 721 3449 926 3529; x_wconf 90' lang='lat' dir='ltr'>proindeque</span> <span class='ocrx_word' id='word_1_250' title='bbox 941 3447 1081 3509; x_wconf 92' lang='lat' dir='ltr'>omnino</span> <span class='ocrx_word' id='word_1_251' title='bbox 1097 3446 1210 3516; x_wconf 85' lang='lat' dir='ltr'>illicita;</span> 
     </span>
     <span class='ocr_line' id='line_1_33' title="bbox 124 3548 1210 3637; baseline -0.011 -17"><span class='ocrx_word' id='word_1_252' title='bbox 124 3561 165 3621; x_wconf 91' lang='lat' dir='ltr'>de</span> <span class='ocrx_word' id='word_1_253' title='bbox 181 3559 253 3620; x_wconf 92' lang='lat' dir='ltr'>aliis</span> <span class='ocrx_word' id='word_1_254' title='bbox 269 3578 347 3619; x_wconf 89' lang='lat' dir='ltr'>vero</span> <span class='ocrx_word' id='word_1_255' title='bbox 363 3555 592 3637; x_wconf 87' lang='lat' dir='ltr'>phaenomenis</span> <span class='ocrx_word' id='word_1_256' title='bbox 609 3555 790 3634; x_wconf 86' lang='lat' dir='ltr'>prudenter</span> <span class='ocrx_word' id='word_1_257' title='bbox 810 3551 915 3614; x_wconf 89' lang='lat' dir='ltr'>tacuit</span> <span class='ocrx_word' id='word_1_258' title='bbox 937 3549 969 3615; x_wconf 88' lang='lat' dir='ltr'>S.</span> <span class='ocrx_word' id='word_1_259' title='bbox 987 3548 1210 3632; x_wconf 85' lang='lat' dir='ltr'>Congregatio,</span> 
     </span>
     <span class='ocr_line' id='line_1_34' title="bbox 124 3649 1212 3745; baseline -0.012 -21"><span class='ocrx_word' id='word_1_260' title='bbox 124 3664 201 3745; x_wconf 87' lang='lat' dir='ltr'>quia</span> <span class='ocrx_word' id='word_1_261' title='bbox 217 3661 379 3734; x_wconf 90' lang='lat' dir='ltr'>videlicet,</span> <span class='ocrx_word' id='word_1_262' title='bbox 396 3659 472 3720; x_wconf 92' lang='lat' dir='ltr'>licet</span> <span class='ocrx_word' id='word_1_263' title='bbox 497 3656 656 3719; x_wconf 90' lang='lat' dir='ltr'>nonnulla</span> <span class='ocrx_word' id='word_1_264' title='bbox 682 3657 765 3717; x_wconf 91' lang='lat' dir='ltr'>mira</span> <span class='ocrx_word' id='word_1_265' title='bbox 785 3674 857 3717; x_wconf 91' lang='lat' dir='ltr'>esse</span> <span class='ocrx_word' id='word_1_266' title='bbox 873 3654 1058 3730; x_wconf 89' lang='lat' dir='ltr'>videantur,</span> <span class='ocrx_word' id='word_1_267' title='bbox 1074 3673 1141 3716; x_wconf 90' lang='lat' dir='ltr'>non</span> <span class='ocrx_word' id='word_1_268' title='bbox 1157 3649 1212 3714; x_wconf 89' lang='lat' dir='ltr'>evi-</span> 
     </span>
     <span class='ocr_line' id='line_1_35' title="bbox 123 3756 1214 3840; baseline -0.01 -13"><span class='ocrx_word' id='word_1_269' title='bbox 123 3766 240 3827; x_wconf 88' lang='lat' dir='ltr'>denter</span> <span class='ocrx_word' id='word_1_270' title='bbox 256 3774 367 3825; x_wconf 92' lang='lat' dir='ltr'>tamen</span> <span class='ocrx_word' id='word_1_271' title='bbox 384 3771 515 3823; x_wconf 89' lang='lat' dir='ltr'>constat</span> <span class='ocrx_word' id='word_1_272' title='bbox 531 3781 570 3822; x_wconf 91' lang='lat' dir='ltr'>ea</span> <span class='ocrx_word' id='word_1_273' title='bbox 581 3761 670 3840; x_wconf 88' lang='lat' dir='ltr'>leges</span> <span class='ocrx_word' id='word_1_274' title='bbox 682 3757 856 3835; x_wconf 89' lang='lat' dir='ltr'>naturales,</span> <span class='ocrx_word' id='word_1_275' title='bbox 867 3756 976 3821; x_wconf 91' lang='lat' dir='ltr'>adhuc</span> <span class='ocrx_word' id='word_1_276' title='bbox 986 3777 1105 3839; x_wconf 90' lang='lat' dir='ltr'>parum</span> <span class='ocrx_word' id='word_1_277' title='bbox 1118 3766 1214 3825; x_wconf 70' lang='lat' dir='ltr'>notas</span> 
     </span>
     <span class='ocr_line' id='line_1_36' title="bbox 123 3869 344 3951; baseline -0.005 -21"><span class='ocrx_word' id='word_1_278' title='bbox 123 3869 344 3951; x_wconf 64' lang='lat' dir='ltr'>praetergredi.</span> 
     </span>
    </p>

    <p class='ocr_par' dir='ltr' id='par_1_3' title="bbox 125 3965 1217 4157">
     <span class='ocr_line' id='line_1_37' title="bbox 169 3965 1216 4048; baseline -0.006 -15"><span class='ocrx_word' id='word_1_279' title='bbox 169 3975 239 4033; x_wconf 81' lang='lat' dir='ltr'>l&#39;rae</span> <span class='ocrx_word' id='word_1_280' title='bbox 256 3972 359 4034; x_wconf 88' lang='lat' dir='ltr'>oculis</span> <span class='ocrx_word' id='word_1_281' title='bbox 374 3972 474 4032; x_wconf 87' lang='lat' dir='ltr'>etiam</span> <span class='ocrx_word' id='word_1_282' title='bbox 492 3969 645 4030; x_wconf 88' lang='lat' dir='ltr'>habenda</span> <span class='ocrx_word' id='word_1_283' title='bbox 661 3977 739 4030; x_wconf 93' lang='lat' dir='ltr'>sunt</span> <span class='ocrx_word' id='word_1_284' title='bbox 754 3988 793 4028; x_wconf 86' lang='lat' dir='ltr'>ea</span> <span class='ocrx_word' id='word_1_285' title='bbox 809 3987 884 4048; x_wconf 85' lang='lat' dir='ltr'>quae</span> <span class='ocrx_word' id='word_1_286' title='bbox 908 3966 989 4028; x_wconf 93' lang='lat' dir='ltr'>dicit</span> <span class='ocrx_word' id='word_1_287' title='bbox 1015 3966 1050 4030; x_wconf 89' lang='lat' dir='ltr'>C.</span> <span class='ocrx_word' id='word_1_288' title='bbox 1067 3965 1216 4028; x_wconf 74' lang='lat' dir='ltr'>Baltinur·</span> 
     </span>
     <span class='ocr_line' id='line_1_38' title="bbox 125 4069 1217 4157; baseline -0.008 -19"><span class='ocrx_word' id='word_1_289' title='bbox 125 4098 213 4139; x_wconf 85' lang='lat' dir='ltr'>rense</span> <span class='ocrx_word' id='word_1_290' title='bbox 227 4076 269 4136; x_wconf 91' lang='lat' dir='ltr'>ll</span> <span class='ocrx_word' id='word_1_291' title='bbox 281 4077 325 4157; x_wconf 83' lang='lat' dir='ltr'>(n.</span> <span class='ocrx_word' id='word_1_292' title='bbox 344 4075 417 4156; x_wconf 81' lang='lat'><strong>36):</strong></span> <span class='ocrx_word' id='word_1_293' title='bbox 444 4080 459 4105; x_wconf 85' lang='lat'>“</span> <span class='ocrx_word' id='word_1_294' title='bbox 472 4074 561 4134; x_wconf 90' lang='lat' dir='ltr'>Bene</span> <span class='ocrx_word' id='word_1_295' title='bbox 574 4093 650 4135; x_wconf 88' lang='lat' dir='ltr'>vero</span> <span class='ocrx_word' id='word_1_296' title='bbox 660 4073 874 4135; x_wconf 89' lang='lat' dir='ltr'>videturesse</span> <span class='ocrx_word' id='word_1_297' title='bbox 886 4069 1103 4152; x_wconf 90' lang='lat' dir='ltr'>exploratum</span> <span class='ocrx_word' id='word_1_298' title='bbox 1121 4070 1217 4153; x_wconf 90' lang='lat' dir='ltr'>plura,</span> 
     </span>
    </p>
   </div>
   <div class='ocr_carea' id='block_1_3' title="bbox 143 4277 700 4353">
    <p class='ocr_par' dir='ltr' id='par_1_4' title="bbox 143 4277 700 4353">
     <span class='ocr_line' id='line_1_39' title="bbox 143 4277 700 4353; baseline -0.016 -11"><span class='ocrx_word' id='word_1_299' title='bbox 143 4277 210 4341; x_wconf 75' lang='lat' dir='ltr'>¹Cf.</span> <span class='ocrx_word' id='word_1_300' title='bbox 227 4286 307 4340; x_wconf 66' lang='lat' dir='ltr'>Arta</span> <span class='ocrx_word' id='word_1_301' title='bbox 324 4288 357 4341; x_wconf 79' lang='lat' dir='ltr'>S.</span> <span class='ocrx_word' id='word_1_302' title='bbox 375 4285 470 4353; x_wconf 81' lang='lat' dir='ltr'>Sedis,</span> <span class='ocrx_word' id='word_1_303' title='bbox 484 4284 540 4339; x_wconf 86' lang='lat' dir='ltr'>vol.</span> <span class='ocrx_word' id='word_1_304' title='bbox 558 4284 584 4351; x_wconf 93' lang='lat' dir='ltr'>l,</span> <span class='ocrx_word' id='word_1_305' title='bbox 597 4299 624 4351; x_wconf 80' lang='lat' dir='ltr'>p.</span> <span class='ocrx_word' id='word_1_306' title='bbox 640 4291 700 4347; x_wconf 80' lang='lat'>177.</span> 
     </span>
    </p>
   </div>
   <div class='ocr_carea' id='block_1_4' title="bbox 0 0 1358 4634">
    <p class='ocr_par' dir='ltr' id='par_1_5' title="bbox 0 0 1358 4634">
     <span class='ocr_line' id='line_1_40' title="bbox 0 0 1358 4634; baseline 0 0"><span class='ocrx_word' id='word_1_307' title='bbox 0 0 1358 4634; x_wconf 95' lang='lat' dir='ltr'> </span> 
     </span>
    </p>
   </div>
  </div>
 </body>
</html>
