2684 4634
176 268 180 274 ἱ
275 198 332 248 DE
349 197 571 248 Mrsrzmo
589 197 759 248 monast
766 197 944 246 mortis.
1099 194 1160 246 491

52 377 125 440 lum
142 379 383 443 incrementum
399 379 500 441 fuisse
515 381 547 440 in
564 380 691 441 visione
707 379 860 441 beatifica
874 378 1004 453 Christi,
1017 377 1074 439 sed
1087 396 1160 437 eam

55 479 159 543 fuisse
173 491 243 543 tam
259 479 439 563 persenam
455 481 499 544 ab
515 483 609 543 initio
625 501 724 562 quam
742 483 774 543 in
791 481 856 543 fine
871 482 949 544 vitae
965 481 1078 562 ipsius

291 637 340 693 11.
362 636 417 695 De
438 628 602 694 scientia
622 636 768 695 Christi
791 629 932 695 infusit.

101 773 171 839 129.
202 760 278 843 (A)
294 761 440 844 Quidam
457 762 614 843 theologi,
623 773 700 844 post
713 763 748 826 S.
759 763 1032 839 Bonaventuram,
1041 763 1162 824 docent

54 884 125 927 non
146 863 247 927 fuisse
269 867 302 927 in
322 865 456 929 Christo
476 867 648 927 scientiam
663 878 778 945 perse
801 866 945 946 infusam
958 880 978 941 1,
994 867 1072 947 quia
1088 864 1162 927 talis

55 968 199 1031 scientia
214 971 350 1031 omnino
366 969 491 1031 inutilis
514 969 653 1042 videtur,
669 989 768 1049 quam
788 968 858 1047 jam
883 968 1034 1031 Christus
1053 967 1163 1028 omnia

57 1082 275 1150 cognosceret
296 1092 354 1153 per
372 1072 532 1133 visionem
553 1070 740 1132 beatificam
758 1092 764 1145 ;
787 1071 920 1132 aliunde
936 1091 1011 1150 quae
1027 1072 1059 1131 in
1078 1069 1162 1132 Scri-

57 1173 165 1253 pturis
189 1173 232 1236 de
253 1175 325 1255 ejus
347 1174 486 1236 scientia
508 1173 671 1254 leguntur,
687 1173 767 1234 satis
789 1173 1001 1252 explicantur
1018 1173 1163 1233 admissi

57 1275 199 1339 scientia
223 1276 377 1339 beatifici
406 1287 439 1338 et
468 1276 722 1356 experimentali
737 1297 746 1351 ς
774 1295 849 1356 quae
875 1276 1008 1356 quidem
1035 1273 1162 1354 duplex

54 1380 199 1442 scientia
226 1382 350 1461 pariter
379 1378 500 1442 sufficit
526 1380 569 1440 ad
596 1379 794 1460 dignitatem
821 1377 952 1452 Christi,
977 1395 1163 1455 munusque

61 1479 297 1560 Redemptoris
313 1481 573 1562 adimplendum.

104 1594 171 1656 130.
219 1583 231 1659 l
236 1584 280 1663 B)
303 1583 454 1665 Plerique
476 1595 587 1647 tamen
608 1584 764 1664 theologi,
779 1605 855 1645 cum
875 1584 909 1645 S.
932 1583 962 1644 Τ
959 1582 1062 1656 lzotnci,
1079 1581 1163 1642 affir-

56 1694 155 1746 mant
172 1686 205 1746 in
230 1686 362 1749 Christo
381 1687 480 1750 fuisse
498 1687 664 1748 scientiam
681 1698 745 1766 per
764 1708 797 1748 se
818 1686 986 1763 infimam·
1010 1705 1086 1745 nam
1109 1683 1164 1744 illa

57 1785 200 1846 scientia
216 1784 348 1848 Christo
363 1786 539 1871 tribuenda
556 1796 615 1861 est,
631 1807 706 1866 quae
721 1787 920 1866 quibusdam
943 1787 1015 1848 aliis
1038 1798 1161 1848 creatu-

58 1888 103 1948 ris
125 1906 283 1949 concessa
304 1899 362 1963 est,
379 1901 412 1952 et
428 1890 562 1952 aliunde
586 1889 643 1951 fini
666 1891 908 1953 Incarnationis
925 1891 1073 1951 maxime
1089 1908 1162 1950 con-

55 1990 175 2067 venit;
198 1993 289 2072 atqui
313 1993 451 2077 scientia
473 2013 532 2074 per
555 2013 590 2053 se
613 1993 722 2055 infusa
739 1994 888 2075 Angelis,
904 2003 938 2055 et
953 1994 1091 2055 scientia
1107 2011 1164 2072 per

50 2088 216 2154 ‘accidens
232 2093 340 2156 infusa
355 2095 555 2176 quibusdam
572 2095 772 2172 hominibus,
787 2119 815 2159 v.
832 2118 861 2177 g.
879 2095 1062 2178 ApostoliS,
1078 2094 1162 2176 pari-

58 2207 106 2258 ter
122 2194 186 2257 suit
202 2216 358 2260 concessa
372 2221 379 2276 ;
398 2198 532 2261 aliunde
548 2199 624 2260 talis
639 2201 778 2262 scientia
795 2201 942 2262 maxime
958 2200 1093 2261 inservit
1109 2198 1163 2258 In·

54 2295 263 2357 carnationis
278 2295 407 2374 finibus,
419 2319 506 2374 narn,
522 2322 596 2363 curn
615 2303 679 2377 ills,
697 2303 846 2366 Christus
864 2304 980 2366 mereri
996 2303 1106 2384 potuit
1121 2299 1164 2362 ab

58 2398 166 2472 initio,
182 2398 271 2475 dum,
288 2402 358 2463 sine
374 2402 439 2479 iila,
455 2403 498 2464 ab
513 2404 608 2466 initio
625 2409 740 2469 mereri
765 2428 831 2469 non
854 2408 1035 2489 potuisset:
1064 2404 1163 2486 siqui-

53 2503 137 2564 dem
154 2501 293 2564 scientia
308 2507 581 2584 experimentalis
598 2521 676 2573 tunc
693 2532 758 2573 non
776 2514 944 2575 existebat
960 2515 992 2575 in
1011 2513 1143 2576 Christo
1157 2530 1164 2583 ;

52 2606 195 2668 aliunde
211 2604 303 2669 at‘tus
318 2608 427 2684 eliciti,
444 2613 505 2674 sub
521 2614 649 2676 influxu
665 2616 800 2678 visionis
819 2617 988 2690 beatificae,
1005 2636 1070 2677 non
1088 2623 1164 2675 sunt

56 2710 240 2788 meritorii3
263 2731 342 2792 ergo
357 2712 508 2776 Christus
524 2719 640 2779 mereri
657 2720 815 2798 nequibat
832 2719 874 2780 ab
890 2719 994 2794 initio,
1006 2718 1068 2780 nisi
1085 2727 1164 2779 tunc

51 2811 221 2893 temporis
237 2814 408 2876 scientiam
426 2815 567 2878 infusam
584 2819 772 2898 habuisset;
794 2839 874 2905 ergo
884 2831 904 2880 ².

195 2981 264 3036 111.
291 2981 346 3038 De
369 2976 532 3042 scientie
557 2985 704 3044 Christi
726 2982 1033 3055 experimentali.

105 3123 173 3186 131·
225 3122 256 3171 1⁰
281 3110 474 3173 Existentia.
528 3113 745 3174 Admittenda
771 3110 877 3173 estin
902 3107 1016 3171 anirnd
1042 3106 1167 3172 Christi

51 3211 197 3273 scientia
211 3213 491 3292 experimentalis;
514 3216 647 3290 etenim,

105 3313 167 3394 (A)
190 3313 222 3376 S.
248 3314 368 3377 Paulus
391 3316 433 3377 de
452 3316 585 3379 Christo
607 3318 707 3380 dicit:
734 3318 804 3378 “Et
823 3316 958 3397 quidem
983 3334 1057 3376 cum
1078 3322 1164 3374 esset

96 3514 246 3568 ¹Seientia
254 3519 350 3584 perse
363 3517 462 3584 infusa
478 3533 512 3570 ea
528 3530 571 3570 est
589 3535 653 3587 quae
667 3535 701 3570 ex
719 3536 748 3571 se
765 3529 895 3569 naturam
912 3515 1029 3581 alicujus
1043 3514 1160 3580 excedit,

57 3611 148 3669 atque
167 3600 271 3654 idcirco
290 3600 351 3654 sold
368 3602 622 3657 communicatione
641 3603 736 3657 divini
749 3601 867 3655 obtineri
880 3612 981 3669 potest,
994 3611 1024 3653 ut
1037 3611 1079 3654 est
1092 3619 1117 3653 v.
1133 3618 1161 3668 g.

53 3687 187 3755 cognitio
200 3687 354 3741 futurorum
368 3690 600 3757 contingentium,
610 3692 653 3743 vel
666 3690 830 3742 immediata
842 3686 1029 3740 essentiarum
1043 3686 1164 3754 cognitio

59 3773 89 3826 in
102 3772 220 3827 homine
232 3775 359 3838 mortali;
379 3774 496 3828 scientia
508 3778 605 3846 infusa
616 3782 669 3845 per
678 3777 803 3829 accidens
816 3792 849 3827 ea
860 3774 961 3827 dicitur
974 3791 1045 3842 quae,
1056 3774 1121 3827 licet
1130 3791 1163 3827 ex

59 3877 91 3914 se
105 3859 208 3912 nativis
220 3860 324 3914 viribus
339 3862 494 3929 comparari
508 3872 612 3932 posset,
623 3861 658 3912 de
671 3859 746 3912 fatto
760 3870 853 3911 tamen
867 3857 962 3910 divinit
976 3856 1163 3909 communica·

59 3947 139 4000 tione
156 3947 306 4012 obtinetur,
320 3957 349 4000 ut
367 3959 410 4000 est
427 3966 451 4000 v.
466 3965 491 4014 g.
509 3947 608 4000 notitia
627 3947 743 4014 alicujus
763 3946 905 3997 idiomatis
925 3943 1058 3997 divinitus
1077 3945 1162 3997 data:

54 4037 136 4088 'hanc
149 4052 211 4089 esse
225 4035 253 4088 in
268 4036 380 4088 Christo
394 4035 567 4088 concedebat
582 4035 608 4086 S.
626 4035 829 4085 Bonaventura.

96 4119 167 4175 ²De
185 4119 299 4191 objedto
318 4132 346 4175 et
365 4120 582 4190 proprietatibus
601 4120 683 4186 hujus
703 4118 827 4171 scientiae
847 4117 946 4170 infusae
964 4116 1028 4169 vide
1047 4132 1081 4169 ea
1100 4133 1162 4185 quae

54 4209 148 4262 babet
167 4209 196 4261 S.
214 4208 242 4260 Τ
238 4208 336 4260 bontas
354 4206 391 4276 (q.
415 4223 454 4269 11,
476 4225 500 4260 a.
522 4207 592 4271 ro),
607 4206 704 4271 Faber,
720 4205 895 4272 Bethlehem,
907 4204 991 4272 chap.
1006 4204 1035 4265 ὁ,
1048 4219 1078 4271 p.
1097 4204 1166 4269 2763

51 4295 206 4360 Baugaud,
218 4295 258 4345 Le
273 4294 496 4360 Christianisme‚
512 4305 531 4348 t.
550 4295 608 4360 ΙΙΙ,
621 4311 645 4349 c,
665 4310 705 4348 12.
