2684 4634
113 195 356 254 oBJEcTUM,
370 194 564 246 UT1L1Tns
583 193 633 243 ET
653 191 810 242 DIVISIO
827 192 1082 242 TRAcTnTUS.
1119 190 1161 242 83

61 372 228 432 testandam
242 373 456 446 perfectionem
475 391 558 430 suam
578 391 630 444 per
648 372 737 443 bona,
753 391 820 444 quae
833 372 972 430 creaturis
986 372 1158 443 impertitur,

59 459 211 519 liberrimo
224 462 349 519 consilio
362 461 450 518 simul
462 461 501 518 ab
515 460 598 517 initio
611 461 754 532 temporis
767 470 923 532 utramque
936 460 974 517 de
987 459 1079 516 nihilo
1093 478 1161 516 con·

57 548 131 606 didit
148 559 317 607 creaturam
336 548 517 620 spiritualem
535 558 564 605 et
583 547 777 619 corporalem,
792 547 957 618 angelicam
977 546 1115 605 videlicet
1133 557 1162 605 et

57 640 258 708 mundanam,
279 659 315 696 ac
333 640 443 699 deinde
462 640 624 697 humanam
643 639 727 710 quasi
747 657 938 696 communem
958 657 993 696 ex
1012 638 1114 710 spiritu
1133 649 1162 696 et

56 745 186 799 corpore
200 727 402 785 constitutam.

91 814 245 872 Universa
258 832 336 880 vero,
352 832 419 885 quae
433 813 576 882 condidit,
595 813 677 869 Deus
690 812 877 884 providentia
893 813 946 869 sua
964 820 1061 869 tuetur
1073 822 1163 884 atque

56 901 219 971 gubernat,
240 902 388 972 attingens
410 919 426 958 a
449 902 508 958 fine
528 917 622 971 usque
644 899 683 956 ad
705 899 795 956 finem
816 899 935 967 sortiter,
954 909 982 956 et
1002 899 1162 970 disponens

56 988 164 1044 omnia
182 988 319 1046 suaviter.
359 988 471 1046 Omnia
487 987 565 1045 enim
584 986 665 1043 nuda
680 995 709 1043 et
724 995 825 1058 aperta
843 996 911 1042 sunt
930 985 1023 1043 oculis
1040 987 1113 1056 eiua,
1128 1004 1163 1043 ea

57 1075 162 1141 etiam,
178 1093 246 1146 quae
259 1074 351 1133 libera
364 1084 563 1132 creaturarum
576 1073 693 1131 actione
707 1074 803 1131 lutura
815 1084 892 1131 sunt.

546 1193 684 1250 Cauuues.

94 1325 119 1362 ι.
162 1305 192 1362 Si
205 1307 272 1377 quis
282 1324 375 1364 unum
388 1324 489 1364 verum
505 1305 603 1364 Deum
617 1308 776 1365 visibilium
793 1317 822 1366 et
839 1307 1030 1366 invisibilium
1044 1308 1158 1368 Creato-

58 1410 123 1449 rem
137 1403 169 1450 et
184 1395 347 1453 Dominum
362 1393 511 1467 negaverit
526 1396 703 1454 :anathema
715 1395 760 1453 sit.

94 1515 120 1552 2.
163 1496 193 1554 Si
207 1498 273 1568 quis
285 1508 390 1571 praeter
408 1497 561 1555 materiam
581 1496 653 1552 nihil
672 1514 736 1554 esse
754 1495 898 1553 affirmare
915 1514 975 1554 non
992 1497 1162 1556 erubuerit:

59 1583 225 1641 anathema
237 1584 281 1642 sit.

91 1703 121 1755 3.
163 1684 195 1741 Si
208 1685 399 1756 quisdixerit,
413 1703 503 1742 unam
517 1685 716 1755 eamdemque
729 1702 792 1743 esse
808 1686 863 1744 Dei
877 1696 906 1744 et
920 1705 1016 1744 rerum
1029 1689 1163 1746 omnium

60 1771 263 1830 substantiam
275 1773 322 1831 vel
335 1774 492 1832 essentiam
505 1793 510 1828 :
524 1771 685 1830 anathema·
695 1773 740 1829 sit.

96 1895 122 1945 4.
163 1875 195 1932 Si
209 1877 274 1946 quis
287 1877 399 1947 dixerit,
416 1895 461 1935 res
474 1877 581 1945 finitas
594 1887 656 1935 tum
671 1895 827 1950 corporeas
843 1889 906 1936 turn
925 1878 1100 1950 spirituales,
1114 1892 1164 1938 aut

62 1961 172 2018 saltem
185 1962 360 2034 spirituales
374 1982 390 2021 e
403 1964 504 2022 divina
517 1964 680 2022 substantia
694 1983 847 2024 emanasse
857 1986 866 2036 ;

98 2058 152 2106 aut
177 2049 309 2108 divinam
333 2051 492 2110 essentiam
518 2052 562 2109 sui
588 2050 826 2109 manifestatione
845 2052 891 2110 vel
912 2051 1082 2111 evolutione
1103 2053 1164 2112 fieri

62 2136 167 2193 omnia
176 2155 184 2206 ;

99 2233 152 2281 aut
164 2224 297 2296 denique
311 2225 409 2283 Deum
423 2245 487 2285 esse
500 2244 553 2284 ens
566 2226 729 2284 universale
740 2244 794 2284 seu
808 2227 1005 2299 indefinitum,
1021 2245 1083 2300 quo
1101 2248 1166 2288 sese

63 2311 296 2372 determinando
309 2314 468 2372 constituat
481 2332 577 2372 rerum
591 2313 810 2373 universitatem
830 2315 859 2372 in
877 2333 994 2388 genera,
1010 2317 1123 2388 species
1136 2329 1165 2376 et

63 2397 221 2458 individua
234 2399 404 2458 distinctam
418 2421 424 2458 :
437 2401 595 2459 anathema
608 2399 653 2458 sit.

94 2517 124 2570 5.
162 2499 194 2556 Si
213 2499 280 2572 quis
299 2515 360 2557 non
375 2501 561 2567 confiteatur,
576 2500 731 2572 mundum,
748 2518 854 2572 resque
871 2519 986 2569 omnes,
1000 2519 1067 2572 quae
1083 2502 1112 2557 in
1129 2521 1165 2560 eo

63 2586 262 2665 continentur,
276 2597 304 2645 et
317 2588 482 2661 spirituales
496 2596 525 2646 et
538 2585 711 2656 materiales
724 2585 888 2643 secundum
900 2596 992 2643 totam
1004 2604 1087 2642 suam
1098 2585 1165 2644 sub-

64 2675 205 2730 stantiam
217 2692 236 2732 a
249 2675 314 2733 Deo
326 2693 362 2732 ex
376 2674 469 2733 nihilo
482 2693 547 2733 esse
560 2673 721 2746 productas
728 2693 737 2744 3

98 2770 150 2819 aut
166 2762 266 2819 Deum
278 2762 392 2833 dixerit,
408 2780 468 2820 non
481 2762 634 2820 voluntate
650 2759 689 2818 ab
707 2758 789 2817 omni
808 2759 984 2818 necessitate
997 2759 1097 2826 libera,
1113 2760 1166 2817 sed

65 2856 123 2905 tam
135 2848 304 2906 necessario
317 2866 439 2920 creasse,
456 2867 546 2921 quam
561 2847 726 2906 necessario
738 2856 818 2904 amat
831 2846 962 2917 seipsum
974 2866 982 2917 3

98 2946 145 2993 aut
158 2934 305 2994 muudum
319 2936 358 2996 ad
372 2936 428 2994 Dei
441 2935 564 3008 gloriam
577 2934 732 2994 conditum
747 2951 811 2991 esse
824 2932 993 3004 negaverit:
1007 2933 1166 2991 anathema

64 3021 108 3079 sit

200 3154 494 3256 objectum,
526 3155 728 3236 utilitas
763 3159 814 3236 et
846 3154 1036 3235 divisio

470 3275 763 3361 Tractatus

108 3473 136 3522 1.
186 3456 380 3519 Primarium
397 3456 473 3519 fidei
489 3466 611 3520 nostrae
623 3456 790 3540 objettum
803 3467 853 3520 est
867 3458 958 3520 Deus
971 3477 1056 3519 unus
1068 3465 1100 3518 ct
1111 3457 1166 3519 tri-

63 3582 135 3638 nus,
150 3559 251 3643 juxta
267 3560 347 3622 illud
362 3584 368 3624 :
384 3561 511 3623 “Fides
534 3571 645 3624 autern
670 3562 832 3624 catholica
848 3560 918 3622 haec
935 3568 992 3635 est,
1010 3570 1045 3622 ut
1064 3581 1166 3622 unum

63 3667 177 3728 Deum
209 3663 241 3725 in
273 3664 428 3739 trinitate,
454 3673 488 3727 et
518 3665 699 3728 trinitatem
732 3666 763 3726 in
795 3665 922 3726 unitate
948 3662 1166 3725 veneremur.”

61 3767 190 3851 (symb.
202 3767 379 3849 Attianus.)
424 3767 598 3830 Absolutis
615 3769 715 3850 igitur
730 3769 771 3830 ad
790 3767 888 3838 fidem
904 3765 1125 3848 praeambulis,
1133 3774 1167 3827 et

62 3871 235 3954 explicato
251 3869 327 3934 fidei
343 3869 428 3947 atta,
442 3869 486 3940 de
502 3872 569 3934 Deo
592 3893 655 3934 uuo
678 3873 843 3953 agendum
860 3879 917 3933 est.
965 3869 1077 3950 Quum
1094 3889 1169 3931 vero

62 3976 171 4039 multa
189 3974 260 4056 jam
283 3974 326 4036 de
350 3974 425 4036 Deo
448 3975 481 4038 in
502 3975 737 4056 Plu'lasoplu'czs
758 3973 1024 4037 [restitutionibus
1046 3970 1167 4034 tradita

61 4080 195 4156 suerint,
211 4099 317 4162 pauca
333 4087 463 4142 tanturn
480 4079 649 4156 addemus,
663 4100 681 4141 e
697 4078 844 4141 fontibus
861 4074 1069 4139 revelationis
1086 4094 1166 4155 prae-

60 4185 178 4248 sertim
204 4184 392 4267 desumpta,
415 4184 457 4246 de
481 4181 552 4266 ejus
576 4181 755 4259 existentzit,
769 4180 938 4245 attributis
960 4188 994 4242 et
1016 4177 1166 4262 operatiu-

61 4288 166 4352 nibus.
