<?xml version="1.0" encoding="UTF-8"?>
<!DOCTYPE html PUBLIC "-//W3C//DTD XHTML 1.0 Transitional//EN"
    "http://www.w3.org/TR/xhtml1/DTD/xhtml1-transitional.dtd">
<html xmlns="http://www.w3.org/1999/xhtml" xml:lang="en" lang="en">
 <head>
  <title>
</title>
<meta http-equiv="Content-Type" content="text/html;charset=utf-8" />
  <meta name='ocr-system' content='tesseract 3.04.00' />
  <meta name='ocr-capabilities' content='ocr_page ocr_carea ocr_par ocr_line ocrx_word'/>
</head>
<body>
  <div class='ocr_page' id='page_1' title='image "./synopsistheolog00tanqgoog_0496.png"; bbox 0 0 2684 4634; ppageno 0'>
   <div class='ocr_carea' id='block_1_1' title="bbox 272 94 1315 172">
    <p class='ocr_par' dir='ltr' id='par_1_1' title="bbox 272 94 1315 172">
     <span class='ocr_line' id='line_1_1' title="bbox 272 94 1315 172; baseline 0 -2"><span class='ocrx_word' id='word_1_1' title='bbox 272 121 329 170; x_wconf 75' lang='lat' dir='ltr'>nu</span> <span class='ocrx_word' id='word_1_2' title='bbox 347 122 566 171; x_wconf 72' lang='lat' dir='ltr'>ursmaro</span> <span class='ocrx_word' id='word_1_3' title='bbox 585 122 937 172; x_wconf 77' lang='lat' dir='ltr'>rucnxunrrours.</span> <span class='ocrx_word' id='word_1_4' title='bbox 1092 121 1159 170; x_wconf 79' lang='lat'>475</span> <span class='ocrx_word' id='word_1_5' title='bbox 1251 94 1315 122; x_wconf 57' lang='lat'><em>⁰</em></span> 
     </span>
    </p>
   </div>
   <div class='ocr_carea' id='block_1_2' title="bbox 19 302 1215 3995">
    <p class='ocr_par' dir='ltr' id='par_1_2' title="bbox 55 302 1198 1515">
     <span class='ocr_line' id='line_1_2' title="bbox 57 302 1161 385; baseline 0.003 -23"><span class='ocrx_word' id='word_1_6' title='bbox 57 302 277 383; x_wconf 86' lang='lat' dir='ltr'>unigenitum,</span> <span class='ocrx_word' id='word_1_7' title='bbox 300 304 361 367; x_wconf 92' lang='lat' dir='ltr'>sibi</span> <span class='ocrx_word' id='word_1_8' title='bbox 387 305 593 367; x_wconf 90' lang='lat' dir='ltr'>carissimum</span> <span class='ocrx_word' id='word_1_9' title='bbox 617 305 745 385; x_wconf 86' lang='lat' dir='ltr'>sibique</span> <span class='ocrx_word' id='word_1_10' title='bbox 772 304 995 384; x_wconf 83' lang='lat' dir='ltr'>coaequalem;</span> <span class='ocrx_word' id='word_1_11' title='bbox 1019 303 1161 382; x_wconf 74' lang='lat' dir='ltr'>quibus?</span> 
     </span>
     <span class='ocr_line' id='line_1_3' title="bbox 58 405 1159 488; baseline 0.002 -22"><span class='ocrx_word' id='word_1_12' title='bbox 58 405 265 469; x_wconf 87' lang='lat' dir='ltr'>Hominibus</span> <span class='ocrx_word' id='word_1_13' title='bbox 290 408 519 488; x_wconf 89' lang='lat' dir='ltr'>peccatoribus</span> <span class='ocrx_word' id='word_1_14' title='bbox 534 432 545 476; x_wconf 77' lang='grc' dir='ltr'>ε,</span> <span class='ocrx_word' id='word_1_15' title='bbox 568 408 818 471; x_wconf 87' lang='lat' dir='ltr'>“Commendat</span> <span class='ocrx_word' id='word_1_16' title='bbox 848 417 960 470; x_wconf 90' lang='lat' dir='ltr'>autem</span> <span class='ocrx_word' id='word_1_17' title='bbox 987 408 1159 469; x_wconf 87' lang='lat' dir='ltr'>caritatem</span> 
     </span>
     <span class='ocr_line' id='line_1_4' title="bbox 56 502 1198 592; baseline 0 -23"><span class='ocrx_word' id='word_1_18' title='bbox 56 528 153 570; x_wconf 90' lang='lat' dir='ltr'>suam</span> <span class='ocrx_word' id='word_1_19' title='bbox 177 510 269 573; x_wconf 85' lang='lat' dir='ltr'>Deus</span> <span class='ocrx_word' id='word_1_20' title='bbox 290 511 322 572; x_wconf 93' lang='lat' dir='ltr'>in</span> <span class='ocrx_word' id='word_1_21' title='bbox 348 512 451 586; x_wconf 79' lang='lat' dir='ltr'>nobiS,</span> <span class='ocrx_word' id='word_1_22' title='bbox 467 513 635 592; x_wconf 90' lang='lat' dir='ltr'>quoniam,</span> <span class='ocrx_word' id='word_1_23' title='bbox 652 531 726 573; x_wconf 90' lang='lat' dir='ltr'>cum</span> <span class='ocrx_word' id='word_1_24' title='bbox 744 511 852 572; x_wconf 91' lang='lat' dir='ltr'>adhuc</span> <span class='ocrx_word' id='word_1_25' title='bbox 868 520 1058 592; x_wconf 85' lang='lat' dir='ltr'>peccatores</span> <span class='ocrx_word' id='word_1_26' title='bbox 1074 530 1159 570; x_wconf 89' lang='lat' dir='ltr'>esse·</span> <span class='ocrx_word' id='word_1_27' title='bbox 1194 502 1198 510; x_wconf 81' lang='grc'><strong>’</strong></span> 
     </span>
     <span class='ocr_line' id='line_1_5' title="bbox 56 613 1160 695; baseline 0.002 -23"><span class='ocrx_word' id='word_1_28' title='bbox 56 631 142 687; x_wconf 77' lang='lat' dir='ltr'>muS,</span> <span class='ocrx_word' id='word_1_29' title='bbox 159 614 340 675; x_wconf 89' lang='lat' dir='ltr'>secundum</span> <span class='ocrx_word' id='word_1_30' title='bbox 358 622 489 695; x_wconf 88' lang='lat' dir='ltr'>tempus</span> <span class='ocrx_word' id='word_1_31' title='bbox 507 615 656 677; x_wconf 87' lang='lat' dir='ltr'>Christus</span> <span class='ocrx_word' id='word_1_32' title='bbox 678 635 737 694; x_wconf 91' lang='lat' dir='ltr'>pro</span> <span class='ocrx_word' id='word_1_33' title='bbox 759 613 853 674; x_wconf 88' lang='lat' dir='ltr'>nobis</span> <span class='ocrx_word' id='word_1_34' title='bbox 870 623 1019 675; x_wconf 89' lang='lat' dir='ltr'>mortuus</span> <span class='ocrx_word' id='word_1_35' title='bbox 1036 623 1086 674; x_wconf 89' lang='lat' dir='ltr'>est</span> <span class='ocrx_word' id='word_1_36' title='bbox 1099 613 1136 654; x_wconf 76' lang='lat'>&#39;³1</span> <span class='ocrx_word' id='word_1_37' title='bbox 1154 634 1160 687; x_wconf 91' lang='grc'><strong>;</strong></span> 
     </span>
     <span class='ocr_line' id='line_1_6' title="bbox 55 714 1161 797; baseline 0.002 -23"><span class='ocrx_word' id='word_1_38' title='bbox 55 715 240 792; x_wconf 74' lang='lat' dir='ltr'>qrrornedof</span> <span class='ocrx_word' id='word_1_39' title='bbox 285 717 390 779; x_wconf 90' lang='lat' dir='ltr'>Modo</span> <span class='ocrx_word' id='word_1_40' title='bbox 421 714 670 797; x_wconf 69' lang='lat' dir='ltr'>perfedtissimq</span> <span class='ocrx_word' id='word_1_41' title='bbox 700 736 774 777; x_wconf 89' lang='lat' dir='ltr'>eum</span> <span class='ocrx_word' id='word_1_42' title='bbox 811 717 985 777; x_wconf 85' lang='lat' dir='ltr'>intrinsece</span> <span class='ocrx_word' id='word_1_43' title='bbox 1014 716 1161 777; x_wconf 90' lang='lat' dir='ltr'>uniendo</span> 
     </span>
     <span class='ocr_line' id='line_1_7' title="bbox 55 818 1160 902; baseline 0.001 -24"><span class='ocrx_word' id='word_1_44' title='bbox 55 818 215 880; x_wconf 88' lang='lat' dir='ltr'>humanae</span> <span class='ocrx_word' id='word_1_45' title='bbox 231 828 381 897; x_wconf 81' lang='lat' dir='ltr'>naturae3</span> <span class='ocrx_word' id='word_1_46' title='bbox 400 821 570 902; x_wconf 79' lang='lat' dir='ltr'>quefine?</span> <span class='ocrx_word' id='word_1_47' title='bbox 592 831 628 882; x_wconf 89' lang='lat' dir='ltr'>ut</span> <span class='ocrx_word' id='word_1_48' title='bbox 652 841 711 882; x_wconf 88' lang='lat' dir='ltr'>nos</span> <span class='ocrx_word' id='word_1_49' title='bbox 735 819 778 880; x_wconf 90' lang='lat' dir='ltr'>ab</span> <span class='ocrx_word' id='word_1_50' title='bbox 801 820 891 880; x_wconf 92' lang='lat' dir='ltr'>omni</span> <span class='ocrx_word' id='word_1_51' title='bbox 916 828 1053 900; x_wconf 90' lang='lat' dir='ltr'>peccato</span> <span class='ocrx_word' id='word_1_52' title='bbox 1077 820 1160 880; x_wconf 89' lang='lat' dir='ltr'>redi-</span> 
     </span>
     <span class='ocr_line' id='line_1_8' title="bbox 56 921 1161 1005; baseline 0.005 -25"><span class='ocrx_word' id='word_1_53' title='bbox 56 931 185 984; x_wconf 88' lang='lat' dir='ltr'>meret:</span> <span class='ocrx_word' id='word_1_54' title='bbox 203 921 295 1002; x_wconf 85' lang='lat' dir='ltr'>“Qui</span> <span class='ocrx_word' id='word_1_55' title='bbox 312 924 405 985; x_wconf 86' lang='lat' dir='ltr'>dedit</span> <span class='ocrx_word' id='word_1_56' title='bbox 421 926 635 1005; x_wconf 90' lang='lat' dir='ltr'>semetipsum</span> <span class='ocrx_word' id='word_1_57' title='bbox 653 944 713 1004; x_wconf 93' lang='lat' dir='ltr'>pro</span> <span class='ocrx_word' id='word_1_58' title='bbox 729 923 833 996; x_wconf 80' lang='lat' dir='ltr'>nobiS,</span> <span class='ocrx_word' id='word_1_59' title='bbox 849 932 885 983; x_wconf 92' lang='lat' dir='ltr'>ut</span> <span class='ocrx_word' id='word_1_60' title='bbox 909 942 969 984; x_wconf 92' lang='lat' dir='ltr'>nos</span> <span class='ocrx_word' id='word_1_61' title='bbox 985 923 1161 985; x_wconf 86' lang='lat' dir='ltr'>redimeret</span> 
     </span>
     <span class='ocr_line' id='line_1_9' title="bbox 55 1024 1160 1108; baseline 0.005 -25"><span class='ocrx_word' id='word_1_62' title='bbox 55 1024 100 1084; x_wconf 91' lang='lat' dir='ltr'>ab</span> <span class='ocrx_word' id='word_1_63' title='bbox 116 1025 209 1085; x_wconf 90' lang='lat' dir='ltr'>omni</span> <span class='ocrx_word' id='word_1_64' title='bbox 226 1025 408 1105; x_wconf 87' lang='lat' dir='ltr'>iniquitate,</span> <span class='ocrx_word' id='word_1_65' title='bbox 421 1035 454 1087; x_wconf 91' lang='lat' dir='ltr'>et</span> <span class='ocrx_word' id='word_1_66' title='bbox 467 1028 641 1089; x_wconf 90' lang='lat' dir='ltr'>mundaret</span> <span class='ocrx_word' id='word_1_67' title='bbox 657 1027 718 1087; x_wconf 92' lang='lat' dir='ltr'>sibi</span> <span class='ocrx_word' id='word_1_68' title='bbox 735 1028 895 1107; x_wconf 93' lang='lat' dir='ltr'>populum</span> <span class='ocrx_word' id='word_1_69' title='bbox 913 1028 1160 1108; x_wconf 87' lang='lat' dir='ltr'>acceptabilem,</span> 
     </span>
     <span class='ocr_line' id='line_1_10' title="bbox 55 1124 1161 1207; baseline -0.003 -20"><span class='ocrx_word' id='word_1_70' title='bbox 55 1124 257 1189; x_wconf 70' lang='lat' dir='ltr'>seeiatorem</span> <span class='ocrx_word' id='word_1_71' title='bbox 283 1127 445 1189; x_wconf 92' lang='lat' dir='ltr'>bonorum</span> <span class='ocrx_word' id='word_1_72' title='bbox 470 1147 607 1207; x_wconf 87' lang='lat' dir='ltr'>operum</span> <span class='ocrx_word' id='word_1_73' title='bbox 620 1127 656 1188; x_wconf 87' lang='lat'><em>’&#39;2.</em></span> <span class='ocrx_word' id='word_1_74' title='bbox 706 1127 794 1188; x_wconf 89' lang='lat' dir='ltr'>Hinc</span> <span class='ocrx_word' id='word_1_75' title='bbox 819 1148 894 1189; x_wconf 90' lang='lat' dir='ltr'>cum</span> <span class='ocrx_word' id='word_1_76' title='bbox 918 1128 952 1189; x_wconf 76' lang='lat' dir='ltr'>S.</span> <span class='ocrx_word' id='word_1_77' title='bbox 969 1128 1161 1190; x_wconf 72' lang='lat' dir='ltr'>Bernnedes</span> 
     </span>
     <span class='ocr_line' id='line_1_11' title="bbox 56 1228 1160 1309; baseline 0.005 -21"><span class='ocrx_word' id='word_1_78' title='bbox 56 1228 249 1288; x_wconf 86' lang='lat' dir='ltr'>exclamare</span> <span class='ocrx_word' id='word_1_79' title='bbox 267 1229 362 1291; x_wconf 84' lang='lat' dir='ltr'>licet:</span> <span class='ocrx_word' id='word_1_80' title='bbox 384 1229 548 1309; x_wconf 82' lang='lat' dir='ltr'>“Quanto</span> <span class='ocrx_word' id='word_1_81' title='bbox 572 1230 732 1289; x_wconf 88' lang='lat' dir='ltr'>minorem</span> <span class='ocrx_word' id='word_1_82' title='bbox 749 1249 784 1290; x_wconf 91' lang='lat' dir='ltr'>se</span> <span class='ocrx_word' id='word_1_83' title='bbox 801 1229 877 1292; x_wconf 86' lang='lat' dir='ltr'>fecit</span> <span class='ocrx_word' id='word_1_84' title='bbox 893 1231 925 1291; x_wconf 93' lang='lat' dir='ltr'>in</span> <span class='ocrx_word' id='word_1_85' title='bbox 943 1231 1160 1305; x_wconf 88' lang='lat' dir='ltr'>humanitate,</span> 
     </span>
     <span class='ocr_line' id='line_1_12' title="bbox 57 1331 1161 1414; baseline 0.005 -24"><span class='ocrx_word' id='word_1_86' title='bbox 57 1340 155 1392; x_wconf 90' lang='lat' dir='ltr'>tanto</span> <span class='ocrx_word' id='word_1_87' title='bbox 180 1331 335 1411; x_wconf 86' lang='lat' dir='ltr'>majorem</span> <span class='ocrx_word' id='word_1_88' title='bbox 359 1353 393 1393; x_wconf 89' lang='lat' dir='ltr'>se</span> <span class='ocrx_word' id='word_1_89' title='bbox 416 1331 568 1393; x_wconf 86' lang='lat' dir='ltr'>exhibuit</span> <span class='ocrx_word' id='word_1_90' title='bbox 592 1331 623 1391; x_wconf 93' lang='lat' dir='ltr'>in</span> <span class='ocrx_word' id='word_1_91' title='bbox 648 1331 817 1407; x_wconf 88' lang='lat' dir='ltr'>bonitate;</span> <span class='ocrx_word' id='word_1_92' title='bbox 840 1343 873 1393; x_wconf 90' lang='lat' dir='ltr'>et</span> <span class='ocrx_word' id='word_1_93' title='bbox 889 1343 1015 1413; x_wconf 90' lang='lat' dir='ltr'>quanto</span> <span class='ocrx_word' id='word_1_94' title='bbox 1032 1355 1091 1414; x_wconf 88' lang='lat' dir='ltr'>pro</span> <span class='ocrx_word' id='word_1_95' title='bbox 1108 1354 1161 1395; x_wconf 91' lang='lat' dir='ltr'>me</span> 
     </span>
     <span class='ocr_line' id='line_1_13' title="bbox 57 1433 591 1515; baseline 0.002 -22"><span class='ocrx_word' id='word_1_96' title='bbox 57 1434 163 1510; x_wconf 91' lang='lat' dir='ltr'>vilior,</span> <span class='ocrx_word' id='word_1_97' title='bbox 180 1443 273 1495; x_wconf 88' lang='lat' dir='ltr'>tanto</span> <span class='ocrx_word' id='word_1_98' title='bbox 290 1435 369 1515; x_wconf 91' lang='lat' dir='ltr'>mihi</span> <span class='ocrx_word' id='word_1_99' title='bbox 385 1436 490 1496; x_wconf 93' lang='lat' dir='ltr'>carior</span> <span class='ocrx_word' id='word_1_100' title='bbox 505 1443 555 1494; x_wconf 90' lang='lat' dir='ltr'>est</span> <span class='ocrx_word' id='word_1_101' title='bbox 568 1433 591 1494; x_wconf 83' lang='lat'>’&#39;.</span> 
     </span>
    </p>

    <p class='ocr_par' dir='ltr' id='par_1_3' title="bbox 57 1536 1215 3150">
     <span class='ocr_line' id='line_1_14' title="bbox 60 1536 1159 1619; baseline -0.002 -16"><span class='ocrx_word' id='word_1_102' title='bbox 60 1536 108 1617; x_wconf 75' lang='lat' dir='ltr'>rb)</span> <span class='ocrx_word' id='word_1_103' title='bbox 139 1536 353 1616; x_wconf 81' lang='lat' dir='ltr'>Sapientiam,</span> <span class='ocrx_word' id='word_1_104' title='bbox 378 1539 456 1618; x_wconf 92' lang='lat' dir='ltr'>quia</span> <span class='ocrx_word' id='word_1_105' title='bbox 488 1558 545 1618; x_wconf 91' lang='lat' dir='ltr'>per</span> <span class='ocrx_word' id='word_1_106' title='bbox 574 1537 844 1613; x_wconf 89' lang='lat' dir='ltr'>Incarnationem‚</span> <span class='ocrx_word' id='word_1_107' title='bbox 873 1538 965 1599; x_wconf 86' lang='lat' dir='ltr'>Deus</span> <span class='ocrx_word' id='word_1_108' title='bbox 996 1540 1159 1619; x_wconf 90' lang='lat' dir='ltr'>optimum</span> 
     </span>
     <span class='ocr_line' id='line_1_15' title="bbox 59 1636 1215 1721; baseline 0.003 -22"><span class='ocrx_word' id='word_1_109' title='bbox 59 1639 208 1701; x_wconf 91' lang='lat' dir='ltr'>medium</span> <span class='ocrx_word' id='word_1_110' title='bbox 233 1640 358 1702; x_wconf 92' lang='lat' dir='ltr'>invenit</span> <span class='ocrx_word' id='word_1_111' title='bbox 381 1639 578 1702; x_wconf 90' lang='lat' dir='ltr'>conciliandi</span> <span class='ocrx_word' id='word_1_112' title='bbox 605 1640 743 1719; x_wconf 81' lang='lat' dir='ltr'>justitiae</span> <span class='ocrx_word' id='word_1_113' title='bbox 766 1650 799 1701; x_wconf 91' lang='lat' dir='ltr'>et</span> <span class='ocrx_word' id='word_1_114' title='bbox 823 1641 1055 1702; x_wconf 72' lang='lat' dir='ltr'>misericordiae</span> <span class='ocrx_word' id='word_1_115' title='bbox 1078 1642 1161 1721; x_wconf 89' lang='lat' dir='ltr'>jura,</span> <span class='ocrx_word' id='word_1_116' title='bbox 1210 1636 1215 1647; x_wconf 80' lang='lat'>&#39;</span> 
     </span>
     <span class='ocr_line' id='line_1_16' title="bbox 58 1739 1160 1826; baseline 0.004 -24"><span class='ocrx_word' id='word_1_117' title='bbox 58 1743 239 1823; x_wconf 72' lang='lat' dir='ltr'>exigendo</span> <span class='ocrx_word' id='word_1_118' title='bbox 254 1764 297 1804; x_wconf 90' lang='lat' dir='ltr'>ex</span> <span class='ocrx_word' id='word_1_119' title='bbox 314 1749 380 1805; x_wconf 77' lang='lat' dir='ltr'>una</span> <span class='ocrx_word' id='word_1_120' title='bbox 403 1753 504 1825; x_wconf 88' lang='lat' dir='ltr'>parte,</span> <span class='ocrx_word' id='word_1_121' title='bbox 521 1739 696 1824; x_wconf 69' lang='lat' dir='ltr'>perfettam</span> <span class='ocrx_word' id='word_1_122' title='bbox 719 1741 981 1806; x_wconf 70' lang='lat' dir='ltr'>satisfactionem</span> <span class='ocrx_word' id='word_1_123' title='bbox 1005 1766 1065 1825; x_wconf 94' lang='lat' dir='ltr'>pro</span> <span class='ocrx_word' id='word_1_124' title='bbox 1086 1766 1160 1826; x_wconf 91' lang='lat' dir='ltr'>pec-</span> 
     </span>
     <span class='ocr_line' id='line_1_17' title="bbox 58 1846 1160 1928; baseline 0.004 -22"><span class='ocrx_word' id='word_1_125' title='bbox 58 1855 144 1920; x_wconf 81' lang='lat' dir='ltr'>cate,</span> <span class='ocrx_word' id='word_1_126' title='bbox 160 1855 194 1907; x_wconf 91' lang='lat' dir='ltr'>et</span> <span class='ocrx_word' id='word_1_127' title='bbox 214 1867 258 1908; x_wconf 89' lang='lat' dir='ltr'>ex</span> <span class='ocrx_word' id='word_1_128' title='bbox 282 1846 394 1922; x_wconf 77' lang='lat' dir='ltr'>altera,</span> <span class='ocrx_word' id='word_1_129' title='bbox 411 1848 577 1928; x_wconf 89' lang='lat' dir='ltr'>parcendo</span> <span class='ocrx_word' id='word_1_130' title='bbox 598 1847 725 1908; x_wconf 91' lang='lat' dir='ltr'>homini</span> <span class='ocrx_word' id='word_1_131' title='bbox 747 1848 921 1928; x_wconf 85' lang='lat' dir='ltr'>peccatori,</span> <span class='ocrx_word' id='word_1_132' title='bbox 935 1847 1034 1927; x_wconf 88' lang='lat' dir='ltr'>juxta</span> <span class='ocrx_word' id='word_1_133' title='bbox 1058 1848 1160 1910; x_wconf 89' lang='lat' dir='ltr'>illud:</span> 
     </span>
     <span class='ocr_line' id='line_1_18' title="bbox 59 1949 1160 2044; baseline 0.004 -35"><span class='ocrx_word' id='word_1_134' title='bbox 59 1949 217 2028; x_wconf 88' lang='lat' dir='ltr'>“justitia</span> <span class='ocrx_word' id='word_1_135' title='bbox 232 1961 265 2012; x_wconf 89' lang='lat' dir='ltr'>et</span> <span class='ocrx_word' id='word_1_136' title='bbox 281 1970 349 2031; x_wconf 88' lang='lat' dir='ltr'>pax</span> <span class='ocrx_word' id='word_1_137' title='bbox 363 1950 519 2012; x_wconf 86' lang='lat' dir='ltr'>osculatae</span> <span class='ocrx_word' id='word_1_138' title='bbox 532 1958 610 2011; x_wconf 91' lang='lat' dir='ltr'>sunt</span> <span class='ocrx_word' id='word_1_139' title='bbox 622 1949 637 1972; x_wconf 89' lang='lat'>&#39;’</span> <span class='ocrx_word' id='word_1_140' title='bbox 647 1963 668 2010; x_wconf 80' lang='grc'>4.</span> <span class='ocrx_word' id='word_1_141' title='bbox 711 1949 898 2044; x_wconf 76' lang='lat' dir='ltr'>Oportebat</span> <span class='ocrx_word' id='word_1_142' title='bbox 911 1951 1073 2030; x_wconf 87' lang='lat' dir='ltr'>siquidem</span> <span class='ocrx_word' id='word_1_143' title='bbox 1085 1971 1160 2013; x_wconf 86' lang='lat' dir='ltr'>eum</span> 
     </span>
     <span class='ocr_line' id='line_1_19' title="bbox 58 2053 1159 2132; baseline 0.002 -18"><span class='ocrx_word' id='word_1_144' title='bbox 58 2054 113 2132; x_wconf 92' lang='lat' dir='ltr'>qui</span> <span class='ocrx_word' id='word_1_145' title='bbox 141 2053 354 2128; x_wconf 84' lang='lat' dir='ltr'>satisfaceret,</span> <span class='ocrx_word' id='word_1_146' title='bbox 372 2054 522 2117; x_wconf 89' lang='lat' dir='ltr'>debitum</span> <span class='ocrx_word' id='word_1_147' title='bbox 547 2053 720 2115; x_wconf 92' lang='lat' dir='ltr'>hominum</span> <span class='ocrx_word' id='word_1_148' title='bbox 745 2054 777 2114; x_wconf 96' lang='lat' dir='ltr'>in</span> <span class='ocrx_word' id='word_1_149' title='bbox 804 2074 838 2113; x_wconf 89' lang='lat' dir='ltr'>se</span> <span class='ocrx_word' id='word_1_150' title='bbox 861 2053 990 2128; x_wconf 89' lang='lat' dir='ltr'>habere,</span> <span class='ocrx_word' id='word_1_151' title='bbox 1013 2063 1047 2114; x_wconf 89' lang='lat' dir='ltr'>et</span> <span class='ocrx_word' id='word_1_152' title='bbox 1072 2055 1159 2116; x_wconf 85' lang='lat' dir='ltr'>idem</span> 
     </span>
     <span class='ocr_line' id='line_1_20' title="bbox 58 2156 1159 2238; baseline 0.003 -22"><span class='ocrx_word' id='word_1_153' title='bbox 58 2176 158 2236; x_wconf 89' lang='lat' dir='ltr'>posse</span> <span class='ocrx_word' id='word_1_154' title='bbox 174 2156 299 2219; x_wconf 90' lang='lat' dir='ltr'>solvere</span> <span class='ocrx_word' id='word_1_155' title='bbox 313 2179 320 2234; x_wconf 92' lang='lat'>;</span> <span class='ocrx_word' id='word_1_156' title='bbox 343 2159 444 2220; x_wconf 93' lang='lat' dir='ltr'>homo</span> <span class='ocrx_word' id='word_1_157' title='bbox 460 2178 559 2238; x_wconf 89' lang='lat' dir='ltr'>purus</span> <span class='ocrx_word' id='word_1_158' title='bbox 576 2165 706 2238; x_wconf 90' lang='lat' dir='ltr'>poterat</span> <span class='ocrx_word' id='word_1_159' title='bbox 722 2158 858 2237; x_wconf 93' lang='lat' dir='ltr'>quidem</span> <span class='ocrx_word' id='word_1_160' title='bbox 871 2156 994 2217; x_wconf 91' lang='lat' dir='ltr'>habere</span> <span class='ocrx_word' id='word_1_161' title='bbox 1008 2156 1159 2219; x_wconf 91' lang='lat' dir='ltr'>debiturn</span> 
     </span>
     <span class='ocr_line' id='line_1_21' title="bbox 58 2260 1160 2341; baseline 0 -20"><span class='ocrx_word' id='word_1_162' title='bbox 58 2261 115 2322; x_wconf 87' lang='lat' dir='ltr'>sed</span> <span class='ocrx_word' id='word_1_163' title='bbox 130 2280 192 2341; x_wconf 92' lang='lat' dir='ltr'>pro</span> <span class='ocrx_word' id='word_1_164' title='bbox 204 2260 262 2322; x_wconf 87' lang='lat' dir='ltr'>ilio</span> <span class='ocrx_word' id='word_1_165' title='bbox 273 2261 461 2324; x_wconf 84' lang='lat' dir='ltr'>satisfacere</span> <span class='ocrx_word' id='word_1_166' title='bbox 478 2281 542 2322; x_wconf 93' lang='lat' dir='ltr'>non</span> <span class='ocrx_word' id='word_1_167' title='bbox 560 2269 690 2341; x_wconf 90' lang='lat' dir='ltr'>poterat</span> <span class='ocrx_word' id='word_1_168' title='bbox 704 2285 711 2340; x_wconf 80' lang='lat'>3</span> <span class='ocrx_word' id='word_1_169' title='bbox 737 2261 825 2321; x_wconf 90' lang='lat' dir='ltr'>Deus</span> <span class='ocrx_word' id='word_1_170' title='bbox 842 2270 953 2322; x_wconf 89' lang='lat' dir='ltr'>autem</span> <span class='ocrx_word' id='word_1_171' title='bbox 970 2261 1002 2321; x_wconf 92' lang='lat' dir='ltr'>in</span> <span class='ocrx_word' id='word_1_172' title='bbox 1020 2281 1054 2323; x_wconf 87' lang='lat' dir='ltr'>se</span> <span class='ocrx_word' id='word_1_173' title='bbox 1069 2261 1160 2323; x_wconf 91' lang='lat' dir='ltr'>debi-</span> 
     </span>
     <span class='ocr_line' id='line_1_22' title="bbox 58 2364 1161 2445; baseline 0 -20"><span class='ocrx_word' id='word_1_174' title='bbox 58 2375 131 2425; x_wconf 89' lang='lat' dir='ltr'>tum</span> <span class='ocrx_word' id='word_1_175' title='bbox 157 2364 280 2428; x_wconf 88' lang='lat' dir='ltr'>habere</span> <span class='ocrx_word' id='word_1_176' title='bbox 299 2366 457 2445; x_wconf 89' lang='lat' dir='ltr'>nequibat</span> <span class='ocrx_word' id='word_1_177' title='bbox 470 2386 477 2441; x_wconf 92' lang='lat'>;</span> <span class='ocrx_word' id='word_1_178' title='bbox 500 2364 558 2426; x_wconf 87' lang='lat' dir='ltr'>sed</span> <span class='ocrx_word' id='word_1_179' title='bbox 582 2364 731 2426; x_wconf 91' lang='lat' dir='ltr'>Verbum</span> <span class='ocrx_word' id='word_1_180' title='bbox 754 2364 977 2436; x_wconf 90' lang='lat' dir='ltr'>Incamatum,</span> <span class='ocrx_word' id='word_1_181' title='bbox 1000 2365 1032 2424; x_wconf 92' lang='lat' dir='ltr'>in</span> <span class='ocrx_word' id='word_1_182' title='bbox 1057 2385 1161 2444; x_wconf 90' lang='lat' dir='ltr'>quan-</span> 
     </span>
     <span class='ocr_line' id='line_1_23' title="bbox 57 2467 1163 2549; baseline 0.001 -21"><span class='ocrx_word' id='word_1_183' title='bbox 57 2477 131 2528; x_wconf 93' lang='lat' dir='ltr'>tum</span> <span class='ocrx_word' id='word_1_184' title='bbox 148 2467 248 2542; x_wconf 74' lang='lat' dir='ltr'>denno,</span> <span class='ocrx_word' id='word_1_185' title='bbox 264 2469 412 2531; x_wconf 90' lang='lat' dir='ltr'>debitum</span> <span class='ocrx_word' id='word_1_186' title='bbox 430 2469 594 2549; x_wconf 82' lang='lat' dir='ltr'>suscipere</span> <span class='ocrx_word' id='word_1_187' title='bbox 610 2467 708 2542; x_wconf 89' lang='lat' dir='ltr'>valet,</span> <span class='ocrx_word' id='word_1_188' title='bbox 722 2477 755 2530; x_wconf 90' lang='lat' dir='ltr'>et</span> <span class='ocrx_word' id='word_1_189' title='bbox 771 2477 935 2547; x_wconf 88' lang='lat' dir='ltr'>quatenus</span> <span class='ocrx_word' id='word_1_190' title='bbox 951 2467 1163 2529; x_wconf 90' lang='lat' dir='ltr'>homo-Deus</span> 
     </span>
     <span class='ocr_line' id='line_1_24' title="bbox 58 2570 1160 2650; baseline 0.001 -19"><span class='ocrx_word' id='word_1_191' title='bbox 58 2570 140 2632; x_wconf 90' lang='lat' dir='ltr'>illud</span> <span class='ocrx_word' id='word_1_192' title='bbox 163 2570 296 2633; x_wconf 90' lang='lat' dir='ltr'>solvere.</span> <span class='ocrx_word' id='word_1_193' title='bbox 344 2572 469 2633; x_wconf 90' lang='lat' dir='ltr'>Pariter</span> <span class='ocrx_word' id='word_1_194' title='bbox 485 2570 643 2633; x_wconf 89' lang='lat' dir='ltr'>mirabilis</span> <span class='ocrx_word' id='word_1_195' title='bbox 663 2570 724 2632; x_wconf 90' lang='lat' dir='ltr'>fuit</span> <span class='ocrx_word' id='word_1_196' title='bbox 743 2570 915 2650; x_wconf 87' lang='lat' dir='ltr'>sapientiae</span> <span class='ocrx_word' id='word_1_197' title='bbox 932 2570 1077 2632; x_wconf 86' lang='lat' dir='ltr'>invenire</span> <span class='ocrx_word' id='word_1_198' title='bbox 1093 2591 1160 2632; x_wconf 91' lang='lat' dir='ltr'>mo-</span> 
     </span>
     <span class='ocr_line' id='line_1_25' title="bbox 58 2672 1160 2754; baseline -0.001 -20"><span class='ocrx_word' id='word_1_199' title='bbox 58 2675 140 2735; x_wconf 94' lang='lat' dir='ltr'>dum</span> <span class='ocrx_word' id='word_1_200' title='bbox 158 2694 225 2754; x_wconf 94' lang='lat' dir='ltr'>quo</span> <span class='ocrx_word' id='word_1_201' title='bbox 238 2684 323 2737; x_wconf 88' lang='lat' dir='ltr'>terra</span> <span class='ocrx_word' id='word_1_202' title='bbox 334 2675 522 2754; x_wconf 89' lang='lat' dir='ltr'>coelumque</span> <span class='ocrx_word' id='word_1_203' title='bbox 535 2673 635 2735; x_wconf 90' lang='lat' dir='ltr'>veluti</span> <span class='ocrx_word' id='word_1_204' title='bbox 649 2682 750 2754; x_wconf 92' lang='lat' dir='ltr'>ponte</span> <span class='ocrx_word' id='word_1_205' title='bbox 760 2673 977 2752; x_wconf 83' lang='lat' dir='ltr'>jungerentur</span> <span class='ocrx_word' id='word_1_206' title='bbox 986 2694 993 2748; x_wconf 80' lang='lat'>3</span> <span class='ocrx_word' id='word_1_207' title='bbox 1010 2693 1077 2752; x_wconf 93' lang='lat' dir='ltr'>quo</span> <span class='ocrx_word' id='word_1_208' title='bbox 1091 2672 1160 2733; x_wconf 88' lang='lat' dir='ltr'>dia·</span> 
     </span>
     <span class='ocr_line' id='line_1_26' title="bbox 58 2776 1161 2858; baseline 0.001 -21"><span class='ocrx_word' id='word_1_209' title='bbox 58 2776 156 2838; x_wconf 85' lang='lat' dir='ltr'>bolus</span> <span class='ocrx_word' id='word_1_210' title='bbox 182 2776 278 2839; x_wconf 89' lang='lat' dir='ltr'>fuerit</span> <span class='ocrx_word' id='word_1_211' title='bbox 304 2779 472 2858; x_wconf 69' lang='lat' dir='ltr'>deceptus</span> <span class='ocrx_word' id='word_1_212' title='bbox 498 2786 624 2857; x_wconf 72' lang='lat' dir='ltr'>captus</span> <span class='ocrx_word' id='word_1_213' title='bbox 648 2776 802 2856; x_wconf 89' lang='lat' dir='ltr'>justeque</span> <span class='ocrx_word' id='word_1_214' title='bbox 829 2776 968 2856; x_wconf 90' lang='lat' dir='ltr'>captivis</span> <span class='ocrx_word' id='word_1_215' title='bbox 991 2776 1161 2855; x_wconf 74' lang='lat' dir='ltr'>spoliatus</span> 
     </span>
     <span class='ocr_line' id='line_1_27' title="bbox 59 2878 1159 2960; baseline -0.001 -20"><span class='ocrx_word' id='word_1_216' title='bbox 59 2899 145 2958; x_wconf 91' lang='lat' dir='ltr'>quos</span> <span class='ocrx_word' id='word_1_217' title='bbox 160 2890 261 2942; x_wconf 88' lang='lat' dir='ltr'>antea</span> <span class='ocrx_word' id='word_1_218' title='bbox 276 2881 308 2942; x_wconf 91' lang='lat' dir='ltr'>in</span> <span class='ocrx_word' id='word_1_219' title='bbox 326 2901 419 2943; x_wconf 91' lang='lat' dir='ltr'>suam</span> <span class='ocrx_word' id='word_1_220' title='bbox 437 2882 608 2960; x_wconf 85' lang='lat' dir='ltr'>redegerat</span> <span class='ocrx_word' id='word_1_221' title='bbox 624 2887 824 2959; x_wconf 90' lang='lat' dir='ltr'>potestatem</span> <span class='ocrx_word' id='word_1_222' title='bbox 840 2901 847 2954; x_wconf 90' lang='lat'>;</span> <span class='ocrx_word' id='word_1_223' title='bbox 870 2898 936 2959; x_wconf 94' lang='lat' dir='ltr'>quo</span> <span class='ocrx_word' id='word_1_224' title='bbox 951 2878 1102 2939; x_wconf 87' lang='lat' dir='ltr'>homines</span> <span class='ocrx_word' id='word_1_225' title='bbox 1119 2880 1159 2940; x_wconf 93' lang='lat' dir='ltr'>ad</span> 
     </span>
     <span class='ocr_line' id='line_1_28' title="bbox 60 2981 1160 3066; baseline 0 -22"><span class='ocrx_word' id='word_1_226' title='bbox 60 2984 174 3045; x_wconf 88' lang='lat' dir='ltr'>Deum</span> <span class='ocrx_word' id='word_1_227' title='bbox 191 2984 407 3066; x_wconf 90' lang='lat' dir='ltr'>diligendum,</span> <span class='ocrx_word' id='word_1_228' title='bbox 427 2985 605 3063; x_wconf 89' lang='lat' dir='ltr'>omniaque</span> <span class='ocrx_word' id='word_1_229' title='bbox 625 3003 684 3063; x_wconf 88' lang='lat' dir='ltr'>pro</span> <span class='ocrx_word' id='word_1_230' title='bbox 703 2981 774 3061; x_wconf 88' lang='lat' dir='ltr'>ejus</span> <span class='ocrx_word' id='word_1_231' title='bbox 795 2981 899 3060; x_wconf 74' lang='lat' dir='ltr'>gloria</span> <span class='ocrx_word' id='word_1_232' title='bbox 919 2981 1160 3044; x_wconf 89' lang='lat' dir='ltr'>immolandum</span> 
     </span>
     <span class='ocr_line' id='line_1_29' title="bbox 59 3086 486 3150; baseline 0.005 -4"><span class='ocrx_word' id='word_1_233' title='bbox 59 3086 240 3149; x_wconf 87' lang='lat' dir='ltr'>efficaciter</span> <span class='ocrx_word' id='word_1_234' title='bbox 254 3089 486 3150; x_wconf 87' lang='lat' dir='ltr'>excitarentur.</span> 
     </span>
    </p>

    <p class='ocr_par' dir='ltr' id='par_1_4' title="bbox 19 3189 1162 3995">
     <span class='ocr_line' id='line_1_30' title="bbox 62 3189 1162 3272; baseline -0.004 -18"><span class='ocrx_word' id='word_1_235' title='bbox 62 3191 109 3272; x_wconf 81' lang='lat' dir='ltr'>(c)</span> <span class='ocrx_word' id='word_1_236' title='bbox 129 3189 317 3266; x_wconf 81' lang='lat' dir='ltr'>Justin&#39;am,</span> <span class='ocrx_word' id='word_1_237' title='bbox 332 3212 407 3272; x_wconf 85' lang='lat' dir='ltr'>quae</span> <span class='ocrx_word' id='word_1_238' title='bbox 428 3199 567 3272; x_wconf 89' lang='lat' dir='ltr'>apparet</span> <span class='ocrx_word' id='word_1_239' title='bbox 584 3190 615 3250; x_wconf 92' lang='lat' dir='ltr'>in</span> <span class='ocrx_word' id='word_1_240' title='bbox 633 3209 672 3250; x_wconf 91' lang='lat' dir='ltr'>eo</span> <span class='ocrx_word' id='word_1_241' title='bbox 693 3190 782 3268; x_wconf 92' lang='lat' dir='ltr'>quod</span> <span class='ocrx_word' id='word_1_242' title='bbox 801 3190 892 3251; x_wconf 88' lang='lat' dir='ltr'>Deus</span> <span class='ocrx_word' id='word_1_243' title='bbox 908 3190 1014 3270; x_wconf 87' lang='lat' dir='ltr'>exigit</span> <span class='ocrx_word' id='word_1_244' title='bbox 1033 3211 1162 3270; x_wconf 84' lang='lat' dir='ltr'>repara·</span> 
     </span>
     <span class='ocr_line' id='line_1_31' title="bbox 19 3290 1161 3375; baseline -0.004 -18"><span class='ocrx_word' id='word_1_245' title='bbox 19 3305 22 3311; x_wconf 87' lang='lat'>&#39;</span> <span class='ocrx_word' id='word_1_246' title='bbox 60 3295 188 3357; x_wconf 91' lang='lat' dir='ltr'>tionem</span> <span class='ocrx_word' id='word_1_247' title='bbox 219 3295 505 3375; x_wconf 87' lang='lat' dir='ltr'>proportionatam</span> <span class='ocrx_word' id='word_1_248' title='bbox 537 3292 653 3372; x_wconf 86' lang='lat' dir='ltr'>culpae,</span> <span class='ocrx_word' id='word_1_249' title='bbox 682 3292 808 3353; x_wconf 90' lang='lat' dir='ltr'>scilicet</span> <span class='ocrx_word' id='word_1_250' title='bbox 838 3290 1006 3354; x_wconf 69' lang='lat' dir='ltr'>vidtimam</span> <span class='ocrx_word' id='word_1_251' title='bbox 1043 3291 1161 3353; x_wconf 82' lang='lat' dir='ltr'>infiniti</span> 
     </span>
     <span class='ocr_line' id='line_1_32' title="bbox 60 3394 1162 3477; baseline 0 -20"><span class='ocrx_word' id='word_1_252' title='bbox 60 3397 169 3477; x_wconf 90' lang='lat' dir='ltr'>pretii,</span> <span class='ocrx_word' id='word_1_253' title='bbox 182 3396 281 3476; x_wconf 88' lang='lat' dir='ltr'>juxta</span> <span class='ocrx_word' id='word_1_254' title='bbox 298 3395 401 3458; x_wconf 86' lang='lat' dir='ltr'>iliud:</span> <span class='ocrx_word' id='word_1_255' title='bbox 426 3394 565 3475; x_wconf 81' lang='lat' dir='ltr'>“Quem</span> <span class='ocrx_word' id='word_1_256' title='bbox 583 3397 755 3474; x_wconf 89' lang='lat' dir='ltr'>proposuit</span> <span class='ocrx_word' id='word_1_257' title='bbox 773 3396 865 3457; x_wconf 88' lang='lat' dir='ltr'>Deus</span> <span class='ocrx_word' id='word_1_258' title='bbox 882 3396 1162 3476; x_wconf 88' lang='lat' dir='ltr'>propitiationem,</span> 
     </span>
     <span class='ocr_line' id='line_1_33' title="bbox 60 3498 1162 3580; baseline 0 -20"><span class='ocrx_word' id='word_1_259' title='bbox 60 3498 235 3580; x_wconf 88' lang='lat' dir='ltr'>perfidem</span> <span class='ocrx_word' id='word_1_260' title='bbox 253 3499 285 3560; x_wconf 94' lang='lat' dir='ltr'>in</span> <span class='ocrx_word' id='word_1_261' title='bbox 302 3500 463 3580; x_wconf 87' lang='lat' dir='ltr'>sanguine</span> <span class='ocrx_word' id='word_1_262' title='bbox 480 3499 590 3578; x_wconf 78' lang='lat' dir='ltr'>ipsiuS,</span> <span class='ocrx_word' id='word_1_263' title='bbox 603 3498 644 3559; x_wconf 94' lang='lat' dir='ltr'>ad</span> <span class='ocrx_word' id='word_1_264' title='bbox 661 3501 866 3561; x_wconf 82' lang='lat' dir='ltr'>ostensionem</span> <span class='ocrx_word' id='word_1_265' title='bbox 873 3499 1019 3578; x_wconf 75' lang='lat' dir='ltr'>justitie</span> <span class='ocrx_word' id='word_1_266' title='bbox 1032 3500 1122 3561; x_wconf 81' lang='lat' dir='ltr'>snce&#39;&#39;</span> <span class='ocrx_word' id='word_1_267' title='bbox 1134 3511 1162 3572; x_wconf 81' lang='lat'>5,-</span> 
     </span>
     <span class='ocr_line' id='line_1_34' title="bbox 60 3601 1161 3684; baseline -0.002 -19"><span class='ocrx_word' id='word_1_268' title='bbox 60 3605 134 3684; x_wconf 92' lang='lat' dir='ltr'>quis</span> <span class='ocrx_word' id='word_1_269' title='bbox 160 3604 248 3665; x_wconf 90' lang='lat' dir='ltr'>enim</span> <span class='ocrx_word' id='word_1_270' title='bbox 273 3603 438 3684; x_wconf 89' lang='lat' dir='ltr'>justitiam</span> <span class='ocrx_word' id='word_1_271' title='bbox 463 3603 526 3662; x_wconf 91' lang='lat' dir='ltr'>Dei</span> <span class='ocrx_word' id='word_1_272' title='bbox 551 3621 617 3663; x_wconf 93' lang='lat' dir='ltr'>non</span> <span class='ocrx_word' id='word_1_273' title='bbox 646 3603 817 3663; x_wconf 88' lang='lat' dir='ltr'>miraretur</span> <span class='ocrx_word' id='word_1_274' title='bbox 840 3601 938 3663; x_wconf 88' lang='lat' dir='ltr'>simul</span> <span class='ocrx_word' id='word_1_275' title='bbox 966 3611 999 3662; x_wconf 91' lang='lat' dir='ltr'>et</span> <span class='ocrx_word' id='word_1_276' title='bbox 1022 3603 1161 3676; x_wconf 87' lang='lat' dir='ltr'>timeret,</span> 
     </span>
     <span class='ocr_line' id='line_1_35' title="bbox 59 3704 1162 3786; baseline -0.002 -18"><span class='ocrx_word' id='word_1_277' title='bbox 59 3705 207 3769; x_wconf 91' lang='lat' dir='ltr'>videndo</span> <span class='ocrx_word' id='word_1_278' title='bbox 222 3716 385 3786; x_wconf 91' lang='lat' dir='ltr'>quantum</span> <span class='ocrx_word' id='word_1_279' title='bbox 405 3705 606 3784; x_wconf 85' lang='lat' dir='ltr'>Unigenitus</span> <span class='ocrx_word' id='word_1_280' title='bbox 624 3705 687 3766; x_wconf 90' lang='lat' dir='ltr'>Dei</span> <span class='ocrx_word' id='word_1_281' title='bbox 706 3705 808 3766; x_wconf 82' lang='lat' dir='ltr'>Filius</span> <span class='ocrx_word' id='word_1_282' title='bbox 825 3706 893 3786; x_wconf 94' lang='lat' dir='ltr'>pati</span> <span class='ocrx_word' id='word_1_283' title='bbox 910 3704 1069 3780; x_wconf 86' lang='lat' dir='ltr'>debuerit,</span> <span class='ocrx_word' id='word_1_284' title='bbox 1086 3705 1162 3766; x_wconf 88' lang='lat' dir='ltr'>iicet</span> 
     </span>
     <span class='ocr_line' id='line_1_36' title="bbox 60 3807 1161 3888; baseline -0.002 -19"><span class='ocrx_word' id='word_1_285' title='bbox 60 3809 229 3884; x_wconf 90' lang='lat' dir='ltr'>innocens,</span> <span class='ocrx_word' id='word_1_286' title='bbox 251 3808 295 3870; x_wconf 88' lang='lat' dir='ltr'>ad</span> <span class='ocrx_word' id='word_1_287' title='bbox 319 3817 456 3888; x_wconf 93' lang='lat' dir='ltr'>peccata</span> <span class='ocrx_word' id='word_1_288' title='bbox 479 3816 592 3868; x_wconf 89' lang='lat' dir='ltr'>nostra</span> <span class='ocrx_word' id='word_1_289' title='bbox 616 3808 864 3887; x_wconf 84' lang='lat' dir='ltr'>exstergenda?</span> <span class='ocrx_word' id='word_1_290' title='bbox 917 3807 983 3869; x_wconf 88' lang='lat' dir='ltr'>“Si</span> <span class='ocrx_word' id='word_1_291' title='bbox 1007 3808 1039 3868; x_wconf 95' lang='lat' dir='ltr'>in</span> <span class='ocrx_word' id='word_1_292' title='bbox 1067 3807 1161 3868; x_wconf 89' lang='lat' dir='ltr'>viridi</span> 
     </span>
     <span class='ocr_line' id='line_1_37' title="bbox 59 3909 795 3995; baseline 0.001 -23"><span class='ocrx_word' id='word_1_293' title='bbox 59 3911 153 3992; x_wconf 85' lang='lat' dir='ltr'>ligno</span> <span class='ocrx_word' id='word_1_294' title='bbox 169 3909 241 3972; x_wconf 89' lang='lat' dir='ltr'>haec</span> <span class='ocrx_word' id='word_1_295' title='bbox 257 3909 391 3995; x_wconf 81' lang='lat' dir='ltr'>faciunt,</span> <span class='ocrx_word' id='word_1_296' title='bbox 407 3912 439 3971; x_wconf 91' lang='lat' dir='ltr'>in</span> <span class='ocrx_word' id='word_1_297' title='bbox 457 3912 550 3972; x_wconf 88' lang='lat' dir='ltr'>arido</span> <span class='ocrx_word' id='word_1_298' title='bbox 567 3912 645 3990; x_wconf 90' lang='lat' dir='ltr'>quid</span> <span class='ocrx_word' id='word_1_299' title='bbox 664 3910 720 3972; x_wconf 89' lang='lat' dir='ltr'>fiet</span> <span class='ocrx_word' id='word_1_300' title='bbox 733 3911 747 3933; x_wconf 88' lang='lat'>&#39;&#39;</span> <span class='ocrx_word' id='word_1_301' title='bbox 759 3911 795 3973; x_wconf 81' lang='lat'>6?</span> 
     </span>
    </p>
   </div>
   <div class='ocr_carea' id='block_1_3' title="bbox 93 4130 1046 4291">
    <p class='ocr_par' dir='ltr' id='par_1_5' title="bbox 93 4130 1046 4291">
     <span class='ocr_line' id='line_1_38' title="bbox 93 4130 901 4201; baseline -0.007 -13"><span class='ocrx_word' id='word_1_302' title='bbox 93 4135 195 4188; x_wconf 72' lang='lat' dir='ltr'>¹Rem.</span> <span class='ocrx_word' id='word_1_303' title='bbox 212 4133 245 4200; x_wconf 92' lang='lat' dir='ltr'>V,</span> <span class='ocrx_word' id='word_1_304' title='bbox 258 4133 283 4186; x_wconf 92' lang='lat'>8.</span> <span class='ocrx_word' id='word_1_305' title='bbox 299 4130 356 4173; x_wconf 55' lang='grc' dir='ltr'>»Ι</span> <span class='ocrx_word' id='word_1_306' title='bbox 372 4134 399 4187; x_wconf 88' lang='lat' dir='ltr'><em>T</em></span> <span class='ocrx_word' id='word_1_307' title='bbox 396 4135 426 4186; x_wconf 74' lang='lat' dir='ltr'>it.</span> <span class='ocrx_word' id='word_1_308' title='bbox 443 4133 481 4198; x_wconf 89' lang='lat'>11,</span> <span class='ocrx_word' id='word_1_309' title='bbox 498 4147 537 4197; x_wconf 86' lang='lat'>14.</span> <span class='ocrx_word' id='word_1_310' title='bbox 553 4163 588 4170; x_wconf 88' lang='lat'>-—</span> <span class='ocrx_word' id='word_1_311' title='bbox 600 4133 610 4163; x_wconf 86' lang='lat'>³</span> <span class='ocrx_word' id='word_1_312' title='bbox 624 4134 712 4185; x_wconf 86' lang='lat' dir='ltr'>Serm.</span> <span class='ocrx_word' id='word_1_313' title='bbox 730 4133 740 4183; x_wconf 94' lang='grc' dir='ltr'>Ι</span> <span class='ocrx_word' id='word_1_314' title='bbox 756 4133 784 4183; x_wconf 91' lang='lat' dir='ltr'>in</span> <span class='ocrx_word' id='word_1_315' title='bbox 799 4131 901 4201; x_wconf 84' lang='lat' dir='ltr'>Epiph.</span> 
     </span>
     <span class='ocr_line' id='line_1_39' title="bbox 93 4217 1046 4291; baseline 0 -18"><span class='ocrx_word' id='word_1_316' title='bbox 93 4220 163 4273; x_wconf 85' lang='lat' dir='ltr'>⁴Ps.</span> <span class='ocrx_word' id='word_1_317' title='bbox 178 4220 302 4271; x_wconf 85' lang='lat' dir='ltr'><strong><em>LXXXI</em></strong></span> <span class='ocrx_word' id='word_1_318' title='bbox 307 4220 335 4285; x_wconf 82' lang='lat' dir='ltr'>V,</span> <span class='ocrx_word' id='word_1_319' title='bbox 351 4233 390 4271; x_wconf 81' lang='grc' dir='ltr'>ιι.</span> <span class='ocrx_word' id='word_1_320' title='bbox 407 4249 442 4256; x_wconf 90' lang='grc'><strong>-</strong></span> <span class='ocrx_word' id='word_1_321' title='bbox 455 4217 556 4273; x_wconf 65' lang='lat' dir='ltr'>&#39;Reen</span> <span class='ocrx_word' id='word_1_322' title='bbox 574 4221 584 4272; x_wconf 97' lang='grc' dir='ltr'>Ι</span> <span class='ocrx_word' id='word_1_323' title='bbox 591 4221 601 4272; x_wconf 97' lang='grc' dir='ltr'>Ι</span> <span class='ocrx_word' id='word_1_324' title='bbox 608 4221 627 4273; x_wconf 93' lang='grc' dir='ltr'>Ι,</span> <span class='ocrx_word' id='word_1_325' title='bbox 645 4236 687 4291; x_wconf 84' lang='lat'>25.</span> <span class='ocrx_word' id='word_1_326' title='bbox 705 4252 739 4259; x_wconf 91' lang='lat'><em>-</em></span> <span class='ocrx_word' id='word_1_327' title='bbox 752 4221 763 4254; x_wconf 77' lang='lat'><strong>⁶</strong></span> <span class='ocrx_word' id='word_1_328' title='bbox 777 4221 848 4275; x_wconf 79' lang='lat' dir='ltr'>an.</span> <span class='ocrx_word' id='word_1_329' title='bbox 864 4219 987 4286; x_wconf 65' lang='lat' dir='ltr'>xxxii,</span> <span class='ocrx_word' id='word_1_330' title='bbox 1000 4230 1046 4285; x_wconf 69' lang='lat' dir='ltr'>3t.</span> 
     </span>
    </p>
   </div>
   <div class='ocr_carea' id='block_1_4' title="bbox 0 0 1350 4634">
    <p class='ocr_par' dir='ltr' id='par_1_6' title="bbox 0 0 1350 4634">
     <span class='ocr_line' id='line_1_40' title="bbox 0 0 1350 4634; baseline 0 0"><span class='ocrx_word' id='word_1_331' title='bbox 0 0 1350 4634; x_wconf 95' lang='lat' dir='ltr'> </span> 
     </span>
    </p>
   </div>
  </div>
 </body>
</html>
