<?xml version="1.0" encoding="UTF-8"?>
<!DOCTYPE html PUBLIC "-//W3C//DTD XHTML 1.0 Transitional//EN"
    "http://www.w3.org/TR/xhtml1/DTD/xhtml1-transitional.dtd">
<html xmlns="http://www.w3.org/1999/xhtml" xml:lang="en" lang="en">
 <head>
  <title>
</title>
<meta http-equiv="Content-Type" content="text/html;charset=utf-8" />
  <meta name='ocr-system' content='tesseract 3.04.00' />
  <meta name='ocr-capabilities' content='ocr_page ocr_carea ocr_par ocr_line ocrx_word'/>
</head>
<body>
  <div class='ocr_page' id='page_1' title='image "./synopsistheolog00tanqgoog_0466.png"; bbox 0 0 2684 4634; ppageno 0'>
   <div class='ocr_carea' id='block_1_1' title="bbox 338 167 1153 219">
    <p class='ocr_par' dir='ltr' id='par_1_1' title="bbox 338 167 1153 219">
     <span class='ocr_line' id='line_1_1' title="bbox 338 167 1153 219; baseline -0.001 -1"><span class='ocrx_word' id='word_1_1' title='bbox 338 169 394 218; x_wconf 84' lang='lat' dir='ltr'>DE</span> <span class='ocrx_word' id='word_1_2' title='bbox 415 168 665 217; x_wconf 78' lang='lat' dir='ltr'>DIVINI&#39;I‘A&#39;I‘E</span> <span class='ocrx_word' id='word_1_3' title='bbox 685 169 866 219; x_wconf 79' lang='lat' dir='ltr'>CHRISTI.</span> <span class='ocrx_word' id='word_1_4' title='bbox 1084 167 1153 217; x_wconf 78' lang='lat'>445</span> 
     </span>
    </p>
   </div>
   <div class='ocr_carea' id='block_1_2' title="bbox 44 345 1157 506">
    <p class='ocr_par' dir='ltr' id='par_1_2' title="bbox 44 345 1157 506">
     <span class='ocr_line' id='line_1_2' title="bbox 44 345 1157 418; baseline 0 -16"><span class='ocrx_word' id='word_1_5' title='bbox 44 363 120 403; x_wconf 90' lang='lat' dir='ltr'>cum</span> <span class='ocrx_word' id='word_1_6' title='bbox 141 346 230 403; x_wconf 89' lang='lat' dir='ltr'>Patre</span> <span class='ocrx_word' id='word_1_7' title='bbox 247 346 425 404; x_wconf 88' lang='lat' dir='ltr'>adorandus.</span> <span class='ocrx_word' id='word_1_8' title='bbox 467 346 546 418; x_wconf 82' lang='lat' dir='ltr'>Ergo</span> <span class='ocrx_word' id='word_1_9' title='bbox 565 364 600 404; x_wconf 88' lang='lat' dir='ltr'>ex</span> <span class='ocrx_word' id='word_1_10' title='bbox 619 345 728 416; x_wconf 84' lang='lat' dir='ltr'>agendi</span> <span class='ocrx_word' id='word_1_11' title='bbox 747 345 860 403; x_wconf 84' lang='lat' dir='ltr'>ratione</span> <span class='ocrx_word' id='word_1_12' title='bbox 880 345 1022 402; x_wconf 89' lang='lat' dir='ltr'>Ecclesiae</span> <span class='ocrx_word' id='word_1_13' title='bbox 1041 354 1157 402; x_wconf 89' lang='lat' dir='ltr'>constat</span> 
     </span>
     <span class='ocr_line' id='line_1_3' title="bbox 45 433 1144 506; baseline -0.004 -14"><span class='ocrx_word' id='word_1_14' title='bbox 45 433 239 492; x_wconf 88' lang='lat' dir='ltr'>divinitatem</span> <span class='ocrx_word' id='word_1_15' title='bbox 253 434 363 493; x_wconf 89' lang='lat' dir='ltr'>Christi</span> <span class='ocrx_word' id='word_1_16' title='bbox 375 433 477 506; x_wconf 91' lang='lat' dir='ltr'>primis</span> <span class='ocrx_word' id='word_1_17' title='bbox 491 435 607 491; x_wconf 86' lang='lat' dir='ltr'>saeculis</span> <span class='ocrx_word' id='word_1_18' title='bbox 620 444 651 491; x_wconf 95' lang='lat' dir='ltr'>ut</span> <span class='ocrx_word' id='word_1_19' title='bbox 664 434 774 505; x_wconf 85' lang='lat' dir='ltr'>dogma</span> <span class='ocrx_word' id='word_1_20' title='bbox 788 434 858 492; x_wconf 88' lang='lat' dir='ltr'>fidei</span> <span class='ocrx_word' id='word_1_21' title='bbox 872 433 960 491; x_wconf 84' lang='lat' dir='ltr'>fuisse</span> <span class='ocrx_word' id='word_1_22' title='bbox 973 433 1144 491; x_wconf 82' lang='lat' dir='ltr'><strong>admissam.</strong></span> 
     </span>
    </p>
   </div>
   <div class='ocr_carea' id='block_1_3' title="bbox 47 553 1179 2893">
    <p class='ocr_par' dir='ltr' id='par_1_3' title="bbox 84 553 710 628">
     <span class='ocr_line' id='line_1_4' title="bbox 84 553 710 628; baseline -0.003 -17"><span class='ocrx_word' id='word_1_23' title='bbox 84 571 127 628; x_wconf 88' lang='lat'>72.</span> <span class='ocrx_word' id='word_1_24' title='bbox 170 570 200 610; x_wconf 84' lang='lat'>20</span> <span class='ocrx_word' id='word_1_25' title='bbox 212 555 265 611; x_wconf 82' lang='lat' dir='ltr'>Ex</span> <span class='ocrx_word' id='word_1_26' title='bbox 277 554 435 611; x_wconf 81' lang='lat' dir='ltr'>testimonio</span> <span class='ocrx_word' id='word_1_27' title='bbox 446 553 579 612; x_wconf 80' lang='lat' dir='ltr'>Ecclesice</span> <span class='ocrx_word' id='word_1_28' title='bbox 590 553 710 610; x_wconf 65' lang='lat' dir='ltr'>urantur.</span> 
     </span>
    </p>

    <p class='ocr_par' dir='ltr' id='par_1_4' title="bbox 47 641 1179 1846">
     <span class='ocr_line' id='line_1_5' title="bbox 85 641 1157 712; baseline -0.004 -13"><span class='ocrx_word' id='word_1_29' title='bbox 85 641 181 700; x_wconf 87' lang='lat' dir='ltr'>Fides</span> <span class='ocrx_word' id='word_1_30' title='bbox 203 642 347 701; x_wconf 90' lang='lat' dir='ltr'>Ecclesiae</span> <span class='ocrx_word' id='word_1_31' title='bbox 366 642 477 700; x_wconf 90' lang='lat' dir='ltr'>orantis</span> <span class='ocrx_word' id='word_1_32' title='bbox 499 641 703 699; x_wconf 86' lang='lat' dir='ltr'>manifestatur</span> <span class='ocrx_word' id='word_1_33' title='bbox 723 652 785 698; x_wconf 92' lang='lat' dir='ltr'>tum</span> <span class='ocrx_word' id='word_1_34' title='bbox 805 658 857 712; x_wconf 90' lang='lat' dir='ltr'>per</span> <span class='ocrx_word' id='word_1_35' title='bbox 877 641 999 711; x_wconf 89' lang='lat' dir='ltr'>cultum,</span> <span class='ocrx_word' id='word_1_36' title='bbox 1021 650 1084 697; x_wconf 90' lang='lat' dir='ltr'>tum</span> <span class='ocrx_word' id='word_1_37' title='bbox 1106 657 1157 710; x_wconf 92' lang='lat' dir='ltr'>per</span> 
     </span>
     <span class='ocr_line' id='line_1_6' title="bbox 47 726 1155 802; baseline -0.005 -15"><span class='ocrx_word' id='word_1_38' title='bbox 47 747 177 802; x_wconf 88' lang='lat' dir='ltr'>preces:</span> <span class='ocrx_word' id='word_1_39' title='bbox 199 729 246 799; x_wconf 82' lang='lat' dir='ltr'>(A)</span> <span class='ocrx_word' id='word_1_40' title='bbox 264 733 301 785; x_wconf 87' lang='lat' dir='ltr'>Iu</span> <span class='ocrx_word' id='word_1_41' title='bbox 314 729 398 786; x_wconf 76' lang='lat' dir='ltr'>uultu.</span> <span class='ocrx_word' id='word_1_42' title='bbox 437 729 558 788; x_wconf 87' lang='lat' dir='ltr'>Certum</span> <span class='ocrx_word' id='word_1_43' title='bbox 578 738 622 786; x_wconf 92' lang='lat' dir='ltr'>est</span> <span class='ocrx_word' id='word_1_44' title='bbox 638 730 698 800; x_wconf 85' lang='lat' dir='ltr'>jam</span> <span class='ocrx_word' id='word_1_45' title='bbox 718 747 736 784; x_wconf 90' lang='lat' dir='ltr'>a</span> <span class='ocrx_word' id='word_1_46' title='bbox 754 729 854 800; x_wconf 78' lang='lat' dir='ltr'>prImis</span> <span class='ocrx_word' id='word_1_47' title='bbox 872 728 1055 800; x_wconf 88' lang='lat' dir='ltr'>temporibus</span> <span class='ocrx_word' id='word_1_48' title='bbox 1073 726 1155 785; x_wconf 89' lang='lat' dir='ltr'>Chri-</span> 
     </span>
     <span class='ocr_line' id='line_1_7' title="bbox 47 800 1156 887; baseline -0.005 -11"><span class='ocrx_word' id='word_1_49' title='bbox 47 828 131 876; x_wconf 90' lang='lat' dir='ltr'>stum</span> <span class='ocrx_word' id='word_1_50' title='bbox 143 817 260 875; x_wconf 85' lang='lat' dir='ltr'>suissea</span> <span class='ocrx_word' id='word_1_51' title='bbox 271 817 446 876; x_wconf 90' lang='lat' dir='ltr'>Christianis</span> <span class='ocrx_word' id='word_1_52' title='bbox 456 817 621 875; x_wconf 91' lang='lat' dir='ltr'>adoratum.</span> <span class='ocrx_word' id='word_1_53' title='bbox 661 819 702 887; x_wconf 78' lang='lat' dir='ltr'>(a)</span> <span class='ocrx_word' id='word_1_54' title='bbox 716 800 821 874; x_wconf 77' lang='lat' dir='ltr'>Testes</span> <span class='ocrx_word' id='word_1_55' title='bbox 834 827 903 875; x_wconf 88' lang='lat' dir='ltr'>sunt</span> <span class='ocrx_word' id='word_1_56' title='bbox 916 816 1074 876; x_wconf 85' lang='lat' dir='ltr'>Christiani</span> <span class='ocrx_word' id='word_1_57' title='bbox 1088 816 1156 872; x_wconf 87' lang='lat' dir='ltr'>scri-</span> 
     </span>
     <span class='ocr_line' id='line_1_8' title="bbox 48 902 1156 976; baseline -0.004 -13"><span class='ocrx_word' id='word_1_58' title='bbox 48 914 174 976; x_wconf 86' lang='lat' dir='ltr'>ptores:</span> <span class='ocrx_word' id='word_1_59' title='bbox 198 905 396 962; x_wconf 79' lang='lat' dir='ltr'>Tertullianus</span> <span class='ocrx_word' id='word_1_60' title='bbox 414 905 452 962; x_wconf 88' lang='lat' dir='ltr'>de</span> <span class='ocrx_word' id='word_1_61' title='bbox 472 903 593 964; x_wconf 90' lang='lat' dir='ltr'>Christo</span> <span class='ocrx_word' id='word_1_62' title='bbox 611 904 668 961; x_wconf 85' lang='lat' dir='ltr'>ait¹</span> <span class='ocrx_word' id='word_1_63' title='bbox 688 926 693 961; x_wconf 93' lang='lat'>:</span> <span class='ocrx_word' id='word_1_64' title='bbox 714 905 732 932; x_wconf 83' lang='lat'>‘⁴</span> <span class='ocrx_word' id='word_1_65' title='bbox 744 904 867 975; x_wconf 87' lang='lat' dir='ltr'>Ubique</span> <span class='ocrx_word' id='word_1_66' title='bbox 886 903 1024 973; x_wconf 89' lang='lat' dir='ltr'>creditur,</span> <span class='ocrx_word' id='word_1_67' title='bbox 1046 902 1156 973; x_wconf 89' lang='lat' dir='ltr'>ubique</span> 
     </span>
     <span class='ocr_line' id='line_1_9' title="bbox 48 989 1157 1063; baseline -0.003 -15"><span class='ocrx_word' id='word_1_68' title='bbox 48 1001 167 1062; x_wconf 88' lang='lat' dir='ltr'>regnat,</span> <span class='ocrx_word' id='word_1_69' title='bbox 187 991 299 1063; x_wconf 90' lang='lat' dir='ltr'>ubique</span> <span class='ocrx_word' id='word_1_70' title='bbox 319 990 485 1048; x_wconf 83' lang='lat' dir='ltr'>adoratur”</span> <span class='ocrx_word' id='word_1_71' title='bbox 500 1013 510 1046; x_wconf 92' lang='lat'>.·</span> <span class='ocrx_word' id='word_1_72' title='bbox 530 991 600 1048; x_wconf 89' lang='lat' dir='ltr'>item</span> <span class='ocrx_word' id='word_1_73' title='bbox 621 991 821 1062; x_wconf 87' lang='lat' dir='ltr'>Smyrnenses,</span> <span class='ocrx_word' id='word_1_74' title='bbox 841 991 870 1047; x_wconf 92' lang='lat' dir='ltr'>in</span> <span class='ocrx_word' id='word_1_75' title='bbox 893 991 1027 1062; x_wconf 73' lang='lat' dir='ltr'>Epistola</span> <span class='ocrx_word' id='word_1_76' title='bbox 1049 989 1077 1045; x_wconf 94' lang='lat' dir='ltr'>in</span> <span class='ocrx_word' id='word_1_77' title='bbox 1099 989 1157 1060; x_wconf 65' lang='lat' dir='ltr'>qni</span> 
     </span>
     <span class='ocr_line' id='line_1_10' title="bbox 49 1077 1156 1150; baseline -0.003 -15"><span class='ocrx_word' id='word_1_78' title='bbox 49 1077 225 1150; x_wconf 87' lang='lat' dir='ltr'>martyrium</span> <span class='ocrx_word' id='word_1_79' title='bbox 246 1078 275 1136; x_wconf 87' lang='lat' dir='ltr'>S.</span> <span class='ocrx_word' id='word_1_80' title='bbox 299 1077 452 1150; x_wconf 90' lang='lat' dir='ltr'>Polycarpi</span> <span class='ocrx_word' id='word_1_81' title='bbox 473 1077 655 1147; x_wconf 89' lang='lat' dir='ltr'>describunt,</span> <span class='ocrx_word' id='word_1_82' title='bbox 677 1077 742 1134; x_wconf 86' lang='lat' dir='ltr'>haec</span> <span class='ocrx_word' id='word_1_83' title='bbox 761 1077 874 1136; x_wconf 93' lang='lat' dir='ltr'>habent</span> <span class='ocrx_word' id='word_1_84' title='bbox 892 1079 932 1149; x_wconf 83' lang='lat' dir='ltr'>(n.</span> <span class='ocrx_word' id='word_1_85' title='bbox 952 1079 1017 1149; x_wconf 87' lang='lat'>17):</span> <span class='ocrx_word' id='word_1_86' title='bbox 1040 1077 1156 1133; x_wconf 87' lang='lat' dir='ltr'>“Illum</span> 
     </span>
     <span class='ocr_line' id='line_1_11' title="bbox 50 1164 1179 1238; baseline -0.003 -16"><span class='ocrx_word' id='word_1_87' title='bbox 50 1164 232 1236; x_wconf 87' lang='lat' dir='ltr'>(Christum)</span> <span class='ocrx_word' id='word_1_88' title='bbox 250 1175 354 1236; x_wconf 89' lang='lat' dir='ltr'>utpote</span> <span class='ocrx_word' id='word_1_89' title='bbox 373 1165 482 1223; x_wconf 89' lang='lat' dir='ltr'>Filium</span> <span class='ocrx_word' id='word_1_90' title='bbox 503 1165 564 1222; x_wconf 89' lang='lat' dir='ltr'>Dei</span> <span class='ocrx_word' id='word_1_91' title='bbox 582 1165 746 1235; x_wconf 85' lang='lat' dir='ltr'>adoramus,</span> <span class='ocrx_word' id='word_1_92' title='bbox 765 1176 904 1238; x_wconf 83' lang='lat' dir='ltr'>martyres</span> <span class='ocrx_word' id='word_1_93' title='bbox 923 1184 992 1224; x_wconf 87' lang='lat' dir='ltr'>vero</span> <span class='ocrx_word' id='word_1_94' title='bbox 1014 1176 1155 1236; x_wconf 87' lang='lat' dir='ltr'>tanquam</span> <span class='ocrx_word' id='word_1_95' title='bbox 1176 1170 1179 1175; x_wconf 88' lang='lat'>&#39;</span> 
     </span>
     <span class='ocr_line' id='line_1_12' title="bbox 51 1250 1156 1324; baseline 0.002 -17"><span class='ocrx_word' id='word_1_96' title='bbox 51 1250 218 1324; x_wconf 91' lang='lat' dir='ltr'>discipulos</span> <span class='ocrx_word' id='word_1_97' title='bbox 231 1261 260 1309; x_wconf 89' lang='lat' dir='ltr'>et</span> <span class='ocrx_word' id='word_1_98' title='bbox 273 1252 434 1310; x_wconf 89' lang='lat' dir='ltr'>imitatores</span> <span class='ocrx_word' id='word_1_99' title='bbox 448 1251 571 1309; x_wconf 92' lang='lat' dir='ltr'>Domini</span> <span class='ocrx_word' id='word_1_100' title='bbox 585 1251 690 1309; x_wconf 90' lang='lat' dir='ltr'>merito</span> <span class='ocrx_word' id='word_1_101' title='bbox 703 1270 804 1309; x_wconf 84' lang='lat' dir='ltr'>amore</span> <span class='ocrx_word' id='word_1_102' title='bbox 818 1253 1025 1324; x_wconf 87' lang='lat' dir='ltr'>prosequimur</span> <span class='ocrx_word' id='word_1_103' title='bbox 1035 1252 1069 1308; x_wconf 84' lang='lat'>&#39;’:</span> <span class='ocrx_word' id='word_1_104' title='bbox 1089 1270 1156 1324; x_wconf 88' lang='lat' dir='ltr'>quae</span> 
     </span>
     <span class='ocr_line' id='line_1_13' title="bbox 51 1337 1155 1410; baseline -0.002 -15"><span class='ocrx_word' id='word_1_105' title='bbox 51 1337 178 1409; x_wconf 90' lang='lat' dir='ltr'>quidem</span> <span class='ocrx_word' id='word_1_106' title='bbox 191 1338 281 1396; x_wconf 91' lang='lat' dir='ltr'>verba</span> <span class='ocrx_word' id='word_1_107' title='bbox 295 1338 422 1410; x_wconf 89' lang='lat' dir='ltr'>probant</span> <span class='ocrx_word' id='word_1_108' title='bbox 435 1339 556 1408; x_wconf 89' lang='lat' dir='ltr'>cultum,</span> <span class='ocrx_word' id='word_1_109' title='bbox 571 1337 690 1396; x_wconf 89' lang='lat' dir='ltr'>Christo</span> <span class='ocrx_word' id='word_1_110' title='bbox 703 1338 863 1409; x_wconf 88' lang='lat' dir='ltr'>redditum,</span> <span class='ocrx_word' id='word_1_111' title='bbox 880 1339 969 1396; x_wconf 83' lang='lat' dir='ltr'>fuisse</span> <span class='ocrx_word' id='word_1_112' title='bbox 983 1356 1155 1410; x_wconf 90' lang='lat' dir='ltr'>supremum</span> 
     </span>
     <span class='ocr_line' id='line_1_14' title="bbox 51 1425 1156 1499; baseline 0 -18"><span class='ocrx_word' id='word_1_113' title='bbox 51 1425 147 1484; x_wconf 86' lang='lat' dir='ltr'>latriae</span> <span class='ocrx_word' id='word_1_114' title='bbox 159 1426 281 1484; x_wconf 89' lang='lat' dir='ltr'>cultum.</span> <span class='ocrx_word' id='word_1_115' title='bbox 321 1427 362 1498; x_wconf 85' lang='lat' dir='ltr'>(b)</span> <span class='ocrx_word' id='word_1_116' title='bbox 374 1427 479 1485; x_wconf 92' lang='lat' dir='ltr'>Testes</span> <span class='ocrx_word' id='word_1_117' title='bbox 497 1436 566 1483; x_wconf 90' lang='lat' dir='ltr'>sunt</span> <span class='ocrx_word' id='word_1_118' title='bbox 585 1426 674 1484; x_wconf 86' lang='lat' dir='ltr'>etiam</span> <span class='ocrx_word' id='word_1_119' title='bbox 693 1428 800 1498; x_wconf 85' lang='lat' dir='ltr'>pagani</span> <span class='ocrx_word' id='word_1_120' title='bbox 815 1428 993 1499; x_wconf 88' lang='lat' dir='ltr'>scriptores;</span> <span class='ocrx_word' id='word_1_121' title='bbox 1012 1445 1080 1484; x_wconf 92' lang='lat' dir='ltr'>nam</span> <span class='ocrx_word' id='word_1_122' title='bbox 1094 1425 1156 1482; x_wconf 86' lang='lat' dir='ltr'>Pli-</span> 
     </span>
     <span class='ocr_line' id='line_1_15' title="bbox 53 1512 1156 1584; baseline 0 -16"><span class='ocrx_word' id='word_1_123' title='bbox 53 1513 140 1568; x_wconf 82' lang='lat' dir='ltr'>nius²</span> <span class='ocrx_word' id='word_1_124' title='bbox 152 1512 283 1584; x_wconf 90' lang='lat' dir='ltr'>loquitur</span> <span class='ocrx_word' id='word_1_125' title='bbox 296 1513 335 1571; x_wconf 94' lang='lat' dir='ltr'>de</span> <span class='ocrx_word' id='word_1_126' title='bbox 348 1512 523 1572; x_wconf 91' lang='lat' dir='ltr'>Christianis</span> <span class='ocrx_word' id='word_1_127' title='bbox 536 1512 587 1584; x_wconf 90' lang='lat' dir='ltr'>qui</span> <span class='ocrx_word' id='word_1_128' title='bbox 601 1512 746 1583; x_wconf 89' lang='lat' dir='ltr'>solebant,</span> <span class='ocrx_word' id='word_1_129' title='bbox 760 1523 868 1571; x_wconf 89' lang='lat' dir='ltr'>statuta</span> <span class='ocrx_word' id='word_1_130' title='bbox 880 1514 938 1584; x_wconf 91' lang='lat' dir='ltr'>die,</span> <span class='ocrx_word' id='word_1_131' title='bbox 951 1516 1047 1571; x_wconf 88' lang='lat' dir='ltr'>“ante</span> <span class='ocrx_word' id='word_1_132' title='bbox 1059 1513 1156 1571; x_wconf 89' lang='lat' dir='ltr'>lucem</span> 
     </span>
     <span class='ocr_line' id='line_1_16' title="bbox 52 1599 1153 1672; baseline 0 -16"><span class='ocrx_word' id='word_1_133' title='bbox 52 1600 215 1658; x_wconf 91' lang='lat' dir='ltr'>convenire</span> <span class='ocrx_word' id='word_1_134' title='bbox 233 1617 412 1672; x_wconf 89' lang='lat' dir='ltr'>carmenque</span> <span class='ocrx_word' id='word_1_135' title='bbox 435 1599 550 1658; x_wconf 80' lang='lat' dir='ltr'>Christo</span> <span class='ocrx_word' id='word_1_136' title='bbox 567 1599 655 1670; x_wconf 85' lang='lat' dir='ltr'>quusi</span> <span class='ocrx_word' id='word_1_137' title='bbox 670 1600 734 1672; x_wconf 84' lang='lat' dir='ltr'>Deo</span> <span class='ocrx_word' id='word_1_138' title='bbox 753 1600 851 1658; x_wconf 92' lang='lat' dir='ltr'>dicere</span> <span class='ocrx_word' id='word_1_139' title='bbox 870 1619 971 1658; x_wconf 89' lang='lat' dir='ltr'>secum</span> <span class='ocrx_word' id='word_1_140' title='bbox 992 1599 1118 1658; x_wconf 88' lang='lat' dir='ltr'>invicem</span> <span class='ocrx_word' id='word_1_141' title='bbox 1129 1600 1153 1656; x_wconf 89' lang='lat'>”.</span> 
     </span>
     <span class='ocr_line' id='line_1_17' title="bbox 55 1685 1152 1758; baseline -0.002 -13"><span class='ocrx_word' id='word_1_142' title='bbox 55 1687 134 1745; x_wconf 88' lang='lat' dir='ltr'>Item</span> <span class='ocrx_word' id='word_1_143' title='bbox 148 1687 314 1758; x_wconf 90' lang='lat' dir='ltr'>Imperator</span> <span class='ocrx_word' id='word_1_144' title='bbox 326 1687 483 1757; x_wconf 87' lang='lat' dir='ltr'>Adrianus,</span> <span class='ocrx_word' id='word_1_145' title='bbox 500 1686 538 1744; x_wconf 89' lang='lat' dir='ltr'>de</span> <span class='ocrx_word' id='word_1_146' title='bbox 551 1685 694 1757; x_wconf 87' lang='lat' dir='ltr'>religione</span> <span class='ocrx_word' id='word_1_147' title='bbox 707 1687 994 1746; x_wconf 84' lang='lat' dir='ltr'>Alexandrianorum</span> <span class='ocrx_word' id='word_1_148' title='bbox 1013 1686 1152 1757; x_wconf 91' lang='lat' dir='ltr'>scribens,</span> 
     </span>
     <span class='ocr_line' id='line_1_18' title="bbox 53 1773 950 1846; baseline 0.002 -16"><span class='ocrx_word' id='word_1_149' title='bbox 53 1774 114 1831; x_wconf 89' lang='lat' dir='ltr'>ait:</span> <span class='ocrx_word' id='word_1_150' title='bbox 133 1774 201 1832; x_wconf 91' lang='lat' dir='ltr'>“ab</span> <span class='ocrx_word' id='word_1_151' title='bbox 214 1773 278 1832; x_wconf 94' lang='lat' dir='ltr'>aliis</span> <span class='ocrx_word' id='word_1_152' title='bbox 292 1774 473 1846; x_wconf 87' lang='lat' dir='ltr'>Serapidem,</span> <span class='ocrx_word' id='word_1_153' title='bbox 489 1774 528 1831; x_wconf 94' lang='lat' dir='ltr'>ab</span> <span class='ocrx_word' id='word_1_154' title='bbox 541 1773 605 1830; x_wconf 88' lang='lat' dir='ltr'>aliis</span> <span class='ocrx_word' id='word_1_155' title='bbox 618 1773 742 1832; x_wconf 84' lang='lat' dir='ltr'>adorari</span> <span class='ocrx_word' id='word_1_156' title='bbox 756 1775 950 1832; x_wconf 69' lang='lat' dir='ltr'>Clirrituru&#39;&#39;³.</span> 
     </span>
    </p>

    <p class='ocr_par' dir='ltr' id='par_1_5' title="bbox 52 1859 1158 2893">
     <span class='ocr_line' id='line_1_19' title="bbox 88 1859 1156 1935; baseline 0.003 -20"><span class='ocrx_word' id='word_1_157' title='bbox 88 1878 128 1935; x_wconf 66' lang='lat'>73</span> <span class='ocrx_word' id='word_1_158' title='bbox 170 1863 218 1932; x_wconf 91' lang='grc' dir='ltr'>(Β)</span> <span class='ocrx_word' id='word_1_159' title='bbox 231 1862 270 1918; x_wconf 91' lang='lat' dir='ltr'>Iu</span> <span class='ocrx_word' id='word_1_160' title='bbox 278 1861 416 1934; x_wconf 83' lang='lat' dir='ltr'>precibus.</span> <span class='ocrx_word' id='word_1_161' title='bbox 457 1863 494 1919; x_wconf 94' lang='lat' dir='ltr'>In</span> <span class='ocrx_word' id='word_1_162' title='bbox 510 1861 648 1933; x_wconf 90' lang='lat' dir='ltr'>precibus</span> <span class='ocrx_word' id='word_1_163' title='bbox 663 1862 805 1921; x_wconf 74' lang='lat' dir='ltr'>Ecclesiae</span> <span class='ocrx_word' id='word_1_164' title='bbox 819 1863 925 1921; x_wconf 88' lang='lat' dir='ltr'>eadem</span> <span class='ocrx_word' id='word_1_165' title='bbox 939 1859 1013 1920; x_wconf 89' lang='lat' dir='ltr'>fides</span> <span class='ocrx_word' id='word_1_166' title='bbox 1025 1862 1156 1919; x_wconf 91' lang='lat' dir='ltr'>luculen-</span> 
     </span>
     <span class='ocr_line' id='line_1_20' title="bbox 53 1949 1156 2022; baseline 0 -15"><span class='ocrx_word' id='word_1_167' title='bbox 53 1960 98 2008; x_wconf 92' lang='lat' dir='ltr'>ter</span> <span class='ocrx_word' id='word_1_168' title='bbox 114 1960 257 2022; x_wconf 86' lang='lat' dir='ltr'>apparet:</span> <span class='ocrx_word' id='word_1_169' title='bbox 276 1951 316 2022; x_wconf 82' lang='lat' dir='ltr'>(a)</span> <span class='ocrx_word' id='word_1_170' title='bbox 334 1951 371 2008; x_wconf 94' lang='lat' dir='ltr'>In</span> <span class='ocrx_word' id='word_1_171' title='bbox 388 1950 538 2022; x_wconf 72' lang='lat' dir='ltr'>doxologrli</span> <span class='ocrx_word' id='word_1_172' title='bbox 557 1949 618 2007; x_wconf 92' lang='lat' dir='ltr'>sive</span> <span class='ocrx_word' id='word_1_173' title='bbox 637 1950 751 2009; x_wconf 91' lang='lat' dir='ltr'>minore</span> <span class='ocrx_word' id='word_1_174' title='bbox 770 1952 831 2009; x_wconf 91' lang='lat' dir='ltr'>sive</span> <span class='ocrx_word' id='word_1_175' title='bbox 850 1951 980 2022; x_wconf 82' lang='lat' dir='ltr'>majore:</span> <span class='ocrx_word' id='word_1_176' title='bbox 1000 1951 1156 2021; x_wconf 85' lang='lat' dir='ltr'>doxologia</span> 
     </span>
     <span class='ocr_line' id='line_1_21' title="bbox 53 2037 1157 2111; baseline 0.002 -17"><span class='ocrx_word' id='word_1_177' title='bbox 53 2038 153 2096; x_wconf 88' lang='lat' dir='ltr'>minor</span> <span class='ocrx_word' id='word_1_178' title='bbox 172 2049 235 2096; x_wconf 91' lang='lat' dir='ltr'>est:</span> <span class='ocrx_word' id='word_1_179' title='bbox 265 2039 391 2097; x_wconf 86' lang='lat' dir='ltr'>“Gloria</span> <span class='ocrx_word' id='word_1_180' title='bbox 411 2039 489 2097; x_wconf 87' lang='lat' dir='ltr'>Patri</span> <span class='ocrx_word' id='word_1_181' title='bbox 509 2048 538 2096; x_wconf 89' lang='lat' dir='ltr'>et</span> <span class='ocrx_word' id='word_1_182' title='bbox 560 2038 634 2095; x_wconf 90' lang='lat' dir='ltr'>Filio</span> <span class='ocrx_word' id='word_1_183' title='bbox 655 2048 684 2096; x_wconf 94' lang='lat' dir='ltr'>et</span> <span class='ocrx_word' id='word_1_184' title='bbox 706 2040 826 2111; x_wconf 89' lang='lat' dir='ltr'>Spiritui</span> <span class='ocrx_word' id='word_1_185' title='bbox 846 2038 990 2108; x_wconf 71' lang='lat' dir='ltr'>Sancto&#39;&#39;,</span> <span class='ocrx_word' id='word_1_186' title='bbox 1003 2037 1053 2097; x_wconf 90' lang='lat' dir='ltr'>ubi</span> <span class='ocrx_word' id='word_1_187' title='bbox 1076 2048 1157 2110; x_wconf 88' lang='lat' dir='ltr'>patet</span> 
     </span>
     <span class='ocr_line' id='line_1_22' title="bbox 53 2123 1156 2197; baseline -0.002 -15"><span class='ocrx_word' id='word_1_188' title='bbox 53 2125 164 2197; x_wconf 89' lang='lat' dir='ltr'>Filium</span> <span class='ocrx_word' id='word_1_189' title='bbox 178 2143 263 2196; x_wconf 88' lang='lat' dir='ltr'>aeque</span> <span class='ocrx_word' id='word_1_190' title='bbox 276 2125 389 2184; x_wconf 91' lang='lat' dir='ltr'>laudari</span> <span class='ocrx_word' id='word_1_191' title='bbox 402 2144 437 2183; x_wconf 92' lang='lat' dir='ltr'>ac</span> <span class='ocrx_word' id='word_1_192' title='bbox 450 2127 567 2183; x_wconf 88' lang='lat' dir='ltr'>Patrem</span> <span class='ocrx_word' id='word_1_193' title='bbox 581 2135 610 2182; x_wconf 90' lang='lat' dir='ltr'>et</span> <span class='ocrx_word' id='word_1_194' title='bbox 623 2125 773 2197; x_wconf 90' lang='lat' dir='ltr'>Spiritum,</span> <span class='ocrx_word' id='word_1_195' title='bbox 787 2142 822 2181; x_wconf 90' lang='lat' dir='ltr'>ac</span> <span class='ocrx_word' id='word_1_196' title='bbox 835 2123 960 2195; x_wconf 89' lang='lat' dir='ltr'>proinde</span> <span class='ocrx_word' id='word_1_197' title='bbox 973 2124 1071 2181; x_wconf 88' lang='lat' dir='ltr'>Deum</span> <span class='ocrx_word' id='word_1_198' title='bbox 1081 2141 1156 2194; x_wconf 73' lang='lat' dir='ltr'>esse:</span> 
     </span>
     <span class='ocr_line' id='line_1_23' title="bbox 53 2210 1155 2284; baseline -0.002 -15"><span class='ocrx_word' id='word_1_199' title='bbox 53 2211 213 2284; x_wconf 83' lang='lat' dir='ltr'>doxologia</span> <span class='ocrx_word' id='word_1_200' title='bbox 233 2215 326 2284; x_wconf 91' lang='lat' dir='ltr'>major</span> <span class='ocrx_word' id='word_1_201' title='bbox 343 2213 386 2270; x_wconf 91' lang='lat' dir='ltr'>sic</span> <span class='ocrx_word' id='word_1_202' title='bbox 401 2231 433 2270; x_wconf 92' lang='lat' dir='ltr'>se</span> <span class='ocrx_word' id='word_1_203' title='bbox 450 2211 558 2269; x_wconf 90' lang='lat' dir='ltr'>habet:</span> <span class='ocrx_word' id='word_1_204' title='bbox 581 2211 708 2269; x_wconf 89' lang='lat' dir='ltr'>“Gloria</span> <span class='ocrx_word' id='word_1_205' title='bbox 731 2212 760 2267; x_wconf 89' lang='lat' dir='ltr'>in</span> <span class='ocrx_word' id='word_1_206' title='bbox 779 2211 901 2269; x_wconf 88' lang='lat' dir='ltr'>excelsis</span> <span class='ocrx_word' id='word_1_207' title='bbox 917 2212 982 2268; x_wconf 89' lang='lat' dir='ltr'>Deo</span> <span class='ocrx_word' id='word_1_208' title='bbox 994 2210 1017 2281; x_wconf 88' lang='lat'>’&#39;,</span> <span class='ocrx_word' id='word_1_209' title='bbox 1082 2220 1112 2269; x_wconf 93' lang='lat' dir='ltr'>et</span> <span class='ocrx_word' id='word_1_210' title='bbox 1125 2211 1155 2267; x_wconf 92' lang='lat' dir='ltr'>in</span> 
     </span>
     <span class='ocr_line' id='line_1_24' title="bbox 53 2297 1156 2368; baseline -0.002 -12"><span class='ocrx_word' id='word_1_211' title='bbox 53 2300 113 2357; x_wconf 83' lang='lat' dir='ltr'>line</span> <span class='ocrx_word' id='word_1_212' title='bbox 125 2298 236 2358; x_wconf 91' lang='lat' dir='ltr'>dicitur</span> <span class='ocrx_word' id='word_1_213' title='bbox 249 2299 287 2357; x_wconf 93' lang='lat' dir='ltr'>de</span> <span class='ocrx_word' id='word_1_214' title='bbox 300 2299 438 2359; x_wconf 90' lang='lat' dir='ltr'>Christo:</span> <span class='ocrx_word' id='word_1_215' title='bbox 460 2299 537 2355; x_wconf 89' lang='lat' dir='ltr'>“Tu</span> <span class='ocrx_word' id='word_1_216' title='bbox 557 2299 637 2355; x_wconf 88' lang='lat' dir='ltr'>solus</span> <span class='ocrx_word' id='word_1_217' title='bbox 656 2297 785 2368; x_wconf 72' lang='lat' dir='ltr'>sanctus,</span> <span class='ocrx_word' id='word_1_218' title='bbox 803 2307 834 2354; x_wconf 90' lang='lat' dir='ltr'>tu</span> <span class='ocrx_word' id='word_1_219' title='bbox 854 2298 935 2354; x_wconf 91' lang='lat' dir='ltr'>solus</span> <span class='ocrx_word' id='word_1_220' title='bbox 951 2297 1109 2368; x_wconf 89' lang='lat' dir='ltr'>Dominus,</span> <span class='ocrx_word' id='word_1_221' title='bbox 1125 2307 1156 2354; x_wconf 92' lang='lat' dir='ltr'>tu</span> 
     </span>
     <span class='ocr_line' id='line_1_25' title="bbox 52 2384 1156 2460; baseline -0.002 -17"><span class='ocrx_word' id='word_1_222' title='bbox 52 2386 134 2444; x_wconf 89' lang='lat' dir='ltr'>solus</span> <span class='ocrx_word' id='word_1_223' title='bbox 147 2384 313 2458; x_wconf 87' lang='lat' dir='ltr'>altissimus,</span> <span class='ocrx_word' id='word_1_224' title='bbox 330 2387 401 2460; x_wconf 88' lang='lat' dir='ltr'>Jesu</span> <span class='ocrx_word' id='word_1_225' title='bbox 415 2385 532 2445; x_wconf 91' lang='lat' dir='ltr'>Christe</span> <span class='ocrx_word' id='word_1_226' title='bbox 541 2386 557 2411; x_wconf 85' lang='lat'>’&#39;</span> <span class='ocrx_word' id='word_1_227' title='bbox 568 2406 576 2457; x_wconf 90' lang='lat'>;</span> <span class='ocrx_word' id='word_1_228' title='bbox 595 2404 662 2458; x_wconf 90' lang='lat' dir='ltr'>quae</span> <span class='ocrx_word' id='word_1_229' title='bbox 675 2384 764 2443; x_wconf 91' lang='lat' dir='ltr'>verba</span> <span class='ocrx_word' id='word_1_230' title='bbox 779 2385 884 2456; x_wconf 91' lang='lat' dir='ltr'>pariter</span> <span class='ocrx_word' id='word_1_231' title='bbox 897 2387 960 2456; x_wconf 88' lang='lat' dir='ltr'>ejus</span> <span class='ocrx_word' id='word_1_232' title='bbox 973 2385 1156 2443; x_wconf 88' lang='lat' dir='ltr'>divinitatem</span> 
     </span>
     <span class='ocr_line' id='line_1_26' title="bbox 53 2472 1158 2546; baseline -0.001 -16"><span class='ocrx_word' id='word_1_233' title='bbox 53 2473 226 2546; x_wconf 90' lang='lat' dir='ltr'>important.</span> <span class='ocrx_word' id='word_1_234' title='bbox 263 2475 303 2544; x_wconf 89' lang='lat' dir='ltr'>(b)</span> <span class='ocrx_word' id='word_1_235' title='bbox 318 2475 354 2531; x_wconf 96' lang='lat' dir='ltr'>In</span> <span class='ocrx_word' id='word_1_236' title='bbox 368 2474 495 2546; x_wconf 78' lang='lat' dir='ltr'>hymniS,</span> <span class='ocrx_word' id='word_1_237' title='bbox 508 2492 635 2546; x_wconf 89' lang='lat' dir='ltr'>quorum</span> <span class='ocrx_word' id='word_1_238' title='bbox 649 2472 818 2544; x_wconf 84' lang='lat' dir='ltr'>exemplum</span> <span class='ocrx_word' id='word_1_239' title='bbox 832 2472 959 2530; x_wconf 90' lang='lat' dir='ltr'>habetur</span> <span class='ocrx_word' id='word_1_240' title='bbox 972 2472 1001 2529; x_wconf 89' lang='lat' dir='ltr'>in</span> <span class='ocrx_word' id='word_1_241' title='bbox 1019 2473 1158 2531; x_wconf 86' lang='lat' dir='ltr'>Clerueule</span> 
     </span>
     <span class='ocr_line' id='line_1_27' title="bbox 52 2557 1115 2632; baseline 0 -16"><span class='ocrx_word' id='word_1_242' title='bbox 52 2559 262 2616; x_wconf 84' lang='lat' dir='ltr'>Alexandrino</span> <span class='ocrx_word' id='word_1_243' title='bbox 270 2559 281 2591; x_wconf 89' lang='lat'><strong>⁴</strong></span> <span class='ocrx_word' id='word_1_244' title='bbox 290 2582 301 2616; x_wconf 94' lang='lat'>.·</span> <span class='ocrx_word' id='word_1_245' title='bbox 310 2557 329 2589; x_wconf 59' lang='lat'>&#39;“</span> <span class='ocrx_word' id='word_1_246' title='bbox 340 2560 457 2618; x_wconf 88' lang='lat' dir='ltr'>Laudes</span> <span class='ocrx_word' id='word_1_247' title='bbox 470 2560 629 2632; x_wconf 88' lang='lat' dir='ltr'>simplices,</span> <span class='ocrx_word' id='word_1_248' title='bbox 642 2559 768 2632; x_wconf 91' lang='lat' dir='ltr'>hymnos</span> <span class='ocrx_word' id='word_1_249' title='bbox 780 2577 897 2617; x_wconf 91' lang='lat' dir='ltr'>veraces</span> <span class='ocrx_word' id='word_1_250' title='bbox 909 2559 985 2630; x_wconf 86' lang='lat' dir='ltr'>Regi</span> <span class='ocrx_word' id='word_1_251' title='bbox 997 2559 1115 2618; x_wconf 91' lang='lat' dir='ltr'>Christo</span> 
     </span>
     <span class='ocr_line' id='line_1_28' title="bbox 52 2645 1157 2718; baseline -0.001 -14"><span class='ocrx_word' id='word_1_252' title='bbox 52 2664 197 2704; x_wconf 89' lang='lat' dir='ltr'>canamus</span> <span class='ocrx_word' id='word_1_253' title='bbox 218 2645 313 2703; x_wconf 89' lang='lat' dir='ltr'>simul.</span> <span class='ocrx_word' id='word_1_254' title='bbox 354 2645 505 2705; x_wconf 87' lang='lat' dir='ltr'>Canamus</span> <span class='ocrx_word' id='word_1_255' title='bbox 527 2646 702 2718; x_wconf 89' lang='lat' dir='ltr'>simpliciter</span> <span class='ocrx_word' id='word_1_256' title='bbox 723 2663 848 2718; x_wconf 89' lang='lat' dir='ltr'>puerum</span> <span class='ocrx_word' id='word_1_257' title='bbox 870 2646 1024 2714; x_wconf 90' lang='lat' dir='ltr'>valentem,</span> <span class='ocrx_word' id='word_1_258' title='bbox 1049 2646 1157 2705; x_wconf 89' lang='lat' dir='ltr'>chorus</span> 
     </span>
     <span class='ocr_line' id='line_1_29' title="bbox 53 2732 1157 2807; baseline 0 -16"><span class='ocrx_word' id='word_1_259' title='bbox 53 2734 145 2805; x_wconf 90' lang='lat' dir='ltr'>pacis,</span> <span class='ocrx_word' id='word_1_260' title='bbox 161 2732 281 2793; x_wconf 91' lang='lat' dir='ltr'>Christo</span> <span class='ocrx_word' id='word_1_261' title='bbox 293 2733 393 2806; x_wconf 81' lang='lat' dir='ltr'>geniti,</span> <span class='ocrx_word' id='word_1_262' title='bbox 406 2734 535 2807; x_wconf 91' lang='lat' dir='ltr'>populus</span> <span class='ocrx_word' id='word_1_263' title='bbox 549 2735 711 2805; x_wconf 90' lang='lat' dir='ltr'>modestus,</span> <span class='ocrx_word' id='word_1_264' title='bbox 726 2734 885 2805; x_wconf 90' lang='lat' dir='ltr'>psallamus</span> <span class='ocrx_word' id='word_1_265' title='bbox 898 2734 985 2790; x_wconf 94' lang='lat' dir='ltr'>simul</span> <span class='ocrx_word' id='word_1_266' title='bbox 998 2734 1094 2791; x_wconf 84' lang='lat' dir='ltr'>Deum</span> <span class='ocrx_word' id='word_1_267' title='bbox 1102 2743 1157 2806; x_wconf 82' lang='lat' dir='ltr'>pa-</span> 
     </span>
     <span class='ocr_line' id='line_1_30' title="bbox 53 2820 1158 2893; baseline 0.001 -16"><span class='ocrx_word' id='word_1_268' title='bbox 53 2820 124 2878; x_wconf 87' lang='lat' dir='ltr'>cis&#39;&#39;.</span> <span class='ocrx_word' id='word_1_269' title='bbox 166 2820 314 2878; x_wconf 87' lang='lat' dir='ltr'>Eamdem</span> <span class='ocrx_word' id='word_1_270' title='bbox 340 2820 452 2891; x_wconf 90' lang='lat' dir='ltr'>praxim</span> <span class='ocrx_word' id='word_1_271' title='bbox 485 2821 514 2877; x_wconf 92' lang='lat' dir='ltr'>in</span> <span class='ocrx_word' id='word_1_272' title='bbox 548 2821 683 2879; x_wconf 71' lang='lat' dir='ltr'>Ecclesia</span> <span class='ocrx_word' id='word_1_273' title='bbox 714 2822 853 2879; x_wconf 68' lang='lat' dir='ltr'>Africani</span> <span class='ocrx_word' id='word_1_274' title='bbox 881 2821 1008 2893; x_wconf 84' lang='lat' dir='ltr'>viguisse</span> <span class='ocrx_word' id='word_1_275' title='bbox 1035 2831 1158 2879; x_wconf 83' lang='lat' dir='ltr'>testatur</span> 
     </span>
    </p>
   </div>
   <div class='ocr_carea' id='block_1_4' title="bbox 55 2907 1257 2984">
    <p class='ocr_par' dir='ltr' id='par_1_6' title="bbox 55 2907 1257 2984">
     <span class='ocr_line' id='line_1_31' title="bbox 55 2907 1257 2984; baseline 0.001 -18"><span class='ocrx_word' id='word_1_276' title='bbox 55 2907 84 2966; x_wconf 79' lang='lat' dir='ltr'>S.</span> <span class='ocrx_word' id='word_1_277' title='bbox 100 2907 649 2981; x_wconf 72' lang='lat' dir='ltr'>cypriarius⁶.·“1nsacrifieiisatque</span> <span class='ocrx_word' id='word_1_278' title='bbox 664 2909 692 2965; x_wconf 93' lang='lat' dir='ltr'>in</span> <span class='ocrx_word' id='word_1_279' title='bbox 707 2910 889 2968; x_wconf 90' lang='lat' dir='ltr'>orationibus</span> <span class='ocrx_word' id='word_1_280' title='bbox 903 2910 1009 2968; x_wconf 91' lang='lat' dir='ltr'>nostris</span> <span class='ocrx_word' id='word_1_281' title='bbox 1022 2928 1082 2967; x_wconf 92' lang='lat' dir='ltr'>non</span> <span class='ocrx_word' id='word_1_282' title='bbox 1096 2928 1156 2967; x_wconf 92' lang='lat' dir='ltr'>ces·</span> <span class='ocrx_word' id='word_1_283' title='bbox 1256 2981 1257 2984; x_wconf 7' lang='grc' dir='ltr'><strong>Ἴ</strong></span> 
     </span>
    </p>
   </div>
   <div class='ocr_carea' id='block_1_5' title="bbox 54 2993 1158 3242">
    <p class='ocr_par' dir='ltr' id='par_1_7' title="bbox 54 2993 1158 3242">
     <span class='ocr_line' id='line_1_32' title="bbox 54 2993 1158 3069; baseline 0.004 -19"><span class='ocrx_word' id='word_1_284' title='bbox 54 3004 153 3053; x_wconf 90' lang='lat' dir='ltr'>santes</span> <span class='ocrx_word' id='word_1_285' title='bbox 168 2995 235 3052; x_wconf 91' lang='lat' dir='ltr'>Deo</span> <span class='ocrx_word' id='word_1_286' title='bbox 250 2993 328 3050; x_wconf 88' lang='lat' dir='ltr'>Patri</span> <span class='ocrx_word' id='word_1_287' title='bbox 340 3004 370 3052; x_wconf 90' lang='lat' dir='ltr'>et</span> <span class='ocrx_word' id='word_1_288' title='bbox 386 2993 502 3052; x_wconf 75' lang='lat' dir='ltr'>Christo</span> <span class='ocrx_word' id='word_1_289' title='bbox 515 2995 592 3052; x_wconf 67' lang='lat' dir='ltr'>Alio</span> <span class='ocrx_word' id='word_1_290' title='bbox 604 2996 672 3068; x_wconf 90' lang='lat' dir='ltr'>ejus,</span> <span class='ocrx_word' id='word_1_291' title='bbox 689 2997 818 3053; x_wconf 80' lang='lat' dir='ltr'>Domino</span> <span class='ocrx_word' id='word_1_292' title='bbox 831 3004 934 3067; x_wconf 84' lang='lat' dir='ltr'>nostro,</span> <span class='ocrx_word' id='word_1_293' title='bbox 948 2997 1064 3069; x_wconf 85' lang='lat' dir='ltr'>g&#39;rulias</span> <span class='ocrx_word' id='word_1_294' title='bbox 1075 3015 1158 3068; x_wconf 79' lang='lat' dir='ltr'>agere</span> 
     </span>
     <span class='ocr_line' id='line_1_33' title="bbox 54 3081 1156 3156; baseline 0.004 -18"><span class='ocrx_word' id='word_1_295' title='bbox 54 3089 81 3139; x_wconf 89' lang='lat' dir='ltr'>et</span> <span class='ocrx_word' id='word_1_296' title='bbox 90 3099 178 3138; x_wconf 82' lang='lat' dir='ltr'>erare</span> <span class='ocrx_word' id='word_1_297' title='bbox 191 3081 298 3153; x_wconf 88' lang='lat' dir='ltr'>pariter</span> <span class='ocrx_word' id='word_1_298' title='bbox 311 3090 340 3139; x_wconf 89' lang='lat' dir='ltr'>et</span> <span class='ocrx_word' id='word_1_299' title='bbox 354 3090 462 3153; x_wconf 89' lang='lat' dir='ltr'>petere,</span> <span class='ocrx_word' id='word_1_300' title='bbox 474 3092 505 3139; x_wconf 94' lang='lat' dir='ltr'>ut</span> <span class='ocrx_word' id='word_1_301' title='bbox 515 3084 565 3154; x_wconf 93' lang='lat' dir='ltr'>qui</span> <span class='ocrx_word' id='word_1_302' title='bbox 577 3083 725 3155; x_wconf 66' lang='lat' dir='ltr'>perfectus</span> <span class='ocrx_word' id='word_1_303' title='bbox 739 3094 783 3141; x_wconf 93' lang='lat' dir='ltr'>est</span> <span class='ocrx_word' id='word_1_304' title='bbox 795 3094 885 3156; x_wconf 90' lang='lat' dir='ltr'>atque</span> <span class='ocrx_word' id='word_1_305' title='bbox 896 3083 1051 3156; x_wconf 87' lang='lat' dir='ltr'>perficiens</span> <span class='ocrx_word' id='word_1_306' title='bbox 1060 3095 1156 3142; x_wconf 88' lang='lat' dir='ltr'>custo-</span> 
     </span>
     <span class='ocr_line' id='line_1_34' title="bbox 54 3167 1125 3242; baseline 0.002 -16"><span class='ocrx_word' id='word_1_307' title='bbox 54 3168 116 3226; x_wconf 89' lang='lat' dir='ltr'>diat</span> <span class='ocrx_word' id='word_1_308' title='bbox 129 3176 159 3226; x_wconf 90' lang='lat' dir='ltr'>et</span> <span class='ocrx_word' id='word_1_309' title='bbox 172 3168 303 3240; x_wconf 90' lang='lat' dir='ltr'>perficiat</span> <span class='ocrx_word' id='word_1_310' title='bbox 317 3168 347 3224; x_wconf 91' lang='lat' dir='ltr'>in</span> <span class='ocrx_word' id='word_1_311' title='bbox 360 3167 445 3226; x_wconf 92' lang='lat' dir='ltr'>vobis</span> <span class='ocrx_word' id='word_1_312' title='bbox 458 3170 652 3227; x_wconf 88' lang='lat' dir='ltr'>confessionis</span> <span class='ocrx_word' id='word_1_313' title='bbox 665 3181 768 3228; x_wconf 87' lang='lat' dir='ltr'>vestrae</span> <span class='ocrx_word' id='word_1_314' title='bbox 781 3171 940 3242; x_wconf 84' lang='lat' dir='ltr'>gloriosam</span> <span class='ocrx_word' id='word_1_315' title='bbox 954 3188 1094 3228; x_wconf 88' lang='lat' dir='ltr'>coronam</span> <span class='ocrx_word' id='word_1_316' title='bbox 1103 3171 1125 3228; x_wconf 88' lang='lat'>’&#39;.</span> 
     </span>
    </p>
   </div>
   <div class='ocr_carea' id='block_1_6' title="bbox 53 3287 1156 3970">
    <p class='ocr_par' dir='ltr' id='par_1_8' title="bbox 53 3287 1156 3970">
     <span class='ocr_line' id='line_1_35' title="bbox 87 3287 1155 3361; baseline 0.003 -16"><span class='ocrx_word' id='word_1_317' title='bbox 87 3304 128 3360; x_wconf 88' lang='lat'>74.</span> <span class='ocrx_word' id='word_1_318' title='bbox 169 3303 200 3359; x_wconf 86' lang='lat'>30</span> <span class='ocrx_word' id='word_1_319' title='bbox 208 3287 273 3345; x_wconf 92' lang='lat' dir='ltr'>Nec</span> <span class='ocrx_word' id='word_1_320' title='bbox 287 3288 385 3345; x_wconf 92' lang='lat' dir='ltr'>minus</span> <span class='ocrx_word' id='word_1_321' title='bbox 398 3289 542 3359; x_wconf 92' lang='lat' dir='ltr'>eloquens</span> <span class='ocrx_word' id='word_1_322' title='bbox 553 3299 597 3348; x_wconf 92' lang='lat' dir='ltr'>est</span> <span class='ocrx_word' id='word_1_323' title='bbox 608 3290 798 3346; x_wconf 82' lang='lat' dir='ltr'>testimouium</span> <span class='ocrx_word' id='word_1_324' title='bbox 809 3290 941 3349; x_wconf 77' lang='lat' dir='ltr'>Ecclesia</span> <span class='ocrx_word' id='word_1_325' title='bbox 944 3290 1094 3361; x_wconf 83' lang='lat' dir='ltr'>patieutis,</span> <span class='ocrx_word' id='word_1_326' title='bbox 1104 3308 1155 3348; x_wconf 87' lang='lat' dir='ltr'>seu</span> 
     </span>
     <span class='ocr_line' id='line_1_36' title="bbox 56 3375 1156 3448; baseline 0.001 -16"><span class='ocrx_word' id='word_1_327' title='bbox 56 3376 244 3448; x_wconf 88' lang='lat' dir='ltr'>Martyrum:</span> <span class='ocrx_word' id='word_1_328' title='bbox 269 3376 309 3447; x_wconf 79' lang='lat' dir='ltr'>(a)</span> <span class='ocrx_word' id='word_1_329' title='bbox 332 3376 362 3434; x_wconf 93' lang='lat' dir='ltr'>S.</span> <span class='ocrx_word' id='word_1_330' title='bbox 384 3375 521 3447; x_wconf 82' lang='lat' dir='ltr'>Iguutius</span> <span class='ocrx_word' id='word_1_331' title='bbox 545 3386 652 3448; x_wconf 89' lang='lat' dir='ltr'>martyr</span> <span class='ocrx_word' id='word_1_332' title='bbox 671 3377 800 3446; x_wconf 77' lang='lat' dir='ltr'>Traiano</span> <span class='ocrx_word' id='word_1_333' title='bbox 824 3377 954 3434; x_wconf 90' lang='lat' dir='ltr'>declarat</span> <span class='ocrx_word' id='word_1_334' title='bbox 973 3377 1156 3435; x_wconf 90' lang='lat' dir='ltr'>Christianos</span> 
     </span>
     <span class='ocr_line' id='line_1_37' title="bbox 55 3457 1156 3536; baseline 0 -17"><span class='ocrx_word' id='word_1_335' title='bbox 55 3463 123 3521; x_wconf 91' lang='lat' dir='ltr'>ideo</span> <span class='ocrx_word' id='word_1_336' title='bbox 145 3462 343 3535; x_wconf 89' lang='lat' dir='ltr'>Theophoros</span> <span class='ocrx_word' id='word_1_337' title='bbox 366 3463 507 3536; x_wconf 76' lang='lat' dir='ltr'>(deiferos)</span> <span class='ocrx_word' id='word_1_338' title='bbox 532 3465 629 3521; x_wconf 88' lang='lat' dir='ltr'>vocari</span> <span class='ocrx_word' id='word_1_339' title='bbox 655 3465 725 3536; x_wconf 91' lang='lat' dir='ltr'>quia</span> <span class='ocrx_word' id='word_1_340' title='bbox 752 3463 903 3522; x_wconf 89' lang='lat' dir='ltr'>Christum</span> <span class='ocrx_word' id='word_1_341' title='bbox 928 3457 1100 3521; x_wconf 88' lang='lat' dir='ltr'>crucifixum</span> <span class='ocrx_word' id='word_1_342' title='bbox 1126 3464 1156 3520; x_wconf 92' lang='lat' dir='ltr'>in</span> 
     </span>
     <span class='ocr_line' id='line_1_38' title="bbox 55 3548 1154 3622; baseline 0.001 -17"><span class='ocrx_word' id='word_1_343' title='bbox 55 3567 108 3606; x_wconf 93' lang='lat' dir='ltr'>suo</span> <span class='ocrx_word' id='word_1_344' title='bbox 134 3548 225 3606; x_wconf 91' lang='lat' dir='ltr'>corde</span> <span class='ocrx_word' id='word_1_345' title='bbox 249 3560 373 3620; x_wconf 82' lang='lat' dir='ltr'>gerunt;</span> <span class='ocrx_word' id='word_1_346' title='bbox 404 3550 486 3622; x_wconf 91' lang='lat' dir='ltr'>quod</span> <span class='ocrx_word' id='word_1_347' title='bbox 512 3560 591 3608; x_wconf 89' lang='lat' dir='ltr'>certe</span> <span class='ocrx_word' id='word_1_348' title='bbox 616 3550 747 3622; x_wconf 91' lang='lat' dir='ltr'>implicat</span> <span class='ocrx_word' id='word_1_349' title='bbox 779 3550 929 3609; x_wconf 90' lang='lat' dir='ltr'>Christum</span> <span class='ocrx_word' id='word_1_350' title='bbox 956 3569 1021 3609; x_wconf 89' lang='lat' dir='ltr'>esse</span> <span class='ocrx_word' id='word_1_351' title='bbox 1048 3551 1154 3608; x_wconf 92' lang='lat' dir='ltr'>Deum.</span> 
     </span>
     <span class='ocr_line' id='line_1_39' title="bbox 55 3637 1156 3712; baseline 0 -18"><span class='ocrx_word' id='word_1_352' title='bbox 55 3640 94 3710; x_wconf 91' lang='lat' dir='ltr'>(b)</span> <span class='ocrx_word' id='word_1_353' title='bbox 107 3638 139 3696; x_wconf 91' lang='lat' dir='ltr'>S.</span> <span class='ocrx_word' id='word_1_354' title='bbox 155 3637 318 3709; x_wconf 81' lang='lat' dir='ltr'>Martialis,</span> <span class='ocrx_word' id='word_1_355' title='bbox 332 3656 408 3696; x_wconf 91' lang='lat' dir='ltr'>unus</span> <span class='ocrx_word' id='word_1_356' title='bbox 421 3656 457 3697; x_wconf 89' lang='lat' dir='ltr'>ex</span> <span class='ocrx_word' id='word_1_357' title='bbox 470 3648 584 3710; x_wconf 88' lang='lat' dir='ltr'>septem</span> <span class='ocrx_word' id='word_1_358' title='bbox 600 3638 666 3695; x_wconf 90' lang='lat' dir='ltr'>filiis</span> <span class='ocrx_word' id='word_1_359' title='bbox 680 3639 707 3696; x_wconf 89' lang='lat' dir='ltr'>S.</span> <span class='ocrx_word' id='word_1_360' title='bbox 720 3639 888 3708; x_wconf 89' lang='lat' dir='ltr'>Felicitatis,</span> <span class='ocrx_word' id='word_1_361' title='bbox 898 3650 1023 3711; x_wconf 85' lang='lat' dir='ltr'>tyranno</span> <span class='ocrx_word' id='word_1_362' title='bbox 1036 3657 1156 3712; x_wconf 92' lang='lat' dir='ltr'>respon·</span> 
     </span>
     <span class='ocr_line' id='line_1_40' title="bbox 54 3725 1155 3798; baseline -0.004 -14"><span class='ocrx_word' id='word_1_363' title='bbox 54 3727 124 3784; x_wconf 91' lang='lat' dir='ltr'>det:</span> <span class='ocrx_word' id='word_1_364' title='bbox 149 3727 281 3784; x_wconf 88' lang='lat' dir='ltr'>“onmes</span> <span class='ocrx_word' id='word_1_365' title='bbox 298 3726 349 3798; x_wconf 90' lang='lat' dir='ltr'>qui</span> <span class='ocrx_word' id='word_1_366' title='bbox 370 3743 430 3782; x_wconf 93' lang='lat' dir='ltr'>non</span> <span class='ocrx_word' id='word_1_367' title='bbox 449 3725 628 3784; x_wconf 87' lang='lat' dir='ltr'>confitentur</span> <span class='ocrx_word' id='word_1_368' title='bbox 642 3725 793 3784; x_wconf 90' lang='lat' dir='ltr'>Christum</span> <span class='ocrx_word' id='word_1_369' title='bbox 808 3744 908 3783; x_wconf 89' lang='lat' dir='ltr'>verum</span> <span class='ocrx_word' id='word_1_370' title='bbox 926 3744 990 3784; x_wconf 90' lang='lat' dir='ltr'>esse</span> <span class='ocrx_word' id='word_1_371' title='bbox 1006 3727 1113 3794; x_wconf 86' lang='lat' dir='ltr'>Deum,</span> <span class='ocrx_word' id='word_1_372' title='bbox 1127 3725 1155 3781; x_wconf 90' lang='lat' dir='ltr'>in</span> 
     </span>
     <span class='ocr_line' id='line_1_41' title="bbox 54 3811 1156 3884; baseline 0 -15"><span class='ocrx_word' id='word_1_373' title='bbox 54 3813 155 3884; x_wconf 84' lang='lat' dir='ltr'>ignem</span> <span class='ocrx_word' id='word_1_374' title='bbox 168 3822 311 3870; x_wconf 88' lang='lat' dir='ltr'>aeternum</span> <span class='ocrx_word' id='word_1_375' title='bbox 326 3811 479 3870; x_wconf 90' lang='lat' dir='ltr'>mittentur</span> <span class='ocrx_word' id='word_1_376' title='bbox 488 3812 511 3868; x_wconf 84' lang='lat'>&#39;⁷.</span> <span class='ocrx_word' id='word_1_377' title='bbox 550 3813 588 3884; x_wconf 86' lang='lat' dir='ltr'>(c)</span> <span class='ocrx_word' id='word_1_378' title='bbox 601 3813 632 3870; x_wconf 85' lang='lat' dir='ltr'>S.</span> <span class='ocrx_word' id='word_1_379' title='bbox 650 3813 824 3879; x_wconf 84' lang='lat' dir='ltr'>Mauritius,</span> <span class='ocrx_word' id='word_1_380' title='bbox 841 3813 962 3870; x_wconf 89' lang='lat' dir='ltr'>nomine</span> <span class='ocrx_word' id='word_1_381' title='bbox 976 3811 1156 3870; x_wconf 91' lang='lat' dir='ltr'>Christiano-</span> 
     </span>
     <span class='ocr_line' id='line_1_42' title="bbox 53 3897 1156 3970; baseline -0.002 -13"><span class='ocrx_word' id='word_1_382' title='bbox 53 3918 119 3957; x_wconf 88' lang='lat' dir='ltr'>rum</span> <span class='ocrx_word' id='word_1_383' title='bbox 132 3897 269 3965; x_wconf 82' lang='lat' dir='ltr'>militum,</span> <span class='ocrx_word' id='word_1_384' title='bbox 286 3899 461 3970; x_wconf 89' lang='lat' dir='ltr'>Imperatori</span> <span class='ocrx_word' id='word_1_385' title='bbox 475 3909 577 3969; x_wconf 89' lang='lat' dir='ltr'>aperte</span> <span class='ocrx_word' id='word_1_386' title='bbox 591 3899 663 3957; x_wconf 91' lang='lat' dir='ltr'>dicit</span> <span class='ocrx_word' id='word_1_387' title='bbox 677 3920 683 3956; x_wconf 94' lang='lat'>:</span> <span class='ocrx_word' id='word_1_388' title='bbox 704 3899 833 3957; x_wconf 91' lang='lat' dir='ltr'>“Habes</span> <span class='ocrx_word' id='word_1_389' title='bbox 851 3900 900 3956; x_wconf 92' lang='lat' dir='ltr'>hic</span> <span class='ocrx_word' id='word_1_390' title='bbox 913 3917 967 3957; x_wconf 91' lang='lat' dir='ltr'>nos</span> <span class='ocrx_word' id='word_1_391' title='bbox 981 3899 1156 3956; x_wconf 84' lang='lat' dir='ltr'>confitentes</span> 
     </span>
    </p>
   </div>
   <div class='ocr_carea' id='block_1_7' title="bbox 21 4106 974 4360">
    <p class='ocr_par' dir='ltr' id='par_1_9' title="bbox 21 4106 974 4360">
     <span class='ocr_line' id='line_1_43' title="bbox 86 4106 408 4176; baseline -0.003 -15"><span class='ocrx_word' id='word_1_392' title='bbox 86 4106 95 4136; x_wconf 86' lang='lat'>¹</span> <span class='ocrx_word' id='word_1_393' title='bbox 110 4108 189 4161; x_wconf 84' lang='lat' dir='ltr'>Aelu.</span> <span class='ocrx_word' id='word_1_394' title='bbox 202 4106 330 4176; x_wconf 82' lang='lat' dir='ltr'>-Jueloeos,</span> <span class='ocrx_word' id='word_1_395' title='bbox 344 4123 370 4160; x_wconf 94' lang='lat' dir='ltr'>n.</span> <span class='ocrx_word' id='word_1_396' title='bbox 385 4119 408 4172; x_wconf 92' lang='lat'>7.</span> 
     </span>
     <span class='ocr_line' id='line_1_44' title="bbox 21 4179 974 4264; baseline 0.001 -16"><span class='ocrx_word' id='word_1_397' title='bbox 21 4219 29 4239; x_wconf 72' lang='grc' dir='ltr'>ι</span> <span class='ocrx_word' id='word_1_398' title='bbox 84 4198 95 4220; x_wconf 83' lang='lat'>²</span> <span class='ocrx_word' id='word_1_399' title='bbox 107 4195 167 4264; x_wconf 70' lang='lat' dir='ltr'>Ep.</span> <span class='ocrx_word' id='word_1_400' title='bbox 184 4194 219 4262; x_wconf 93' lang='lat' dir='ltr'>X,</span> <span class='ocrx_word' id='word_1_401' title='bbox 235 4208 277 4262; x_wconf 89' lang='lat'>97.</span> <span class='ocrx_word' id='word_1_402' title='bbox 292 4224 326 4233; x_wconf 92' lang='lat'>-</span> <span class='ocrx_word' id='word_1_403' title='bbox 337 4189 348 4222; x_wconf 84' lang='lat'><strong>⁸</strong></span> <span class='ocrx_word' id='word_1_404' title='bbox 360 4193 444 4262; x_wconf 84' lang='lat' dir='ltr'>Apud</span> <span class='ocrx_word' id='word_1_405' title='bbox 457 4193 613 4262; x_wconf 66' lang='lat' dir='ltr'>renuunt,</span> <span class='ocrx_word' id='word_1_406' title='bbox 633 4195 665 4246; x_wconf 91' lang='lat' dir='ltr'>In</span> <span class='ocrx_word' id='word_1_407' title='bbox 680 4195 726 4249; x_wconf 91' lang='lat' dir='ltr'>vit.</span> <span class='ocrx_word' id='word_1_408' title='bbox 744 4195 823 4248; x_wconf 83' lang='lat' dir='ltr'>Alex.</span> <span class='ocrx_word' id='word_1_409' title='bbox 841 4195 947 4250; x_wconf 80' lang='lat' dir='ltr'>Seueri.</span> <span class='ocrx_word' id='word_1_410' title='bbox 969 4179 974 4186; x_wconf 50' lang='grc'><em>’</em></span> 
     </span>
     <span class='ocr_line' id='line_1_45' title="bbox 85 4278 838 4360; baseline 0.004 -24"><span class='ocrx_word' id='word_1_411' title='bbox 85 4279 259 4350; x_wconf 63' lang='lat' dir='ltr'>⁴Poedaffi,t</span> <span class='ocrx_word' id='word_1_412' title='bbox 274 4280 329 4347; x_wconf 88' lang='lat'>111,</span> <span class='ocrx_word' id='word_1_413' title='bbox 343 4296 366 4334; x_wconf 92' lang='lat' dir='ltr'>c.</span> <span class='ocrx_word' id='word_1_414' title='bbox 385 4295 422 4333; x_wconf 86' lang='lat'>12.</span> <span class='ocrx_word' id='word_1_415' title='bbox 438 4308 474 4326; x_wconf 51' lang='grc' dir='ltr'>--ψ</span> <span class='ocrx_word' id='word_1_416' title='bbox 487 4278 498 4312; x_wconf 75' lang='lat'><strong>⁶</strong></span> <span class='ocrx_word' id='word_1_417' title='bbox 507 4281 563 4352; x_wconf 72' lang='lat' dir='ltr'>Ep.</span> <span class='ocrx_word' id='word_1_418' title='bbox 583 4281 638 4351; x_wconf 86' lang='lat'>5·8,</span> <span class='ocrx_word' id='word_1_419' title='bbox 652 4282 692 4338; x_wconf 89' lang='lat' dir='ltr'>ad</span> <span class='ocrx_word' id='word_1_420' title='bbox 707 4281 838 4360; x_wconf 79' lang='lat' dir='ltr'>Luciam.</span> 
     </span>
    </p>
   </div>
   <div class='ocr_carea' id='block_1_8' title="bbox 0 0 1353 4634">
    <p class='ocr_par' dir='ltr' id='par_1_10' title="bbox 0 0 1353 4634">
     <span class='ocr_line' id='line_1_46' title="bbox 0 0 1353 4634; baseline 0 0"><span class='ocrx_word' id='word_1_421' title='bbox 0 0 1353 4634; x_wconf 95' lang='lat' dir='ltr'> </span> 
     </span>
    </p>
   </div>
  </div>
 </body>
</html>
