2684 4634
200 182 256 245 na'
489 221 491 224 -
645 195 784 246 aanor
802 193 844 244 11.

200 375 287 437 enirn
305 374 394 456 quod
412 368 587 457 sissaliquod
605 377 749 439 calidum
765 398 832 439 non
849 377 972 440 habeat
994 372 1100 439 totam
1125 373 1294 457 perfedtio·

200 498 277 540 nem
288 478 462 555 calidi,hoc
474 481 547 542 ideo
558 470 702 562 est,quia
712 481 801 543 calor
811 503 877 544 non
889 482 1105 564 participatur
1115 475 1294 542 secundum

200 581 380 665 perfettam
395 585 572 662 rationem;
588 586 655 662 sed,
669 587 694 647 si
708 586 797 647 calor
809 594 897 647 esset
910 605 967 665 per
979 605 1013 646 se
1026 583 1220 656 subsistens,
1233 601 1293 647 non

200 695 313 766 posset
329 687 358 747 ei
375 687 499 768 aliquid
517 689 631 750 deesse
644 690 685 751 de
699 689 818 751 virtute
831 687 955 750 caloris.
1002 688 1103 752 Unde
1116 706 1192 748 curn
1207 685 1295 746 Deus

199 790 240 850 sit
256 789 364 871 ipsum
382 811 453 854 esse
470 790 661 868 subsistens
675 793 755 854 nihil
769 793 810 854 de
827 790 1028 874 persedtione
1041 791 1171 854 essendi
1187 797 1297 871 potest

200 894 228 954 ei
245 894 385 957 deesse.''
433 894 497 958 cfr.
514 916 613 977 supra
630 917 658 958 n.
680 913 725 976 15.
955 878 957 882 Α
1092 889 1095 895 ”

232 1089 273 1145 45.
312 1099 339 1150 30
363 1079 538 1136 Corollaria.
578 1080 699 1151 Triplex
720 1079 881 1152 praesertim
904 1078 1027 1145 fruetus
1049 1079 1131 1150 juxta
1156 1066 1291 1146 assium,

200 1165 229 1234 (l.
245 1166 309 1238 cit.)
322 1185 357 1224 ex
370 1167 608 1225 consideratione
621 1167 730 1225 divinae
748 1166 903 1224 infinitatis
921 1166 1019 1237 colligi
1040 1175 1156 1238 potest:
1178 1166 1227 1234 (A)
1241 1164 1297 1220 Pri·

199 1271 265 1309 mus
279 1264 322 1311 est
335 1264 369 1312 ut
381 1256 497 1312 summa
510 1255 672 1312 reverentia
685 1264 713 1313 et
727 1254 894 1312 humilitate
907 1272 975 1310 cum
990 1254 1057 1311 Deo
1075 1270 1199 1324 agamus
1211 1264 1217 1309 i
1238 1269 1296 1323 quo

200 1339 280 1396 enirn
293 1341 387 1412 major
400 1341 547 1413 princeps,
564 1360 600 1399 eo
614 1343 757 1413 majorem
771 1342 797 1400 ei
810 1341 1002 1400 reverentiam
1016 1341 1199 1398 exhibemus,
1241 1339 1297 1396 Ita·

200 1445 259 1498 que
271 1446 339 1485 curn
355 1429 412 1486 Dei
423 1431 559 1500 majestas
573 1430 609 1487 sit
619 1429 741 1501 infinita,
755 1429 871 1487 infinito
879 1430 991 1487 honore
1001 1428 1109 1500 dignus
1116 1437 1168 1485 est.
1208 1427 1296 1484 Porro

199 1514 238 1571 ad
251 1517 444 1574 reverentiam
457 1517 657 1584 excitandam,
673 1518 734 1574 duo
753 1535 928 1574 concurrere
947 1516 1078 1574 debent:
1099 1513 1296 1573 consideratio

200 1601 308 1659 divinae
330 1604 519 1675 excellentiae,
542 1613 571 1661 et
593 1613 701 1661 nostrae
723 1603 850 1670 vilitatis
870 1605 952 1674 juxta
970 1603 1060 1661 illud:
1090 1602 1242 1674 “Loquar
1258 1601 1297 1658 ad

199 1689 360 1746 Dominum
373 1709 483 1762 meum,
499 1709 567 1747 cum
581 1690 635 1747 sim
650 1691 746 1762 pulvis
758 1700 787 1748 et
800 1690 916 1748 cinis¹'’.

235 1778 282 1849 (Β)
297 1778 452 1836 Secundus
465 1789 509 1837 est
522 1789 554 1836 ut
570 1779 668 1836 Deum
688 1796 776 1850 supra
795 1779 896 1836 omnia
915 1777 1111 1835 sincerissima
1129 1777 1251 1834 caritate
1269 1788 1298 1834 et

199 1863 405 1924 benevolentia
413 1884 556 1923 amemus
579 1866 648 1938 Quo
658 1866 737 1923 enim
747 1865 937 1923 excellentius
946 1875 990 1922 est
997 1864 1118 1936 aliquid,
1132 1881 1169 1921 eo
1177 1864 1298 1935 dignius

198 1970 306 2010 amore.
346 1954 484 2026 Jamvero
498 1954 527 2010 in
542 1955 608 2010 Deo
622 1963 666 2011 est
679 1971 769 2011 omne
783 1953 904 2023 bonum,
921 1970 1010 2010 omne
1024 1952 1190 2024 pulchrum,
1208 1969 1298 2010 omne

199 2040 382 2112 delettabile,
398 2060 503 2100 omnes
517 2042 654 2109 thesauri,
666 2041 762 2100 omnis
772 2041 918 2110 nobilitas,
927 2040 1023 2098 omnis
1033 2039 1185 2112 sapientia,
1199 2040 1298 2098 omnis

200 2128 325 2195 bonitas,
353 2130 501 2201 quidquid
526 2147 684 2201 possumus
709 2130 927 2201 concupiscere,
959 2141 988 2187 et
1013 2128 1127 2186 infinite
1157 2129 1295 2200 amplius

199 2214 280 2285 Ergo
301 2232 390 2288 super
412 2216 513 2274 omnia
533 2217 702 2288 diligendus
721 2226 777 2284 est;
796 2235 831 2273 ex
850 2235 911 2288 quo
932 2219 1033 2278 amore
1046 2225 1187 2288 sequetur
1200 2233 1298 2287 prom·

199 2301 317 2374 ptitudo
338 2304 378 2361 ad
396 2304 470 2373 vires
489 2322 593 2362 omnes
612 2305 762 2376 vitamque
781 2304 876 2376 ipsam
895 2304 1131 2375 expendendam,
1154 2312 1187 2360 ut
1205 2303 1298 2374 gloria

200 2389 257 2446 Dei
277 2391 404 2450 maxime
423 2402 639 2464 promoveatur,
660 2394 784 2464 ejusque
805 2392 922 2449 bonitas
941 2392 979 2450 ab
999 2391 1138 2448 omnibus
1154 2409 1296 2462 agnosca·

199 2486 252 2534 tur.

235 2564 282 2633 (C)
295 2565 413 2623 Tertius
426 2566 536 2624 frudtus
550 2576 603 2632 est,
620 2577 651 2624 ut
664 2582 879 2638 cognoscamus
895 2566 951 2624 Dei
966 2565 1116 2624 servitium
1133 2583 1199 2624 esse
1212 2566 1296 2624 nobi-

199 2650 362 2711 lissimum:
382 2672 442 2726 quo
456 2653 536 2711 enim
549 2655 686 2726 princeps
700 2655 805 2725 aliquis
825 2664 869 2712 est
888 2657 987 2726 major,
1005 2672 1040 2711 eo
1058 2652 1188 2710 nobilius
1207 2663 1251 2712 est
1269 2653 1296 2711 ei

199 2732 340 2798 famulari.
380 2742 487 2814 Quare,
504 2760 572 2799 cum
588 2743 671 2800 Deus
684 2741 720 2799 sit
730 2742 915 2813 praestantior
925 2740 1064 2798 omnibus
1074 2741 1193 2812 regibus
1204 2752 1294 2808 terrae,

200 2827 315 2888 infinite
328 2831 457 2889 nobilius
470 2840 514 2888 est
527 2831 554 2888 ei
567 2831 674 2888 servire
688 2849 777 2902 quam
790 2831 878 2889 alicui
891 2830 1029 2902 principi;
1047 2831 1109 2886 imo
1124 2829 1192 2887 Deo
1207 2831 1293 2888 servi-

199 2933 237 2985 re,
255 2935 375 2988 regnare
389 2929 441 2976 est.
481 2918 573 2991 Quod
586 2918 707 2990 quidem
722 2917 900 2990 obsequium
914 2917 1119 2991 praestabimus
1132 2917 1293 2989 praesertim

200 3019 252 3072 per
265 3004 414 3075 religionis
428 3005 524 3062 officia
537 3015 566 3063 et
579 3005 746 3063 custodiam
759 3005 977 3063 mandatorum.

200 3230 312 3299 versity,
328 3229 387 3285 Dis.
408 3232 445 3298 11,
459 3247 486 3300 p.
504 3233 537 3300 36
550 3231 594 3286 ed.
615 3230 711 3299 1888):
731 3231 836 3286 “Deus
850 3242 892 3286 est
911 3249 962 3285 ens
982 3229 1167 3301 individuum,
1184 3250 1203 3285 a
1221 3234 1294 3287 nullo

200 3317 252 3369 nisi
266 3334 283 3370 a
296 3335 326 3372 se
340 3319 511 3389 dependens,
523 3320 637 3373 omnino
648 3318 811 3388 perfeetum,
820 3319 1002 3386 immutabile,
1013 3319 1182 3388 intelligens,
1191 3321 1294 3388 vivens,

200 3408 346 3474 personale
360 3419 387 3462 et
400 3425 537 3477 praesens3
557 3409 745 3477 omnipotens,
759 3409 855 3462 omnia
868 3409 967 3462 videns
986 3418 1014 3462 et
1033 3409 1158 3461 omnium
1177 3426 1290 3465 memor.

202 3494 295 3546 Deum
315 3493 388 3548 iuter
407 3506 435 3549 et
455 3506 597 3549 creaturas
617 3497 736 3563 abyssus
756 3496 895 3565 profunda
910 3495 994 3564 jacet.
1034 3494 1175 3564 Principio
1189 3514 1293 3564 carens,

201 3580 312 3636 sibimet
332 3593 374 3636 est
397 3583 524 3636 absolute
547 3581 695 3636 sufficiens.
736 3582 877 3636 Universa
897 3583 1001 3636 creavit
1020 3591 1048 3634 et
1068 3592 1172 3647 servat;
1199 3601 1292 3637 unum·

200 3686 339 3738 quemque
353 3682 478 3724 nostrurn
493 3670 580 3725 serius
595 3669 673 3724 ocius
684 3669 821 3737 judicabit
836 3670 990 3723 secundum
1004 3670 1095 3738 legem
1106 3669 1173 3725 boni
1188 3680 1216 3724 et
1229 3671 1292 3724 mali

201 3757 332 3825 scriptam
359 3758 386 3811 in
412 3759 541 3811 cordibus
567 3758 678 3813 nostris.
719 3759 829 3824 Regnat
854 3757 992 3821 absolute,
1015 3766 1145 3826 potenter
1165 3769 1294 3826 operatur

200 3844 284 3898 etiarn
298 3846 403 3916 absque
417 3847 525 3914 legibus
538 3846 640 3916 quibus
659 3862 716 3898 non
736 3846 869 3914 subjacet.
911 3845 1016 3899 Omnia
1035 3845 1146 3899 suntin
1165 3846 1294 3900 manibus

200 3933 269 4000 ejus;
290 3932 317 3985 in
331 3933 475 3987 eventibus
495 3933 651 4000 consilium,
665 3933 692 3985 in
712 3933 871 3987 attionibus
891 3933 976 3988 finem
994 3934 1088 4002 habet,
1104 3942 1189 4003 atque
1208 3934 1246 3987 ita
1265 3951 1292 3988 se

200 4021 300 4074 reterre
314 4020 399 4074 voluit
413 4021 449 4074 nd
463 4021 610 4090 cujuslibet
624 4020 749 4075 scientiae
763 4020 912 4090 objetlum.
952 4022 997 4075 Ob
1011 4021 1111 4074 miram
1124 4020 1185 4091 ejus
1198 4038 1282 4091 peren

201 4109 242 4161 uis
256 4108 374 4162 allionis
389 4109 551 4177 potentiam,
563 4109 712 4162 creationis
726 4109 856 4176 historiae,
868 4120 975 4162 naturae
986 4108 1187 4177 constitutioni,
1198 4108 1293 4163 mundi

200 4197 271 4262 vitre,
286 4197 428 4251 societatis
442 4196 550 4265 origini,
566 4198 710 4251 nationum
723 4197 964 4251 vicissitudinibus
977 4197 1084 4252 adest.’'

236 4290 242 4311 ¹
258 4288 322 4339 (ιίῊ.
338 4286 450 4351 XVIII,
465 4299 506 4350 27.
