2684 4634
436 161 491 210 DE
512 157 623 211 new
643 157 774 207 FIDEI.
1111 153 1156 203 49

49 345 255 410 rationabilis
278 366 349 408 esse
369 345 494 408 debet:
516 345 654 408 “Parati
677 361 807 423 semper
829 338 871 402 ad
894 334 1156 401 satisfactionem

48 451 137 512 omni
160 449 315 531 poscenti
338 470 396 510 vos
416 450 578 512 rationem
599 448 642 510 de
661 451 709 522 ea,
729 465 804 527 quae
824 444 856 504 in
878 441 973 504 vobis
995 449 1054 517 est,
1072 461 1131 522 spe
1141 440 1156 466 ’³

49 553 98 624 [ac
123 551 269 633 proinde
297 551 370 626 fide,
395 572 495 634 supra
516 572 616 633 quarn
641 570 716 631 spes
740 544 934 625 fundatur);
958 544 1051 625 atqui
1075 543 1157 606 fides

49 664 165 716 nostra
182 674 250 716 non
266 661 354 715 esset
369 676 444 717 vere
460 654 674 728 rationabilis,
687 673 747 715 nec
760 669 933 732 possemus
946 648 988 710 de
1004 652 1042 709 ea
1060 648 1157 709 ratio·

10 802 12 807 -
49 778 125 820 nem
152 756 302 831 reddere,
330 758 391 819 nisi
423 758 555 821 motivis
582 754 811 819 credibilitatis
835 750 1036 813 sufficienter
1061 749 1158 812 certis

10 864 13 941 ᾗ
50 857 266 932 inniteretur;
293 877 353 918 nee
374 856 542 918 sufficiunt
562 856 728 917 ordinarie
747 855 875 917 interna
896 854 1091 935 experientia
1106 851 1157 915 vel

10 944 13 1059 l
50 957 275 1021 testimonium
295 957 440 1039 spiritus,
461 960 538 1040 quia
562 959 614 1019 his
639 959 776 1020 internis
799 959 901 1039 signis
921 959 979 1019 vix
1001 956 1159 1019 revelatio

50 1082 127 1122 vera
140 1082 161 1122 a
174 1058 292 1123 fictitia
304 1061 445 1123 discerni
462 1071 581 1142 potest.
618 1061 705 1123 Item
717 1061 888 1143 Scriptura
901 1061 1002 1123 modo
1012 1058 1158 1141 generali

51 1165 269 1246 reprehendit
290 1186 347 1226 eos
367 1165 423 1244 qui
443 1165 514 1226 sine
537 1163 712 1226 sufficienti
733 1165 859 1226 motivo
882 1164 1040 1226 credunt:
1065 1161 1159 1243 “Qui

53 1268 159 1329 credit
185 1268 261 1343 cito,
286 1268 366 1329 levis
390 1268 489 1328 corde
514 1277 563 1329 est
574 1268 633 1346 ''1;
659 1267 747 1347 atqui
773 1267 799 1328 si
823 1267 886 1329 hoc
910 1286 1024 1329 verum
1047 1274 1097 1328 est
1117 1265 1160 1327 de

54 1369 119 1434 fide
135 1371 293 1447 humana,
309 1392 329 1433 a
344 1371 470 1434 fortiori
490 1370 534 1432 de
555 1370 620 1432 fide
640 1370 761 1445 divina,
776 1392 851 1451 quae
868 1370 993 1432 firmior
1011 1390 1082 1431 esse
1103 1371 1159 1432 de-

55 1475 111 1536 bet
120 1496 127 1550 ;
153 1494 243 1556 ergo

97 1577 162 1658 (B)
199 1577 229 1638 T
227 1577 394 1640 reditione.
465 1577 658 1640 Vaticanum
688 1577 760 1638 haec
790 1567 897 1639 dere
927 1577 1009 1639 dicit
1041 1599 1048 1638 ι
1079 1575 1161 1638 “Ut

56 1680 274 1741 nihilominus
300 1678 376 1741 fidei
400 1690 521 1742 nostrae
541 1680 737 1760 obsequium
757 1681 876 1743 rationi
900 1689 1160 1742 consentaneum

57 1794 154 1858 esset,
170 1783 276 1845 voluit
293 1784 384 1846 Deus
406 1804 482 1845 cum
504 1783 640 1845 internis
658 1782 812 1863 Spiritus·
823 1783 855 1846 S.
873 1783 1006 1844 auxiliis
1022 1791 1162 1844 externa

55 1885 151 1967 jungi
170 1886 377 1949 revelationis
392 1907 459 1948 suae
475 1895 681 1966 argumenta,
693 1883 780 1947 facta
791 1885 917 1947 scilicet
928 1885 1049 1961 divina,
1062 1894 1162 1965 atque

58 1990 223 2071 imprimis
248 1990 408 2051 miracula
435 1998 468 2050 et
492 1990 693 2070 prophetias
717 2009 791 2069 quae
815 1986 937 2049 divinae
961 1987 1163 2049 revelationis

57 2092 155 2172 signa
178 2101 257 2154 suat
276 2092 455 2154 certissima
465 2091 480 2117 '¹
493 2105 507 2134 2
526 2092 606 2173 (sap.
628 2091 669 2172 2).
717 2093 841 2153 lterum
863 2090 1076 2153 anathemate
1095 2089 1162 2170 ple-

58 2194 118 2258 etit
134 2216 193 2258 eos
210 2197 265 2276 qui
282 2207 433 2259 asserunt
443 2194 633 2260 Catholicos
643 2195 767 2275 justam
781 2213 915 2255 causam
928 2193 1049 2255 habere
1064 2211 1163 2273 posse

57 2298 161 2360 fidem
183 2319 277 2361 suam
298 2301 330 2362 in
355 2300 494 2362 dubium
510 2300 651 2361 vocandi
668 2297 789 2378 (supra,
810 2314 855 2358 12.
872 2317 941 2359 can.
958 2298 1008 2378 6);
1027 2297 1119 2379 atqui
1135 2297 1162 2357 si

58 2401 152 2463 nulla
171 2403 296 2464 motiva
315 2402 541 2464 credibilitatis
565 2411 676 2463 essent
697 2403 889 2478 necessaria,
910 2402 961 2463 vel
983 2403 1010 2463 si
1034 2401 1161 2464 suffice-

58 2515 133 2567 rent
150 2506 335 2587 probabilia
350 2506 540 2587 hujusmodi
561 2507 694 2580 motiva,
710 2505 863 2568 catholici
881 2505 1006 2586 justam
1026 2517 1163 2588 possent

57 2608 183 2671 habere
198 2609 374 2672 dubitandi
389 2630 523 2672 causam
532 2633 539 2689 ;
557 2630 644 2690 ergo,

104 2771 172 2835 109.
219 2755 277 2838 (C)
289 2755 444 2821 'Ratione
490 2759 657 2821 Assensus
679 2758 871 2820 veritatibus
890 2759 1042 2821 revelatis
1063 2759 1162 2821 debet

59 2883 133 2924 esse
150 2861 364 2937 firmissimus
380 2864 426 2926 ita
444 2872 481 2925 ut
499 2865 605 2944 parati
627 2864 729 2925 simus
746 2862 878 2942 rejicere
894 2883 994 2924 omne
1010 2864 1098 2944 quod
1116 2865 1163 2925 eis

59 2966 251 3047 opponitur,
267 2967 397 3027 etiamsi
414 2966 456 3028 ab
472 2967 592 3047 angelo
614 2967 855 3048 praedicaretur,
872 2967 939 3027 imo
955 2975 988 3028 et
1005 2967 1087 3028 mori
1104 2987 1163 3048 pro

59 3068 127 3132 fide
147 3072 281 3147 nostra;
307 3059 399 3151 atqui
419 3078 488 3131 tam
510 3069 623 3131 firmus
642 3089 796 3131 assensus
816 3069 953 3148 produci
970 3071 1085 3150 nequit
1101 3070 1163 3131 nisi

60 3193 119 3254 per
129 3174 258 3234 motiva
269 3172 498 3234 credibilitatis
510 3182 619 3234 certa3
627 3194 634 3249 ;
652 3193 750 3234 nemo
763 3173 851 3234 enim
863 3173 966 3234 vitam
977 3193 1071 3234 suam
1085 3174 1163 3235 dare

59 3284 195 3338 tenetur
209 3296 268 3356 pro
280 3277 437 3358 opinione
449 3296 538 3338 mere
551 3276 722 3358 probabili.
761 3277 861 3337 Ratio
874 3285 986 3338 autem
998 3297 1055 3338 cur
1064 3297 1163 3357 gene-

94 3482 209 3540 ¹Ecclt'.
226 3487 307 3551 XIX,
323 3503 348 3554 4.

92 3573 103 3602 ²
118 3571 196 3642 Quae
214 3574 299 3626 verba
317 3572 473 3641 diriguntur
491 3586 590 3630 contra
608 3593 664 3643 eos,
687 3575 744 3645 qui,
765 3574 876 3644 rejectis
896 3574 1016 3629 externis
1035 3575 1161 3640 crimnis,

59 3663 143 3715 unice
164 3671 319 3730 provocant
339 3662 375 3714 ad
395 3679 506 3715 sensum
527 3664 697 3735 religiosum,
717 3664 754 3716 ad
773 3665 963 3715 testimonium
982 3664 1109 3731 spiritus,
1127 3665 1164 3716 ad

58 3749 254 3801 immediatam
264 3749 457 3802 certitudinem
459 3750 546 3816 fidet}
558 3751 619 3803 haec
628 3751 723 3803 omnia
732 3760 849 3818 possunt
859 3749 973 3818 quidem
982 3767 1044 3803 esse
1056 3750 1176 3821 interna⁴

60 3835 241 3906 praeparati0‚
263 3836 319 3904 qua
343 3835 443 3889 melius
468 3837 619 3905 percipitur
640 3836 682 3889 vis
706 3836 874 3889 motivorum
898 3837 971 3901 fidei,
993 3837 1041 3889 sed
1064 3847 1165 3905 praeter

60 3941 145 3976 casus
172 3922 409 3975 extraordinarios
433 3939 489 3976 non
516 3923 663 3977 sufficiunt.
703 3923 744 3975 Cf.
770 3924 843 3975 Alia
870 3925 899 3976 C.
930 3925 1000 3989 Vat,
1026 3925 1082 3977 ed..
1100 3925 1164 3976 Lac.

60 4031 85 4080 p·
103 4013 154 4079 528
170 4028 211 4079 sq·
273 4078 275 4083 ,
785 4005 792 4017 ‘

95 4098 199 4152 ³Hinc
211 4096 287 4151 reite
300 4098 340 4152 ait
353 4099 383 4150 S.
404 4097 525 4151 Thomas
537 4096 574 4167 (2.
591 4116 614 4152 2.
630 4116 655 4168 q.
672 4100 694 4164 l,
708 4116 733 4162 a,
750 4099 815 4163 4ad
830 4097 866 4166 2.)
884 4117 889 4152 :
906 4097 922 4123 “
934 4099 999 4149 Non
1017 4097 1094 4149 enirn
1107 4114 1165 4150 cre-

61 4193 149 4257 deret,
163 4188 218 4242 nisi
231 4187 338 4242 videret
356 4203 390 4239 ea
409 4201 471 4239 esse
490 4183 632 4238 credenda
651 4183 694 4236 vel
714 4192 825 4251 propter
839 4181 1010 4236 evidentiam
1023 4179 1166 4248 signorum

62 4279 105 4332 vel
119 4285 236 4346 propter
247 4272 355 4343 aliquid
368 4270 552 4342 hujusmodi.'’
1176 4228 1272 4378 Ι

182 4391 418 4447 Sruoesrs11.-4
477 4425 480 4430 .
575 4434 577 4438 ,
626 4421 628 4423 -
