2684 4634
413 154 467 203 DE
485 157 665 207 OBJECTO
686 157 811 204 FIDEI.
1116 158 1157 206 27

298 270 518 280 ——--.-
528 275 557 281 -..
566 275 607 281 ...-
612 276 731 281 -...—-.

62 330 142 408 latis,
159 353 278 396 omnes
295 334 441 400 fatentur
457 359 512 400 eas
530 361 592 400 eron
609 360 672 402 esse
684 340 879 419 infizllr'br'les,
896 341 1027 402 etiamsi
1044 342 1159 402 Ponti-

62 434 126 498 ficis
143 438 282 500 nomine
299 449 333 501 et
348 438 544 504 audioritate
561 443 710 518 edantur,
727 445 788 504 nisi
813 453 925 505 tamen
952 444 983 508 S.
1003 443 1157 506 Pontifex

61 558 96 600 ea
111 541 250 602 decreta
257 543 393 621 proprio
409 544 507 606 faciat
524 555 557 607 et
581 547 713 626 proprio
737 548 872 608 nomine
895 546 973 609 edat
997 567 1071 608 cum
1096 546 1158 607 illis

60 640 229 723 adjunctis
252 665 327 725 quae
350 648 391 708 ad
419 647 677 711 declarationem
702 671 741 712 er
764 632 922 712 catherini
943 651 1157 730 requiruntur.

62 744 216 808 Maxima
233 757 344 810 tamen
362 748 558 812 auctoritate
574 752 709 833 pollent,
723 761 792 814 tum
807 761 941 832 propter
957 762 1156 833 potestatem

60 867 159 928 quam
176 871 197 911 a
216 849 249 913 S.
267 850 354 914 Sede
378 864 585 934 acceperunt,
603 863 674 916 tum
700 863 834 936 propter
857 855 1076 935 prudentiam,
1093 859 1157 936 qua

59 951 88 1012 in
105 953 176 1014 suis
193 954 418 1017 decisionibus
435 958 611 1037 procedere
635 958 750 1019 solent.
799 958 940 1020 Proinde
963 956 1158 1020 doctrinalia

60 1053 369 1139 Congregationum
398 1080 555 1140 responsa
580 1081 654 1122 cum
679 1061 826 1122 maxima
850 1062 1032 1124 reverentia
1054 1063 1157 1142 accipi

60 1158 194 1235 debent,
212 1168 254 1232 et,
268 1159 368 1240 juxta
385 1182 510 1240 omnes,
528 1164 645 1226 saltem
670 1165 879 1226 reverentiole
899 1165 1064 1226 silentium
1087 1165 1156 1224 exi-

60 1273 148 1340 gunt,
165 1263 216 1325 ita
231 1272 268 1325 ut
285 1264 393 1327 nullus
410 1265 528 1328 docere
545 1268 649 1348 possit
673 1268 758 1348 quod
783 1269 993 1330 temerarium
1016 1268 1067 1330 vel
1091 1288 1157 1329 non

61 1372 169 1427 tutum
188 1365 393 1429 declaratum
410 1380 468 1431 est.
516 1369 783 1436 Controvertitur
799 1380 909 1432 autem
926 1382 1035 1433 utrum
1060 1371 1157 1433 inter-

61 1486 137 1527 num
163 1468 298 1548 erogant
321 1471 438 1532 mentis
464 1471 654 1551 obsequium,
682 1481 718 1534 ut
746 1473 960 1553 exposuimus
984 1474 1014 1534 in
1046 1473 1097 1535 Te.
1121 1474 1158 1535 de

61 1568 151 1632 Font.
182 1571 282 1646 tleeol,
310 1592 338 1633 6.
366 1590 421 1650 32;
445 1574 476 1634 in
505 1575 600 1655 praxi
629 1594 799 1637 assensum
824 1575 988 1637 internum
1013 1576 1159 1656 praebere

61 1671 240 1751 prudentia
270 1682 303 1735 et
334 1661 523 1738 obedientia
554 1677 737 1757 generatim
770 1678 910 1739 suadent
935 1699 997 1739 non
1024 1679 1155 1759 quidem

62 1775 252 1851 absolutum,
276 1797 378 1857 quum
409 1772 541 1841 decreta
572 1779 762 1859 hujusmodi
787 1801 852 1841 non
877 1781 943 1842 sint
967 1780 1158 1856 infallibilia,

62 1880 116 1941 sed
125 1879 382 1959 prudentiolem‚
398 1902 499 1962 quum
518 1884 734 1964 praesumptio
757 1892 822 1944 stet
845 1903 903 1963 pro
927 1884 1107 1963 superiore;
1131 1885 1158 1946 si

62 1990 175 2044 tamen
204 2003 322 2062 graves
348 1994 381 2045 et
412 1985 528 2046 solidae
559 1986 702 2048 rationes
727 1986 759 2047 in
783 1986 984 2047 contrarium
1009 1985 1158 2061 militent,

62 2083 189 2148 licitum
207 2088 268 2149 erit
284 2089 353 2149 viro
370 2089 524 2169 prudenti
542 2109 713 2150 assensum
726 2090 936 2170 suspendere,
949 2091 1055 2151 donec
1066 2090 1158 2151 inno·

61 2196 167 2252 tescat
184 2211 364 2253 consensus
382 2191 540 2253 Ecclesiae
556 2191 748 2253 universalis
762 2191 811 2253 vel
824 2192 967 2254 Romani
983 2191 1157 2254 Pontificis

92 2338 132 2401 ⁶4
176 2336 225 2407 (C)
238 2336 591 2408 Deproecrpurrcensurtr.
631 2336 697 2408 Jam
717 2335 905 2393 definivimus
924 2336 1158 2408 propositionem

59 2421 240 2480 haereticam.
280 2425 416 2481 Erronea
429 2437 528 2482 autem
542 2425 649 2482 dieitur
660 2443 694 2481 ea
704 2423 867 2495 propositio
876 2442 943 2495 quae
953 2424 1158 2482 directealicui

58 2510 248 2566 conclusioni
270 2509 446 2582 theologicae
467 2511 637 2583 opponitur,
658 2528 709 2567 seu
732 2510 845 2566 veritati
867 2511 1026 2568 virtualiter
1044 2521 1158 2568 tanturn

57 2597 197 2653 revelatae
205 2615 213 2666 ;
232 2595 274 2652 sic
286 2606 319 2653 ut
332 2615 454 2654 erronea
467 2597 608 2654 damnata
621 2597 674 2652 luit
688 2615 704 2652 a
717 2596 773 2651 Pr‘o
795 2596 840 2652 VI
848 2596 1011 2668 propositio
1027 2615 1159 2654 asserens

58 2682 247 2754 Episcopum
269 2684 419 2755 accepisse
442 2703 458 2740 a
478 2684 598 2742 Christo
621 2684 722 2740 omnia
739 2683 804 2753 jura
823 2682 987 2740 necessaria
1006 2702 1060 2755 pro
1079 2683 1159 2741 bono

56 2769 205 2840 regimine
218 2766 279 2828 suae
291 2771 436 2828 dioecesis
476 2771 642 2841 (Denaing,
663 2772 752 2842 1369.)

92 2859 134 2925 65.
175 2857 318 2914 Proximo
331 2859 433 2915 heresi
442 2859 550 2916 dicitur
563 2877 597 2916 ea
611 2858 774 2929 propositio
788 2876 855 2929 quae
868 2858 1029 2928 opponitur
1047 2857 1158 2915 veritati

56 2963 93 3001 ex
104 2946 252 3002 communi
261 2964 409 3004 consensu
428 2947 645 3017 theologorum,
663 2945 764 3017 paucis
783 2955 883 3003 tamen
902 2945 1155 3015 dissentientibus

56 3031 96 3088 de
115 3032 179 3089 fide
198 3033 344 3098 tenendae,
366 3034 412 3091 vel
431 3033 607 3090 contradicit
626 3032 739 3090 veritati
763 3050 823 3089 non
842 3031 941 3089 adhuc
961 3032 1089 3090 definitae
1106 3033 1159 3090 sed

55 3135 154 3189 prope
167 3118 322 3189 definibili,
336 3129 367 3176 ut
386 3120 409 3176 si
430 3119 496 3190 quis
516 3118 747 3175 Immaculatum
768 3119 801 3173 B.
818 3118 947 3189 Virginis
967 3118 1157 3190 Conceptum

56 3207 226 3277 negavisset
240 3208 342 3278 paucis
354 3208 440 3264 annis
454 3217 614 3278 antequam
630 3206 769 3263 delinitus
784 3207 877 3264 fuerit.

91 3295 135 3346 66.
175 3294 296 3365 sapiens
305 3295 434 3351 heresim
445 3305 489 3352 est
498 3293 663 3367 propositio
673 3293 833 3364 aequivoca,
846 3311 965 3351 sensum
979 3293 1159 3350 catholicum

55 3392 86 3438 et
105 3381 282 3438 haereticum
301 3381 470 3452 admittens,
488 3382 527 3438 ita
546 3391 646 3438 tamen
666 3389 706 3449 ut,
729 3380 843 3437 ratione
861 3380 1155 3449 circumstantiarum,

55 3485 164 3526 sensus
178 3485 285 3541 pravus
298 3471 472 3542 praevaleat:
494 3489 519 3526 v.
535 3488 562 3540 g.
583 3472 601 3497 “
611 3487 685 3524 rearis
697 3469 730 3524 de
750 3468 780 3523 Τ
775 3467 894 3523 rr'm'tote
901 3475 1009 3538 possm
1021 3476 1072 3535 est,
1082 3466 1159 3537 fider

47 3555 228 3627 Jirsltficot.''

91 3652 134 3716 67.
178 3643 344 3701 Temeraria
351 3645 474 3717 potitiae
487 3662 521 3702 ea
535 3642 700 3716 propositio
714 3641 821 3700 dicitur
835 3658 902 3711 quae
914 3640 1058 3697 doctrinae
1077 3657 1158 3697 com·

55 3731 188 3788 muniter
209 3732 238 3788 in
258 3732 394 3790 Ecclesia
412 3741 540 3803 receptae
560 3732 737 3797 adversatur,
751 3746 807 3785 nec
828 3727 949 3784 aliunde
967 3727 1027 3783 ulla
1045 3727 1160 3783 ratione

55 3836 126 3876 vere
139 3817 285 3890 probabili
301 3819 443 3888 innititur,
457 3820 498 3875 sic
512 3839 535 3875 v.
550 3836 576 3888 g.
594 3828 626 3874 ut
639 3816 793 3874 temeraria
806 3817 946 3874 damnata
956 3815 1009 3872 luit
1019 3834 1036 3872 a
1047 3815 1101 3872 Pio
1118 3815 1165 3871 VI

54 3904 224 3978 propositio
245 3905 380 3976 rejiciens
398 3905 564 3963 doctrinam
583 3905 622 3962 de
644 3903 737 3960 limbo
757 3920 916 3975 puerorum
936 3902 1015 3959 velut
1028 3901 1158 3958 fabulam

54 3992 257 4065 pelagianam
277 3993 405 4063 negotiare
418 3993 570 4048 temerario
590 4002 634 4050 est
653 3990 817 4063 propositio
836 4005 912 4058 quae,
930 3987 992 4044 sine
1012 3988 1072 4044 ullo
1092 4004 1158 4058 pro-

54 4078 148 4137 babili
163 4079 369 4148 fundament0‚
383 4079 496 4151 aliquid
516 4079 618 4136 asserit
638 4076 667 4133 in
688 4076 774 4133 rebus
794 4072 978 4142 theologicis
997 4084 1027 4130 ut
1048 4075 1070 4130 si
1091 4074 1158 4144 quis

56 4160 223 4218 contendat
235 4160 334 4229 alium,
352 4171 457 4231 praeter
472 4161 504 4218 Β.
518 4160 681 4230 Virginem,
692 4176 709 4214 a
717 4163 841 4227 peccato
849 4151 982 4223 originali
994 4153 1157 4211 immunem

56 4247 149 4305 fuisse
818 4228 992 4320 -
