2684 4634
207 173 248 223 76
609 202 611 206 >
640 176 784 225 APPEN
792 176 879 226 DIX.

263 392 331 448 Ill.
352 389 463 449 Fides
480 395 517 450 et
534 391 647 450 Ratio
663 406 737 450 non
755 393 880 452 solum
897 392 972 451 sibl
990 392 1162 452 invicem
1179 406 1256 451 non

206 475 464 544 opponuntur,
482 472 678 530 sedetiam
694 473 767 532 sibi
781 478 959 532 mutuam
974 485 1087 544 opem
1100 477 1304 544 praestant:

241 598 296 664 156.
334 595 425 652 Ratio
430 595 507 667 fidei
517 605 593 667 apem
601 604 731 669 praestat.

241 685 284 742 Ut
297 683 492 741 ostendamus
506 694 649 755 quantam
663 703 752 757 opem
767 684 841 743 ratio
860 683 930 743 fidei
950 692 1079 757 praestet,
1091 684 1304 758 explicabimus

205 789 314 830 munus
327 771 449 828 rationis
462 781 532 830 ante
545 782 574 829 et
588 781 657 844 post
669 772 770 830 aetum
784 771 863 830 fidei.

244 861 268 912 1⁰
279 858 461 915 Antiatium
474 858 548 929 fidei,
563 859 636 916 ratio
650 859 719 917 fidei
730 860 924 917 fundamenta
934 860 1129 928 demonstrat,
1138 869 1169 917 et
1178 858 1303 931 aliquam

206 943 427 1015 intelligentiam
441 946 645 1017 mysteriorum
660 945 779 1017 praebet.

240 1031 289 1100 (A)
310 1031 393 1089 muci
401 1032 598 1103 fundamenta
619 1033 813 1101 demonstrat·
838 1033 913 1091 fides
933 1033 1013 1091 enim
1034 1033 1089 1090 tria
1113 1033 1305 1092 essentialiter

205 1116 355 1189 supponit,
369 1135 408 1174 sc.
427 1117 484 1175 Dei
497 1118 683 1176 existentiam
696 1137 730 1175 ac
743 1119 940 1188 veracitatem,
954 1117 1141 1177 existentiam
1156 1119 1303 1176 revelatio·

205 1205 260 1270 nis,
276 1214 305 1262 et
319 1204 521 1263 detectionem
534 1205 665 1264 veritatis
679 1206 825 1277 revelatae,
845 1206 927 1277 atqui
941 1206 1005 1264 haec
1018 1205 1072 1264 tria
1085 1223 1102 1263 a
1121 1206 1240 1264 ratione
1258 1206 1304 1264 rite

208 1290 518 1363 excultapraebentu13
537 1295 577 1362 (a)
590 1292 664 1351 ratio
677 1293 824 1364 siquidem
840 1292 895 1350 Dei
910 1292 1095 1351 existentiam
1109 1302 1140 1351 et
1159 1293 1303 1366 praecipua

204 1378 344 1437 attributa
359 1378 464 1436 inviete
478 1378 670 1450 demonstrat,
687 1380 849 1452 praesertim
862 1397 932 1438 vero
943 1380 1006 1451 ejus
1017 1378 1205 1437 infallibilem
1215 1381 1303 1438 scien·

205 1464 276 1522 tiam
301 1482 418 1522 necnon
443 1465 603 1536 perfeetam
630 1465 835 1537 veracitatem;
866 1464 928 1523 imo
953 1483 989 1523 ex
1013 1465 1210 1524 relationibus
1234 1467 1304 1524 inter

207 1552 306 1608 Deum
319 1559 349 1608 et
361 1561 509 1609 creaturas
524 1552 730 1610 necessitatem
746 1551 886 1610 naturalis
899 1551 1050 1623 religionis
1064 1551 1162 1624 logice
1173 1552 1302 1619 deducit,

206 1646 238 1694 ut
251 1636 351 1695 videre
364 1648 408 1695 est
418 1637 448 1694 in
458 1637 652 1709 Philosophia
659 1637 897 1710 prolationibus,
905 1639 951 1696 vel
962 1638 991 1695 in
1006 1638 1054 1694 Tr.
1065 1638 1099 1694 de
1115 1637 1192 1695 Verri
1202 1638 1301 1711 Ralr'g,

205 1741 232 1779 n.
255 1743 272 1794 9
293 1741 351 1795 sq.;
379 1724 419 1795 (b)
441 1723 511 1782 item
535 1724 609 1782 ratio
629 1724 867 1797 possibilitatem,
887 1725 1030 1782 moralem
1050 1724 1260 1784 necessitatem
1277 1732 1305 1782 et

205 1811 389 1869 existentiam
404 1810 591 1869 revelationis
604 1812 728 1884 probat:
749 1812 787 1869 ad
801 1811 895 1883 ipsam
910 1810 1058 1892 siquidem
1072 1804 1203 1883 pertinet
1214 1812 1304 1871 deter-

205 1895 317 1952 minare
330 1912 467 1966 quaenam
481 1896 538 1952 sint
552 1895 642 1967 signa,
660 1896 721 1953 sive
735 1896 849 1954 interna
862 1895 923 1954 sive
936 1905 1062 1966 externa,
1074 1894 1186 1966 quibus
1196 1896 1302 1955 saelum

205 1981 391 2039 revelationis
404 1990 540 2040 constare
553 1982 663 2054 possit;
682 1983 788 2040 iterum
802 1981 879 2038 illius
891 1981 964 2052 juris
983 1991 1028 2040 est
1047 1981 1235 2054 investigare,
1250 1999 1304 2055 ope

205 2069 321 2138 criticae,
338 2078 436 2126 utrum
450 2069 534 2140 signa
547 2087 614 2140 quae
626 2071 665 2126 ad
679 2068 863 2128 divinitatem
878 2069 1028 2141 religionis
1047 2068 1226 2128 Christianae
1243 2087 1304 2142 pro·

206 2156 336 2217 bandam
350 2157 519 2228 afferuntur,
534 2157 593 2214 sint
605 2156 780 2215 sufficientia
793 2175 888 2215 necne
896 2175 904 2229 ;
924 2157 984 2214 imo
1003 2158 1078 2216 ratio
1089 2157 1154 2231 ipsa
1167 2156 1305 2216 determi-

206 2261 275 2302 nare
288 2253 386 2316 potest
394 2252 423 2301 et
433 2243 524 2301 debet
532 2261 679 2316 quaenam,
690 2243 765 2302 inter
775 2243 932 2302 societates
940 2242 1124 2310 christianas,
1136 2243 1174 2302 sit
1183 2244 1305 2303 authen-

206 2331 263 2388 tica
275 2329 460 2388 revelationis
474 2340 572 2388 custos
586 2340 615 2389 et
629 2330 780 2402 interpres,
797 2339 828 2388 ut
847 2330 964 2388 videtur
982 2329 1012 2387 in
1035 2330 1084 2388 Tr.
1097 2330 1132 2388 de
1151 2329 1228 2388 Vera
1239 2330 1303 2388 Rel.

114 2416 117 2422 ’
205 2415 385 2484 ctEcclcsih,·
404 2417 442 2486 (c)
455 2415 577 2474 tandem
596 2417 670 2475 ratio
689 2426 787 2489 potest
806 2417 945 2488 detegere
964 2416 994 2472 in
1013 2414 1093 2473 libris
1112 2415 1204 2474 sacris
1222 2434 1306 2489 quas·

206 2503 275 2561 dam
289 2504 392 2563 saltem
405 2522 441 2562 ex
453 2502 625 2562 veritatibus
639 2504 781 2572 revelatis,
795 2503 909 2562 utendo
922 2521 962 2560 se.
976 2503 1083 2574 regulis
1096 2519 1306 2574 quaecommu·

206 2592 281 2649 niter
295 2592 323 2647 in
337 2591 560 2649 hermeneutica
573 2591 728 2649 traduntur
735 2611 743 2662 3
762 2592 831 2649 dico
853 2591 1022 2662 “quasdam
1031 2589 1056 2660 '',
1078 2588 1148 2662 quia
1166 2590 1208 2648 ad
1227 2591 1306 2649 dete·

204 2678 317 2751 gendas
331 2678 423 2737 modo
436 2688 517 2736 certo
531 2696 635 2735 omnes
649 2678 711 2734 illas
721 2677 857 2736 veritates
867 2677 1024 2748 requiritur
1034 2675 1197 2735 infallibilis
1206 2677 1306 2735 aueto-

205 2767 273 2823 ritas
288 2765 438 2825 Ecclesiae2

240 2857 288 2926 (B)
300 2855 438 2925 Aliquam
449 2853 668 2924 intelligentiam
679 2851 876 2922 mysteriorum
885 2852 999 2923 prabet.
1040 2850 1130 2908 Ratio
1138 2868 1201 2908 non
1209 2860 1306 2924 potest

205 2942 327 3012 quidem
341 2940 595 3011 comprehendere
609 2940 755 3011 mysteria,
772 2939 825 2996 sed
839 2938 992 3011 percipere
1006 2938 1082 2995 valet
1094 2955 1218 2996 sensum
1236 2936 1306 2996 veri-

205 3029 272 3086 tatis
285 3028 450 3098 credendae,
466 3027 548 3097 juxta
562 3027 635 3084 illud
651 3027 680 3085 S.
696 3027 870 3098 Arrgnstini¹
880 3048 890 3081 .·
910 3027 928 3055 “
939 3025 1097 3084 Credimus
1107 3021 1213 3098 Jesum
1224 3024 1307 3084 Chri-

206 3128 283 3175 stum
297 3126 398 3172 natum
413 3115 450 3172 de
464 3116 576 3186 virgine
589 3119 656 3187 qu'ae
671 3114 766 3171 Maria
780 3114 951 3184 vocabatur,
966 3112 1040 3185 quid
1053 3112 1090 3170 sit
1102 3121 1204 3171 atatem
1218 3112 1306 3184 virgo,

205 3203 277 3276 quid
292 3203 328 3261 sit
341 3202 426 3274 nasci,
444 3212 473 3261 et
486 3203 559 3272 quid
572 3203 609 3259 sit
623 3221 722 3258 rtornan
731 3202 886 3272 propriam
900 3219 960 3258 non
981 3199 1137 3271 credimus,
1153 3199 1211 3257 sed
1230 3198 1306 3256 nani-

206 3290 296 3347 mml'
335 3291 380 3346 Ita
394 3310 419 3346 v.
435 3305 472 3360 g,
486 3289 508 3345 si
522 3298 625 3359 agatur
638 3289 676 3347 de
690 3289 828 3360 mysterio
844 3287 895 3346 SS.
914 3286 1081 3356 Tantalis,
1092 3287 1168 3344 ratio
1189 3286 1305 3345 investi·

204 3377 286 3448 gabit
308 3377 380 3448 quid
401 3377 437 3433 sit
457 3377 584 3444 essentia,
605 3376 677 3447 quid
693 3384 819 3447 persona
839 3375 900 3432 sive
919 3374 949 3431 in
971 3391 1088 3446 genere,
1102 3374 1163 3432 sive
1180 3374 1209 3431 in
1225 3375 1292 3432 Deo
1298 3393 1306 3444 ;

205 3464 333 3535 ideoque
346 3462 429 3522 dabit
443 3461 666 3533 intelligentiam
680 3461 769 3532 hujus
783 3460 1012 3534 propositionis:
1035 3461 1136 3518 “Tres
1155 3471 1228 3520 sunt
1245 3479 1305 3533 per·

205 3569 286 3608 sonae
300 3551 328 3606 in
343 3550 402 3607 una
414 3559 443 3608 et
456 3550 561 3607 eidem
576 3549 677 3606 divina
690 3549 844 3607 essendi?

241 3684 295 3740 157.
336 3673 362 3726 2⁰
374 3672 446 3727 Post
457 3672 552 3727 allum
564 3669 641 3739 fidei,
655 3669 729 3726 ratio
743 3679 870 3742 quatuor
884 3667 1045 3740 praesertim
1060 3667 1149 3726 efficit
1170 3667 1201 3726 in
1220 3668 1304 3728 rebus

205 3755 294 3908 fidtiil
308 3837 444 3893 Veritatas
456 3835 597 3893 revelatas
609 3835 727 3905 analysi
736 3835 826 3892 simul
835 3841 862 3892 at
872 3834 999 3905 synthesi
1007 3834 1143 3906 explorat
1157 3841 1245 3906 atqua
1261 3832 1303 3890 cn·

201 3921 283 3993 polit.
325 3921 380 3978 Per
393 3921 518 3977 arduum
533 3921 613 3977 enim
627 3920 767 3990 studium,
783 3920 858 3976 ratio
871 3919 963 3976 modo
977 3917 1156 3976 distinction
1169 3928 1200 3976 et
1213 3917 1303 3988 magis

204 4008 343 4080 explicito
357 4007 468 4077 detegit
482 4007 513 4062 in
525 4006 675 4078 Scriptura
689 4016 717 4063 et
730 4006 904 4063 Traditione
915 4004 1050 4063 veritates
1061 4022 1129 4077 quae
1137 4014 1227 4063 antea
1235 4021 1302 4061 non-

205 4096 261 4152 nisi
274 4096 398 4152 confuse
412 4106 440 4152 et
454 4094 596 4166 implicite
610 4104 724 4152 tantum
739 4094 979 4166 percipiebantur
986 4112 995 4164 ;
1014 4092 1137 4166 insuper
1149 4110 1186 4151 ex
1200 4090 1302 4166 princi·

242 4277 248 4297 ¹
264 4271 292 4322 S.
309 4270 437 4336 August,
451 4268 486 4322 de
499 4266 608 4329 Trinit,
624 4266 669 4320 lib.
684 4265 765 4330 Vlll,
782 4283 805 4319 c.
822 4266 846 4318 8
