2684 4634
200 163 259 214 1³8
640 165 778 217 CAPUT
795 164 856 214 111.

198 338 378 417 intellectu,
393 341 447 422 qui
463 361 508 404 ex
523 362 559 405 se
575 341 656 405 nihil
672 343 764 405 aliud
780 342 931 406 continet
946 342 1009 404 nisi
1026 341 1212 423 archetypa
1227 361 1292 422 pos·

198 444 359 521 sibilium;
382 464 460 527 ergo
471 465 511 507 ea
520 445 693 525 cognoscit
705 446 737 507 in
751 445 933 523 voluntate,
943 454 1109 528 quatenus
1121 445 1165 508 ab
1177 453 1294 508 aetemo

197 547 344 609 decrevit
358 547 513 628 quaedam
537 547 707 629 possibilia
727 569 795 629 prae
820 548 892 611 aliis
916 549 1098 631 producere
1123 548 1157 610 in
1182 544 1294 611 actum.

198 648 234 713 Si
251 657 418 730 quaeratur
436 649 607 730 quomodo
625 661 763 732 peccata
778 651 1032 732 praevideantur,
1043 651 1249 733 respondent
1261 669 1295 712 ea

197 752 354 835 cognosci
371 772 433 813 non
449 752 481 813 in
497 752 631 814 decreto
647 753 861 833 approbativa,
877 755 935 817 sed
955 755 987 815 in
1011 739 1148 817 decreto
1161 751 1294 833 permis·

196 855 276 931 sivo,
291 864 455 937 quatenus
474 855 567 918 Deus
583 856 626 918 ab
641 866 766 918 aeterno
781 857 931 919 decernit
945 856 979 918 in
996 856 1055 919 tali
1070 854 1123 918 vel
1140 855 1202 918 tali
1223 874 1295 916 casu

197 959 400 1040 suspendere
416 979 473 1021 seu
499 960 664 1040 denegare
688 959 830 1040 speciale
855 959 1028 1036 auxilium,
1050 981 1118 1041 quo
1141 958 1296 1022 vitaretur

198 1072 380 1143 peccatum.
427 1060 546 1143 Quoad
564 1061 675 1125 sutura
690 1062 927 1138 conditionata,
943 1063 1059 1125 dicunt
1082 1082 1122 1124 ea
1144 1061 1295 1142 cognosci
1336 1078 1338 1089 ·

198 1168 230 1229 in
248 1167 390 1229 decretis
410 1162 591 1246 subjective
614 1165 775 1228 absolutis
799 1173 834 1228 et
856 1162 1021 1246 objedtive
1045 1163 1296 1243 conditionatis;
1336 1094 1338 1205 l

197 1291 225 1332 v.
242 1289 271 1349 g.
288 1270 330 1331 ab
346 1278 472 1331 aeterno
490 1268 582 1330 Deus
598 1268 669 1331 vult
684 1270 774 1351 quod
797 1269 891 1350 Tyrii
913 1276 1161 1344 convertantur,
1177 1268 1204 1329 si
1220 1267 1295 1349 ipsis

199 1370 417 1452 livangelium
435 1370 647 1450 praedicetur3
670 1371 839 1433 decretum
857 1369 937 1433 illud
955 1378 1006 1433 est
1018 1369 1211 1433 absolutum
1224 1370 1296 1432 sub

194 1472 316 1555 jective
331 1473 435 1536 “volo
451 1473 572 1554 Tyrios
588 1473 768 1551 converti”,
783 1475 842 1537 sed
859 1474 1127 1536 conditionatum
1144 1493 1190 1534 ex
1206 1481 1296 1554 parte

196 1573 318 1658 objecti
334 1576 473 1658 “posito
488 1576 577 1655 quod
595 1575 675 1656 ipsis
695 1576 916 1658 Evangelium
933 1575 1155 1658 praedicetur''
1163 1589 1184 1639 1.

239 1714 286 1780 88.
335 1710 501 1794 Obsicinnt
509 1711 643 1792 quidem
659 1710 841 1775 Molinistae
852 1712 902 1773 his
915 1712 1056 1775 decretis
1067 1712 1191 1774 destrui
1204 1710 1294 1773 liber·

197 1824 318 1893 trrtcrn3
345 1815 371 1877 si
394 1815 483 1878 enim
507 1813 661 1876 voluntas
685 1815 805 1877 divinis
828 1815 970 1879 decretis
993 1815 1236 1877 determinatur
1256 1814 1294 1877 ad
1336 1842 1338 1847 ·

196 1919 373 2001 agendum,
390 1938 456 1980 non
473 1918 604 1980 videtur
618 1918 789 1998 quomodo
805 1939 876 1980 sese
899 1919 1107 1981 determinet.
1159 1918 1294 1999 Respon-

195 2022 272 2085 dent
295 2020 498 2085 'l'homistae:
522 2020 684 2101 quidquid
707 2020 801 2082 Deus
825 2021 869 2083 ab
890 2031 1016 2083 aeterno
1036 2020 1195 2094 decernit,
1209 2029 1295 2082 certo

195 2125 329 2207 quidem
347 2132 381 2186 et
397 2121 614 2185 infallibiliter
637 2123 756 2197 evenit,
773 2143 838 2184 non
864 2133 976 2186 autem
999 2123 1195 2187 necessario.
1249 2123 1295 2187 Si-

195 2226 339 2309 quidem,
356 2235 392 2289 ut
408 2225 454 2287 ait
471 2224 506 2287 S.
528 2223 701 2287 Tlonzos²z
725 2226 838 2289 “Cum
864 2227 966 2306 igitur
989 2225 1145 2310 voluntas
1160 2225 1235 2288 Dei
1257 2225 1295 2288 sit
1336 2244 1338 2317 ἰ

195 2328 434 2402 efficacissima,
450 2347 516 2388 non
534 2327 641 2390 solum
659 2329 808 2409 sequitur
823 2330 913 2410 quod
938 2328 1021 2392 fiant
1043 2349 1083 2391 ea
1105 2349 1181 2411 quae
1206 2329 1295 2392 Deus

196 2432 265 2495 vult
282 2429 359 2505 fieri,
376 2429 433 2491 sed
450 2438 483 2491 et
499 2430 589 2509 quod
607 2451 647 2491 eo
665 2431 767 2492 modo
783 2430 866 2493 fiant
882 2451 950 2513 quo
967 2432 1060 2494 Deus
1076 2451 1116 2494 ea
1132 2430 1203 2493 fieri
1221 2430 1294 2493 vult
1336 2492 1338 2501 ,

197 2535 276 2599 Vult
291 2542 403 2596 mrtem
419 2531 574 2613 quaedam
592 2530 660 2594 fieri
677 2532 769 2594 Deus
785 2535 981 2610 necessario,
997 2534 1152 2615 quaedam
1168 2534 1293 2596 contin·

195 2645 320 2717 peuter,
334 2645 371 2697 ut
395 2634 437 2697 sit
460 2636 543 2697 ordo
566 2634 597 2695 in
624 2634 721 2701 rebus
745 2636 788 2698 ad
812 2636 1097 2716 complementum
1123 2636 1294 2698 universi'’.

197 2740 231 2803 S.
248 2736 457 2819 elregustr'nns
472 2757 539 2799 rem
558 2736 700 2799 illustrat
716 2737 874 2818 exemplo
892 2739 988 2815 Petri,
1002 2758 1062 2819 pro
1078 2738 1173 2818 cujus
1188 2758 1294 2820 perse·

194 2842 341 2907 vorantia
358 2842 390 2903 in
408 2839 473 2903 fide
489 2840 639 2903 Christus
651 2841 777 2903 oravit:
800 2862 875 2922 quae
887 2842 1023 2922 quidem
1036 2842 1144 2903 oratio
1155 2841 1219 2904 suit
1229 2840 1293 2904 effi·

194 2968 255 3009 eux
276 2947 320 3008 ita
337 2955 373 3007 ut
390 2944 505 3006 Petrus
521 2952 612 3005 certo
628 2952 660 3005 et
677 2932 894 3005 infallibiliter
906 2944 939 3005 in
952 2943 1018 3007 fide
1030 2945 1294 3025 perseveraverit,

195 3049 250 3113 sed
267 3045 445 3111 efficacitas
460 3046 619 3107 orationis
645 3045 832 3107 libertatem
859 3046 929 3126 ejus
955 3066 1021 3109 non
1045 3045 1215 3110 destruxit
1238 3047 1292 3109 sed

230 3216 237 3239 ¹
251 3211 305 3268 Alii
321 3222 414 3267 tumen
428 3227 485 3264 rem
499 3209 581 3264 aliter
592 3220 744 3277 exponunt,
757 3210 885 3265 dicentes
899 3213 992 3265 Deum
1004 3212 1100 3266 videre
1110 3212 1222 3282 futuro
1235 3229 1293 3266 con·

194 3302 331 3373 tingentur
345 3298 372 3352 in
385 3314 481 3352 eorum
493 3297 649 3350 rationibus
658 3297 884 3368 intelligibilibus
893 3316 980 3367 penes
989 3315 1020 3352 se
1029 3297 1225 3366 existentibus,
1234 3315 1293 3368 sup·

194 3386 285 3459 positi
297 3396 391 3442 tamen
405 3380 493 3439 liberti
506 3384 737 3436 determinatione
749 3385 857 3437 divino
869 3385 1029 3439 voluntatis
1047 3385 1084 3438 ad
1103 3386 1223 3439 alteram
1236 3402 1294 3455 par·

194 3486 249 3531 tem
264 3470 505 3533 contradictionin
525 3486 591 3522 nam
605 3469 677 3523 ideae
691 3469 803 3537 divinae,
818 3488 881 3540 quae
900 3489 950 3539 per
968 3488 999 3525 se
1018 3488 1075 3525 non
1094 3481 1296 3541 repraesentant

194 3562 246 3619 niti
260 3560 431 3633 quidditntes
444 3574 536 3612 rerum
549 3573 703 3626 earumque
716 3559 882 3612 essentiales
896 3559 1091 3628 proprietates,
1107 3575 1165 3612 non
1179 3570 1295 3629 possunt

194 3667 283 3707 terum
298 3646 461 3704 existentias
474 3644 631 3713 nuntioque
645 3644 804 3698 accidentia
817 3646 1009 3713 contingentia
1021 3655 1232 3715 repraesentare,
1243 3645 1294 3700 nisi

193 3730 1146 3808 suppositoatludivinmvoluntatis,exquoomniaistadependent.
1181 3732 1296 3785 Futuro

192 3830 286 3881 erotem
298 3822 487 3878 conditionata
502 3820 580 3873 lleus
592 3816 619 3871 iu
631 3818 723 3886 seipso
734 3817 887 3886 cognoscit,
898 3822 1040 3890 srepposito
1049 3822 1113 3874 actu
1122 3820 1295 3888 cooperative

196 3930 251 3969 ruo
262 3909 425 3975 veternam,
439 3902 577 3977 objeoive
591 3904 792 3970 courlitiouato,
806 3921 855 3957 seu
869 3905 916 3973 qui
929 3905 1061 3961 effectum
1079 3905 1232 3974 sortiretur,
1247 3921 1295 3974 po·

195 4002 246 4053 eut
260 3994 428 4063 conditione.
467 3994 511 4046 lta
526 3990 609 4045 Cani.
626 3990 712 4057 I'ecet,
732 3990 759 4043 S.
777 3991 932 4045 Tommaso
946 3992 1021 4046 circa
1033 3993 1049 4046 l’
1063 3991 1181 4045 influsso
1201 3990 1296 4044 divino

193 4094 250 4145 etr
262 4085 372 4143 scierm
383 4096 485 4149 mezza;
506 4078 589 4134 Cant.
606 4077 720 4145 Sutollr‘,
736 4093 780 4146 op.
795 4077 853 4147 cit.;
872 4079 909 4131 A.
919 4080 1036 4148 Paquet,
1051 4080 1098 4133 De
1112 4080 1177 4134 Deo
1192 4080 1260 4133 Uno
1269 4089 1297 4133 et

201 4174 291 4235 {joun
302 4163 437 4239 Quebeci,
452 4162 528 4231 1895,
541 4158 614 4232 disp.
633 4160 683 4229 lV,
697 4174 723 4229 q.
741 4160 763 4226 1,
776 4176 801 4215 a.
818 4160 872 4228 6-7,
886 4178 913 4230 p.
930 4177 979 4228 241
995 4179 1037 4233 sq.
