<?xml version="1.0" encoding="UTF-8"?>
<!DOCTYPE html PUBLIC "-//W3C//DTD XHTML 1.0 Transitional//EN"
    "http://www.w3.org/TR/xhtml1/DTD/xhtml1-transitional.dtd">
<html xmlns="http://www.w3.org/1999/xhtml" xml:lang="en" lang="en">
 <head>
  <title>
</title>
<meta http-equiv="Content-Type" content="text/html;charset=utf-8" />
  <meta name='ocr-system' content='tesseract 3.04.00' />
  <meta name='ocr-capabilities' content='ocr_page ocr_carea ocr_par ocr_line ocrx_word'/>
</head>
<body>
  <div class='ocr_page' id='page_1' title='image "./synopsistheolog00tanqgoog_0538.png"; bbox 0 0 2684 4634; ppageno 0'>
   <div class='ocr_carea' id='block_1_1' title="bbox 221 280 1141 349">
    <p class='ocr_par' dir='ltr' id='par_1_1' title="bbox 221 245 1141 349">
     <span class='ocr_line' id='line_1_1' title="bbox 221 280 1141 349; baseline 0.002 -2"><span class='ocrx_word' id='word_1_1' title='bbox 221 280 1141 349; x_wconf 60' lang='lat' dir='ltr'>ztwwvsxzaxztwwx</span> 
     </span>
    </p>
   </div>
   <div class='ocr_carea' id='block_1_2' title="bbox 153 491 1204 774">
    <p class='ocr_par' dir='ltr' id='par_1_2' title="bbox 153 491 1215 774">
     <span class='ocr_line' id='line_1_2' title="bbox 523 491 1184 645; baseline -0.006 -37"><span class='ocrx_word' id='word_1_2' title='bbox 523 491 721 627; x_wconf 75' lang='lat' dir='ltr'>Caput</span> <span class='ocrx_word' id='word_1_3' title='bbox 745 496 867 645; x_wconf 58' lang='lat' dir='ltr'>ttt„</span> <span class='ocrx_word' id='word_1_4' title='bbox 1181 641 1184 644; x_wconf 64' lang='lat'>‚</span> 
     </span>
     <span class='ocr_line' id='line_1_3' title="bbox 153 701 1204 774; baseline 0.007 -12"><span class='ocrx_word' id='word_1_5' title='bbox 153 750 160 762; x_wconf 88' lang='lat'><strong>.</strong></span> <span class='ocrx_word' id='word_1_6' title='bbox 237 701 343 770; x_wconf 74' lang='lat' dir='ltr'>‚DE</span> <span class='ocrx_word' id='word_1_7' title='bbox 361 701 640 772; x_wconf 86' lang='lat' dir='ltr'>MYSTERIO</span> <span class='ocrx_word' id='word_1_8' title='bbox 668 701 1126 774; x_wconf 62' lang='lat' dir='ltr'>REDEMPTIONIS„</span> <span class='ocrx_word' id='word_1_9' title='bbox 1197 753 1204 767; x_wconf 93' lang='lat'><strong>.</strong></span> 
     </span>
    </p>
   </div>
   <div class='ocr_carea' id='block_1_3' title="bbox 221 945 1140 1015">
    <p class='ocr_par' dir='ltr' id='par_1_3' title="bbox 221 945 1140 1027">
     <span class='ocr_line' id='line_1_4' title="bbox 221 945 1140 1015; baseline 0 -6"><span class='ocrx_word' id='word_1_10' title='bbox 221 945 1140 1015; x_wconf 55' lang='lat' dir='ltr'>xrnrzmzxrzmzwwssae</span> 
     </span>
    </p>
   </div>
   <div class='ocr_carea' id='block_1_4' title="bbox 122 1257 1331 2574">
    <p class='ocr_par' dir='ltr' id='par_1_4' title="bbox 122 1257 1331 2574">
     <span class='ocr_line' id='line_1_5' title="bbox 170 1257 1231 1339; baseline -0.002 -17"><span class='ocrx_word' id='word_1_11' title='bbox 170 1268 247 1336; x_wconf 84' lang='lat'>170..</span> <span class='ocrx_word' id='word_1_12' title='bbox 289 1257 456 1339; x_wconf 88' lang='lat' dir='ltr'>Exposito</span> <span class='ocrx_word' id='word_1_13' title='bbox 474 1259 718 1320; x_wconf 87' lang='lat' dir='ltr'>lncarnationis</span> <span class='ocrx_word' id='word_1_14' title='bbox 739 1258 906 1339; x_wconf 89' lang='lat' dir='ltr'>mysterio,</span> <span class='ocrx_word' id='word_1_15' title='bbox 923 1259 965 1319; x_wconf 92' lang='lat' dir='ltr'>de</span> <span class='ocrx_word' id='word_1_16' title='bbox 982 1258 1231 1338; x_wconf 89' lang='lat' dir='ltr'>Redemptione</span> 
     </span>
     <span class='ocr_line' id='line_1_6' title="bbox 123 1359 1230 1441; baseline -0.002 -19"><span class='ocrx_word' id='word_1_17' title='bbox 123 1359 194 1441; x_wconf 90' lang='lat' dir='ltr'>jam</span> <span class='ocrx_word' id='word_1_18' title='bbox 211 1359 442 1422; x_wconf 90' lang='lat' dir='ltr'>disserendum</span> <span class='ocrx_word' id='word_1_19' title='bbox 459 1370 518 1423; x_wconf 92' lang='lat' dir='ltr'>est.</span> <span class='ocrx_word' id='word_1_20' title='bbox 566 1361 738 1441; x_wconf 82' lang='lat' dir='ltr'>Siquidem</span> <span class='ocrx_word' id='word_1_21' title='bbox 752 1360 827 1421; x_wconf 88' lang='lat' dir='ltr'>finis</span> <span class='ocrx_word' id='word_1_22' title='bbox 837 1359 975 1421; x_wconf 72' lang='lat' dir='ltr'>ultimus</span> <span class='ocrx_word' id='word_1_23' title='bbox 988 1361 1230 1422; x_wconf 86' lang='lat' dir='ltr'>lncarnationis</span> 
     </span>
     <span class='ocr_line' id='line_1_7' title="bbox 125 1462 1228 1544; baseline 0.003 -22"><span class='ocrx_word' id='word_1_24' title='bbox 125 1471 178 1523; x_wconf 88' lang='lat' dir='ltr'>est</span> <span class='ocrx_word' id='word_1_25' title='bbox 194 1463 311 1543; x_wconf 89' lang='lat' dir='ltr'>utique</span> <span class='ocrx_word' id='word_1_26' title='bbox 326 1462 432 1542; x_wconf 88' lang='lat' dir='ltr'>gloria</span> <span class='ocrx_word' id='word_1_27' title='bbox 445 1462 626 1543; x_wconf 88' lang='lat' dir='ltr'>Dei,juxta</span> <span class='ocrx_word' id='word_1_28' title='bbox 643 1463 743 1525; x_wconf 91' lang='lat' dir='ltr'>illud:</span> <span class='ocrx_word' id='word_1_29' title='bbox 768 1464 950 1525; x_wconf 86' lang='lat' dir='ltr'>“universa</span> <span class='ocrx_word' id='word_1_30' title='bbox 966 1474 1103 1544; x_wconf 91' lang='lat' dir='ltr'>propter</span> <span class='ocrx_word' id='word_1_31' title='bbox 1118 1474 1228 1525; x_wconf 82' lang='lat' dir='ltr'>semet·</span> 
     </span>
     <span class='ocr_line' id='line_1_8' title="bbox 124 1564 1226 1646; baseline 0.002 -21"><span class='ocrx_word' id='word_1_32' title='bbox 124 1564 235 1645; x_wconf 83' lang='lat' dir='ltr'>ipsum</span> <span class='ocrx_word' id='word_1_33' title='bbox 251 1574 407 1645; x_wconf 87' lang='lat' dir='ltr'>operatus</span> <span class='ocrx_word' id='word_1_34' title='bbox 423 1574 474 1627; x_wconf 89' lang='lat' dir='ltr'>est</span> <span class='ocrx_word' id='word_1_35' title='bbox 491 1566 657 1627; x_wconf 87' lang='lat' dir='ltr'>Dominus</span> <span class='ocrx_word' id='word_1_36' title='bbox 670 1566 686 1591; x_wconf 89' lang='lat'>&#39;&#39;</span> <span class='ocrx_word' id='word_1_37' title='bbox 700 1579 728 1646; x_wconf 76' lang='lat'>13</span> <span class='ocrx_word' id='word_1_38' title='bbox 752 1565 809 1627; x_wconf 90' lang='lat' dir='ltr'>sed</span> <span class='ocrx_word' id='word_1_39' title='bbox 832 1564 905 1626; x_wconf 88' lang='lat' dir='ltr'>finis</span> <span class='ocrx_word' id='word_1_40' title='bbox 915 1565 1095 1645; x_wconf 78' lang='lat' dir='ltr'>proxz&#39;mus,</span> <span class='ocrx_word' id='word_1_41' title='bbox 1108 1565 1226 1627; x_wconf 86' lang='lat' dir='ltr'>saltem</span> 
     </span>
     <span class='ocr_line' id='line_1_9' title="bbox 125 1666 1228 1749; baseline 0.004 -22"><span class='ocrx_word' id='word_1_42' title='bbox 125 1666 286 1748; x_wconf 88' lang='lat' dir='ltr'>partialis,</span> <span class='ocrx_word' id='word_1_43' title='bbox 301 1667 363 1728; x_wconf 84' lang='lat' dir='ltr'>fuit</span> <span class='ocrx_word' id='word_1_44' title='bbox 379 1668 565 1749; x_wconf 87' lang='lat' dir='ltr'>redemptio</span> <span class='ocrx_word' id='word_1_45' title='bbox 581 1669 711 1749; x_wconf 85' lang='lat' dir='ltr'>generis</span> <span class='ocrx_word' id='word_1_46' title='bbox 728 1668 873 1745; x_wconf 90' lang='lat' dir='ltr'>humani,</span> <span class='ocrx_word' id='word_1_47' title='bbox 890 1679 927 1730; x_wconf 95' lang='lat' dir='ltr'>ut</span> <span class='ocrx_word' id='word_1_48' title='bbox 943 1669 1063 1730; x_wconf 89' lang='lat' dir='ltr'>dicitur</span> <span class='ocrx_word' id='word_1_49' title='bbox 1079 1669 1111 1730; x_wconf 89' lang='lat' dir='ltr'>in</span> <span class='ocrx_word' id='word_1_50' title='bbox 1123 1668 1228 1749; x_wconf 20' lang='lat' dir='ltr'>*Sym-</span> 
     </span>
     <span class='ocr_line' id='line_1_10' title="bbox 124 1768 1227 1853; baseline 0.002 -23"><span class='ocrx_word' id='word_1_51' title='bbox 124 1768 206 1831; x_wconf 94' lang='lat' dir='ltr'>bolo</span> <span class='ocrx_word' id='word_1_52' title='bbox 225 1793 231 1831; x_wconf 92' lang='lat'>:</span> <span class='ocrx_word' id='word_1_53' title='bbox 254 1772 335 1851; x_wconf 90' lang='lat' dir='ltr'>“qui</span> <span class='ocrx_word' id='word_1_54' title='bbox 352 1781 487 1852; x_wconf 92' lang='lat' dir='ltr'>propter</span> <span class='ocrx_word' id='word_1_55' title='bbox 503 1793 559 1833; x_wconf 86' lang='lat' dir='ltr'>nos</span> <span class='ocrx_word' id='word_1_56' title='bbox 574 1781 608 1833; x_wconf 89' lang='lat' dir='ltr'>et</span> <span class='ocrx_word' id='word_1_57' title='bbox 624 1782 759 1853; x_wconf 93' lang='lat' dir='ltr'>propter</span> <span class='ocrx_word' id='word_1_58' title='bbox 775 1782 919 1833; x_wconf 79' lang='lat' dir='ltr'>nestram</span> <span class='ocrx_word' id='word_1_59' title='bbox 934 1773 1072 1833; x_wconf 81' lang='lat' dir='ltr'>salutern</span> <span class='ocrx_word' id='word_1_60' title='bbox 1091 1772 1227 1834; x_wconf 90' lang='lat' dir='ltr'>descen-</span> 
     </span>
     <span class='ocr_line' id='line_1_11' title="bbox 124 1862 1227 1956; baseline 0.002 -21"><span class='ocrx_word' id='word_1_61' title='bbox 124 1874 177 1935; x_wconf 92' lang='lat' dir='ltr'>dit</span> <span class='ocrx_word' id='word_1_62' title='bbox 193 1873 237 1935; x_wconf 88' lang='lat' dir='ltr'>de</span> <span class='ocrx_word' id='word_1_63' title='bbox 252 1874 345 1936; x_wconf 89' lang='lat' dir='ltr'>coelis</span> <span class='ocrx_word' id='word_1_64' title='bbox 355 1875 388 1951; x_wconf 89' lang='lat'>&#39;’;</span> <span class='ocrx_word' id='word_1_65' title='bbox 420 1876 493 1938; x_wconf 85' lang='lat' dir='ltr'>dixi</span> <span class='ocrx_word' id='word_1_66' title='bbox 511 1881 527 1906; x_wconf 89' lang='lat'>“</span> <span class='ocrx_word' id='word_1_67' title='bbox 539 1876 657 1938; x_wconf 85' lang='lat' dir='ltr'>saltem</span> <span class='ocrx_word' id='word_1_68' title='bbox 679 1862 827 1955; x_wconf 89' lang='lat' dir='ltr'>partialis</span> <span class='ocrx_word' id='word_1_69' title='bbox 838 1877 862 1951; x_wconf 88' lang='lat'>”,</span> <span class='ocrx_word' id='word_1_70' title='bbox 878 1877 956 1956; x_wconf 92' lang='lat' dir='ltr'>quia</span> <span class='ocrx_word' id='word_1_71' title='bbox 972 1877 1227 1938; x_wconf 83' lang='lat' dir='ltr'>controvertitur</span> 
     </span>
     <span class='ocr_line' id='line_1_12' title="bbox 125 1976 1226 2059; baseline 0.001 -21"><span class='ocrx_word' id='word_1_72' title='bbox 125 1979 213 2039; x_wconf 91' lang='lat' dir='ltr'>inter</span> <span class='ocrx_word' id='word_1_73' title='bbox 229 1976 403 2058; x_wconf 82' lang='lat' dir='ltr'>theologos</span> <span class='ocrx_word' id='word_1_74' title='bbox 419 1990 529 2041; x_wconf 91' lang='lat' dir='ltr'>utrum</span> <span class='ocrx_word' id='word_1_75' title='bbox 542 1979 744 2059; x_wconf 85' lang='lat' dir='ltr'>Redemptio</span> <span class='ocrx_word' id='word_1_76' title='bbox 761 1978 858 2040; x_wconf 85' lang='lat' dir='ltr'>fuerit</span> <span class='ocrx_word' id='word_1_77' title='bbox 874 1977 949 2039; x_wconf 88' lang='lat' dir='ltr'>finis</span> <span class='ocrx_word' id='word_1_78' title='bbox 962 1980 1135 2058; x_wconf 88' lang='lat' dir='ltr'>proximus</span> <span class='ocrx_word' id='word_1_79' title='bbox 1148 1989 1226 2040; x_wconf 84' lang='lat' dir='ltr'>tota-</span> 
     </span>
     <span class='ocr_line' id='line_1_13' title="bbox 123 2080 1227 2161; baseline 0.001 -20"><span class='ocrx_word' id='word_1_80' title='bbox 123 2080 168 2142; x_wconf 82' lang='lat' dir='ltr'>le‘s</span> <span class='ocrx_word' id='word_1_81' title='bbox 182 2089 218 2142; x_wconf 92' lang='lat' dir='ltr'>et</span> <span class='ocrx_word' id='word_1_82' title='bbox 233 2080 429 2159; x_wconf 86' lang='lat' dir='ltr'>adaequatus</span> <span class='ocrx_word' id='word_1_83' title='bbox 448 2082 698 2157; x_wconf 89' lang='lat' dir='ltr'>lncarnationis,</span> <span class='ocrx_word' id='word_1_84' title='bbox 708 2083 749 2144; x_wconf 93' lang='lat' dir='ltr'>de</span> <span class='ocrx_word' id='word_1_85' title='bbox 765 2102 832 2161; x_wconf 90' lang='lat' dir='ltr'>quo</span> <span class='ocrx_word' id='word_1_86' title='bbox 849 2082 932 2143; x_wconf 81' lang='lat' dir='ltr'>infra</span> <span class='ocrx_word' id='word_1_87' title='bbox 948 2081 1103 2144; x_wconf 88' lang='lat' dir='ltr'>dicemus.</span> <span class='ocrx_word' id='word_1_88' title='bbox 1151 2083 1227 2144; x_wconf 88' lang='lat' dir='ltr'>Dis-</span> 
     </span>
     <span class='ocr_line' id='line_1_14' title="bbox 123 2181 1228 2266; baseline 0.003 -24"><span class='ocrx_word' id='word_1_89' title='bbox 123 2181 320 2263; x_wconf 86' lang='lat' dir='ltr'>putabimus</span> <span class='ocrx_word' id='word_1_90' title='bbox 341 2195 373 2244; x_wconf 89' lang='lat'>1⁰</span> <span class='ocrx_word' id='word_1_91' title='bbox 389 2183 431 2245; x_wconf 88' lang='lat' dir='ltr'>de</span> <span class='ocrx_word' id='word_1_92' title='bbox 447 2184 571 2246; x_wconf 85' lang='lat' dir='ltr'>notione</span> <span class='ocrx_word' id='word_1_93' title='bbox 586 2195 620 2247; x_wconf 88' lang='lat' dir='ltr'>et</span> <span class='ocrx_word' id='word_1_94' title='bbox 636 2187 816 2248; x_wconf 80' lang='lat' dir='ltr'>necessitate</span> <span class='ocrx_word' id='word_1_95' title='bbox 833 2184 1105 2266; x_wconf 88' lang='lat' dir='ltr'>Redemptionis;</span> <span class='ocrx_word' id='word_1_96' title='bbox 1134 2197 1169 2245; x_wconf 88' lang='lat'>20</span> <span class='ocrx_word' id='word_1_97' title='bbox 1185 2186 1228 2246; x_wconf 87' lang='lat' dir='ltr'>de</span> 
     </span>
     <span class='ocr_line' id='line_1_15' title="bbox 123 2285 1226 2367; baseline 0.003 -21"><span class='ocrx_word' id='word_1_98' title='bbox 123 2285 278 2365; x_wconf 85' lang='lat' dir='ltr'>ejusdem</span> <span class='ocrx_word' id='word_1_99' title='bbox 301 2285 471 2348; x_wconf 75' lang='lat' dir='ltr'>existentid</span> <span class='ocrx_word' id='word_1_100' title='bbox 494 2307 553 2367; x_wconf 91' lang='lat' dir='ltr'>per</span> <span class='ocrx_word' id='word_1_101' title='bbox 574 2289 827 2367; x_wconf 69' lang='lat' dir='ltr'>satisfalizonem</span> <span class='ocrx_word' id='word_1_102' title='bbox 854 2296 887 2349; x_wconf 92' lang='lat' dir='ltr'>et</span> <span class='ocrx_word' id='word_1_103' title='bbox 910 2287 1062 2349; x_wconf 79' lang='lat' dir='ltr'>meritum</span> <span class='ocrx_word' id='word_1_104' title='bbox 1087 2287 1226 2361; x_wconf 86' lang='lat' dir='ltr'>Christi;</span> 
     </span>
     <span class='ocr_line' id='line_1_16' title="bbox 124 2387 1331 2472; baseline 0.002 -24"><span class='ocrx_word' id='word_1_105' title='bbox 124 2401 160 2467; x_wconf 86' lang='lat'>30</span> <span class='ocrx_word' id='word_1_106' title='bbox 175 2387 221 2449; x_wconf 92' lang='lat' dir='ltr'>de</span> <span class='ocrx_word' id='word_1_107' title='bbox 235 2387 401 2468; x_wconf 64' lang='lat' dir='ltr'>sacrificet),</span> <span class='ocrx_word' id='word_1_108' title='bbox 417 2409 484 2469; x_wconf 92' lang='lat' dir='ltr'>quo</span> <span class='ocrx_word' id='word_1_109' title='bbox 501 2409 561 2450; x_wconf 92' lang='lat' dir='ltr'>nos</span> <span class='ocrx_word' id='word_1_110' title='bbox 583 2392 736 2453; x_wconf 90' lang='lat' dir='ltr'>redemit:</span> <span class='ocrx_word' id='word_1_111' title='bbox 768 2404 806 2468; x_wconf 83' lang='lat'>40</span> <span class='ocrx_word' id='word_1_112' title='bbox 820 2413 879 2472; x_wconf 92' lang='lat' dir='ltr'>per</span> <span class='ocrx_word' id='word_1_113' title='bbox 898 2391 1036 2453; x_wconf 91' lang='lat' dir='ltr'>modum</span> <span class='ocrx_word' id='word_1_114' title='bbox 1054 2391 1228 2466; x_wconf 86' lang='lat' dir='ltr'>corollarii,</span> <span class='ocrx_word' id='word_1_115' title='bbox 1329 2457 1331 2463; x_wconf 59' lang='grc'>,</span> 
     </span>
     <span class='ocr_line' id='line_1_17' title="bbox 122 2490 687 2574; baseline 0.002 -20"><span class='ocrx_word' id='word_1_116' title='bbox 122 2495 167 2554; x_wconf 89' lang='lat' dir='ltr'>de</span> <span class='ocrx_word' id='word_1_117' title='bbox 183 2490 292 2552; x_wconf 78' lang='lat' dir='ltr'>titulis</span> <span class='ocrx_word' id='word_1_118' title='bbox 302 2490 424 2554; x_wconf 87' lang='lat' dir='ltr'>Christi</span> <span class='ocrx_word' id='word_1_119' title='bbox 443 2493 687 2574; x_wconf 81' lang='lat' dir='ltr'>Redemptoris</span> 
     </span>
    </p>
   </div>
   <div class='ocr_carea' id='block_1_5' title="bbox 202 2651 1216 2750">
    <p class='ocr_par' dir='ltr' id='par_1_5' title="bbox 202 2651 1216 2750">
     <span class='ocr_line' id='line_1_18' title="bbox 202 2651 1216 2750; baseline 0.006 -23"><span class='ocrx_word' id='word_1_120' title='bbox 202 2652 289 2729; x_wconf 90' lang='lat' dir='ltr'>Art.</span> <span class='ocrx_word' id='word_1_121' title='bbox 311 2651 338 2727; x_wconf 94' lang='grc' dir='ltr'>Ι.</span> <span class='ocrx_word' id='word_1_122' title='bbox 362 2653 490 2733; x_wconf 87' lang='lat' dir='ltr'>Notio</span> <span class='ocrx_word' id='word_1_123' title='bbox 518 2672 556 2729; x_wconf 90' lang='lat' dir='ltr'>et</span> <span class='ocrx_word' id='word_1_124' title='bbox 588 2653 797 2730; x_wconf 83' lang='lat' dir='ltr'>necessitas</span> <span class='ocrx_word' id='word_1_125' title='bbox 827 2652 1149 2750; x_wconf 89' lang='lat' dir='ltr'>Redemptionis.</span> <span class='ocrx_word' id='word_1_126' title='bbox 1215 2729 1216 2733; x_wconf 73' lang='grc'>,</span> 
     </span>
    </p>
   </div>
   <div class='ocr_carea' id='block_1_6' title="bbox 435 2796 920 2893">
    <p class='ocr_par' dir='ltr' id='par_1_6' title="bbox 435 2796 920 2893">
     <span class='ocr_line' id='line_1_19' title="bbox 435 2796 920 2893; baseline 0 -15"><span class='ocrx_word' id='word_1_127' title='bbox 435 2823 462 2879; x_wconf 92' lang='lat'>1.</span> <span class='ocrx_word' id='word_1_128' title='bbox 482 2796 593 2881; x_wconf 87' lang='lat' dir='ltr'>Notio</span> <span class='ocrx_word' id='word_1_129' title='bbox 616 2821 920 2893; x_wconf 85' lang='lat' dir='ltr'>Redemptionis.</span> 
     </span>
    </p>
   </div>
   <div class='ocr_carea' id='block_1_7' title="bbox 120 2945 1230 3853">
    <p class='ocr_par' dir='ltr' id='par_1_7' title="bbox 120 2945 1226 3444">
     <span class='ocr_line' id='line_1_20' title="bbox 169 2945 1224 3028; baseline -0.001 -19"><span class='ocrx_word' id='word_1_130' title='bbox 169 2959 239 3027; x_wconf 88' lang='lat'>171.</span> <span class='ocrx_word' id='word_1_131' title='bbox 286 2946 488 3028; x_wconf 88' lang='lat' dir='ltr'>Redemptio</span> <span class='ocrx_word' id='word_1_132' title='bbox 512 2947 546 3007; x_wconf 87' lang='lat' dir='ltr'>in</span> <span class='ocrx_word' id='word_1_133' title='bbox 565 2967 680 3028; x_wconf 81' lang='lat' dir='ltr'>genere</span> <span class='ocrx_word' id='word_1_134' title='bbox 695 2958 745 3008; x_wconf 91' lang='lat' dir='ltr'>est</span> <span class='ocrx_word' id='word_1_135' title='bbox 761 2945 854 3009; x_wconf 76' lang='lat' dir='ltr'>aetus</span> <span class='ocrx_word' id='word_1_136' title='bbox 870 2967 937 3026; x_wconf 90' lang='lat' dir='ltr'>quo</span> <span class='ocrx_word' id='word_1_137' title='bbox 954 2967 1014 3022; x_wconf 78' lang='lat' dir='ltr'>reS,</span> <span class='ocrx_word' id='word_1_138' title='bbox 1029 2956 1128 3009; x_wconf 87' lang='lat' dir='ltr'>antea</span> <span class='ocrx_word' id='word_1_139' title='bbox 1149 2968 1224 3028; x_wconf 89' lang='lat' dir='ltr'>pos·</span> 
     </span>
     <span class='ocr_line' id='line_1_21' title="bbox 120 3050 1226 3134; baseline 0 -21"><span class='ocrx_word' id='word_1_140' title='bbox 120 3071 216 3113; x_wconf 88' lang='lat' dir='ltr'>sessa</span> <span class='ocrx_word' id='word_1_141' title='bbox 232 3060 266 3112; x_wconf 91' lang='lat' dir='ltr'>et</span> <span class='ocrx_word' id='word_1_142' title='bbox 277 3050 408 3126; x_wconf 89' lang='lat' dir='ltr'>amissa,</span> <span class='ocrx_word' id='word_1_143' title='bbox 419 3050 536 3115; x_wconf 86' lang='lat' dir='ltr'>iterum</span> <span class='ocrx_word' id='word_1_144' title='bbox 554 3050 741 3130; x_wconf 88' lang='lat' dir='ltr'>acquiritur,</span> <span class='ocrx_word' id='word_1_145' title='bbox 754 3050 864 3111; x_wconf 92' lang='lat' dir='ltr'>soluto</span> <span class='ocrx_word' id='word_1_146' title='bbox 881 3051 996 3130; x_wconf 91' lang='lat' dir='ltr'>pretio.</span> <span class='ocrx_word' id='word_1_147' title='bbox 1035 3050 1114 3112; x_wconf 89' lang='lat' dir='ltr'>Tria</span> <span class='ocrx_word' id='word_1_148' title='bbox 1125 3051 1226 3134; x_wconf 86' lang='lat' dir='ltr'>igitur</span> 
     </span>
     <span class='ocr_line' id='line_1_22' title="bbox 122 3152 1223 3234; baseline 0 -18"><span class='ocrx_word' id='word_1_149' title='bbox 122 3156 306 3234; x_wconf 88' lang='lat' dir='ltr'>importat:</span> <span class='ocrx_word' id='word_1_150' title='bbox 332 3152 381 3233; x_wconf 88' lang='lat' dir='ltr'>(a)</span> <span class='ocrx_word' id='word_1_151' title='bbox 397 3153 609 3215; x_wconf 88' lang='lat' dir='ltr'>amissionem</span> <span class='ocrx_word' id='word_1_152' title='bbox 633 3154 772 3234; x_wconf 90' lang='lat' dir='ltr'>alicujus</span> <span class='ocrx_word' id='word_1_153' title='bbox 796 3154 850 3228; x_wconf 83' lang='lat' dir='ltr'>rei,</span> <span class='ocrx_word' id='word_1_154' title='bbox 866 3153 917 3233; x_wconf 77' lang='lat' dir='ltr'>(b)</span> <span class='ocrx_word' id='word_1_155' title='bbox 939 3155 1223 3234; x_wconf 88' lang='lat' dir='ltr'>recuperationem</span> 
     </span>
     <span class='ocr_line' id='line_1_23' title="bbox 121 3251 1222 3339; baseline -0.001 -20"><span class='ocrx_word' id='word_1_156' title='bbox 121 3255 286 3335; x_wconf 84' lang='lat' dir='ltr'>ejusdem,</span> <span class='ocrx_word' id='word_1_157' title='bbox 315 3251 366 3339; x_wconf 82' lang='lat' dir='ltr'>(c)</span> <span class='ocrx_word' id='word_1_158' title='bbox 392 3254 592 3318; x_wconf 90' lang='lat' dir='ltr'>solutionem</span> <span class='ocrx_word' id='word_1_159' title='bbox 617 3256 757 3336; x_wconf 87' lang='lat' dir='ltr'>alicujus</span> <span class='ocrx_word' id='word_1_160' title='bbox 781 3256 877 3336; x_wconf 89' lang='lat' dir='ltr'>pretii</span> <span class='ocrx_word' id='word_1_161' title='bbox 905 3256 947 3316; x_wconf 90' lang='lat' dir='ltr'>ad</span> <span class='ocrx_word' id='word_1_162' title='bbox 973 3276 1041 3318; x_wconf 90' lang='lat' dir='ltr'>rem</span> <span class='ocrx_word' id='word_1_163' title='bbox 1066 3258 1222 3318; x_wconf 87' lang='lat' dir='ltr'>amissam</span> 
     </span>
     <span class='ocr_line' id='line_1_24' title="bbox 121 3359 1067 3444; baseline -0.005 -24"><span class='ocrx_word' id='word_1_164' title='bbox 121 3359 394 3444; x_wconf 85' lang='lat' dir='ltr'>recuperandam.</span> <span class='ocrx_word' id='word_1_165' title='bbox 1026 3415 1028 3418; x_wconf 80' lang='grc'><em>,</em></span> <span class='ocrx_word' id='word_1_166' title='bbox 1065 3422 1067 3427; x_wconf 52' lang='grc'>,</span> 
     </span>
    </p>

    <p class='ocr_par' dir='ltr' id='par_1_8' title="bbox 124 3462 1230 3853">
     <span class='ocr_line' id='line_1_25' title="bbox 172 3462 1225 3543; baseline -0.003 -19"><span class='ocrx_word' id='word_1_167' title='bbox 172 3462 377 3543; x_wconf 92' lang='lat' dir='ltr'>Redemptio</span> <span class='ocrx_word' id='word_1_168' title='bbox 384 3463 515 3543; x_wconf 79' lang='lat' dir='ltr'>generis</span> <span class='ocrx_word' id='word_1_169' title='bbox 530 3463 669 3525; x_wconf 74' lang='lat' dir='ltr'>lurnanz&#39;</span> <span class='ocrx_word' id='word_1_170' title='bbox 678 3473 728 3525; x_wconf 93' lang='lat' dir='ltr'>est</span> <span class='ocrx_word' id='word_1_171' title='bbox 740 3462 833 3527; x_wconf 61' lang='lat' dir='ltr'>aetus</span> <span class='ocrx_word' id='word_1_172' title='bbox 844 3484 911 3543; x_wconf 92' lang='lat' dir='ltr'>quo</span> <span class='ocrx_word' id='word_1_173' title='bbox 923 3482 1027 3543; x_wconf 88' lang='lat' dir='ltr'>genus</span> <span class='ocrx_word' id='word_1_174' title='bbox 1044 3462 1225 3523; x_wconf 84' lang='lat' dir='ltr'>humanum</span> 
     </span>
     <span class='ocr_line' id='line_1_26' title="bbox 124 3565 1228 3647; baseline -0.002 -20"><span class='ocrx_word' id='word_1_175' title='bbox 124 3565 269 3647; x_wconf 87' lang='lat' dir='ltr'>lapsum,</span> <span class='ocrx_word' id='word_1_176' title='bbox 285 3585 344 3646; x_wconf 91' lang='lat' dir='ltr'>per</span> <span class='ocrx_word' id='word_1_177' title='bbox 365 3566 637 3629; x_wconf 89' lang='lat' dir='ltr'>substitutionem</span> <span class='ocrx_word' id='word_1_178' title='bbox 656 3567 778 3629; x_wconf 86' lang='lat' dir='ltr'>Christi</span> <span class='ocrx_word' id='word_1_179' title='bbox 802 3566 1034 3628; x_wconf 83' lang='lat' dir='ltr'>satisfacientis</span> <span class='ocrx_word' id='word_1_180' title='bbox 1050 3575 1083 3626; x_wconf 94' lang='lat' dir='ltr'>et</span> <span class='ocrx_word' id='word_1_181' title='bbox 1100 3585 1228 3626; x_wconf 89' lang='lat' dir='ltr'>meren-</span> 
     </span>
     <span class='ocr_line' id='line_1_27' title="bbox 125 3667 1228 3751; baseline 0 -23"><span class='ocrx_word' id='word_1_182' title='bbox 125 3667 254 3744; x_wconf 84' lang='lat' dir='ltr'>tis,&#39;suit</span> <span class='ocrx_word' id='word_1_183' title='bbox 268 3688 288 3728; x_wconf 87' lang='lat' dir='ltr'>a</span> <span class='ocrx_word' id='word_1_184' title='bbox 304 3668 463 3730; x_wconf 91' lang='lat' dir='ltr'>servitute</span> <span class='ocrx_word' id='word_1_185' title='bbox 479 3667 605 3731; x_wconf 90' lang='lat' dir='ltr'>diaboli</span> <span class='ocrx_word' id='word_1_186' title='bbox 622 3679 782 3751; x_wconf 86' lang='lat' dir='ltr'>ereptum,</span> <span class='ocrx_word' id='word_1_187' title='bbox 799 3679 832 3730; x_wconf 93' lang='lat' dir='ltr'>et</span> <span class='ocrx_word' id='word_1_188' title='bbox 849 3670 880 3729; x_wconf 95' lang='lat' dir='ltr'>in</span> <span class='ocrx_word' id='word_1_189' title='bbox 898 3668 1044 3729; x_wconf 77' lang='lat' dir='ltr'>amicitia</span> <span class='ocrx_word' id='word_1_190' title='bbox 1063 3668 1126 3729; x_wconf 90' lang='lat' dir='ltr'>Dei</span> <span class='ocrx_word' id='word_1_191' title='bbox 1144 3668 1228 3728; x_wconf 90' lang='lat' dir='ltr'>rein-</span> 
     </span>
     <span class='ocr_line' id='line_1_28' title="bbox 125 3770 1230 3853; baseline -0.004 -19"><span class='ocrx_word' id='word_1_192' title='bbox 125 3779 305 3852; x_wconf 87' lang='lat' dir='ltr'>tegratum.</span> <span class='ocrx_word' id='word_1_193' title='bbox 353 3770 502 3833; x_wconf 87' lang='lat' dir='ltr'>Dicitur:</span> <span class='ocrx_word' id='word_1_194' title='bbox 518 3771 568 3852; x_wconf 84' lang='lat' dir='ltr'>(a)</span> <span class='ocrx_word' id='word_1_195' title='bbox 579 3770 672 3835; x_wconf 61' lang='lat' dir='ltr'>aetus</span> <span class='ocrx_word' id='word_1_196' title='bbox 684 3793 751 3853; x_wconf 91' lang='lat' dir='ltr'>quo</span> <span class='ocrx_word' id='word_1_197' title='bbox 761 3792 865 3853; x_wconf 85' lang='lat' dir='ltr'>genus</span> <span class='ocrx_word' id='word_1_198' title='bbox 876 3772 1058 3832; x_wconf 84' lang='lat' dir='ltr'>humanum</span> <span class='ocrx_word' id='word_1_199' title='bbox 1075 3770 1202 3850; x_wconf 80' lang='lat' dir='ltr'>lapsum</span> <span class='ocrx_word' id='word_1_200' title='bbox 1218 3793 1230 3831; x_wconf 92' lang='lat'>.·</span> 
     </span>
    </p>
   </div>
   <div class='ocr_carea' id='block_1_8' title="bbox 125 3867 1230 4055">
    <p class='ocr_par' dir='ltr' id='par_1_9' title="bbox 125 3867 1230 4055">
     <span class='ocr_line' id='line_1_29' title="bbox 126 3867 1230 3961; baseline -0.006 -26"><span class='ocrx_word' id='word_1_201' title='bbox 126 3873 179 3935; x_wconf 93' lang='lat' dir='ltr'>his</span> <span class='ocrx_word' id='word_1_202' title='bbox 195 3870 305 3961; x_wconf 85' lang='lat' dir='ltr'>verbis</span> <span class='ocrx_word' id='word_1_203' title='bbox 324 3872 487 3935; x_wconf 87' lang='lat' dir='ltr'>indicatur</span> <span class='ocrx_word' id='word_1_204' title='bbox 508 3873 683 3952; x_wconf 66' lang='lat' dir='ltr'>subjelium</span> <span class='ocrx_word' id='word_1_205' title='bbox 708 3870 945 3951; x_wconf 89' lang='lat' dir='ltr'>redemptionis</span> <span class='ocrx_word' id='word_1_206' title='bbox 970 3869 1094 3930; x_wconf 89' lang='lat' dir='ltr'>scilicet</span> <span class='ocrx_word' id='word_1_207' title='bbox 1118 3867 1230 3942; x_wconf 76' lang='lat' dir='ltr'>homo,</span> 
     </span>
     <span class='ocr_line' id='line_1_30' title="bbox 125 3968 1229 4055; baseline -0.006 -20"><span class='ocrx_word' id='word_1_208' title='bbox 125 3972 184 4055; x_wconf 91' lang='lat' dir='ltr'>qui</span> <span class='ocrx_word' id='word_1_209' title='bbox 201 3971 349 4054; x_wconf 82' lang='lat' dir='ltr'>gratuito</span> <span class='ocrx_word' id='word_1_210' title='bbox 363 3972 407 4035; x_wconf 88' lang='lat' dir='ltr'>ad</span> <span class='ocrx_word' id='word_1_211' title='bbox 428 3983 553 4036; x_wconf 85' lang='lat' dir='ltr'>statum</span> <span class='ocrx_word' id='word_1_212' title='bbox 571 3970 854 4053; x_wconf 85' lang='lat' dir='ltr'>supernaturalem</span> <span class='ocrx_word' id='word_1_213' title='bbox 872 3969 979 4044; x_wconf 81' lang='lat' dir='ltr'>suerat</span> <span class='ocrx_word' id='word_1_214' title='bbox 995 3990 1014 4029; x_wconf 89' lang='lat' dir='ltr'>a</span> <span class='ocrx_word' id='word_1_215' title='bbox 1032 3970 1105 4030; x_wconf 89' lang='lat' dir='ltr'>Deo</span> <span class='ocrx_word' id='word_1_216' title='bbox 1121 3968 1229 4029; x_wconf 84' lang='lat' dir='ltr'>eleva-</span> 
     </span>
    </p>
   </div>
   <div class='ocr_carea' id='block_1_9' title="bbox 126 4065 1228 4157">
    <p class='ocr_par' dir='ltr' id='par_1_10' title="bbox 126 4065 1228 4157">
     <span class='ocr_line' id='line_1_31' title="bbox 126 4065 1228 4157; baseline -0.008 -17"><span class='ocrx_word' id='word_1_217' title='bbox 126 4065 193 4151; x_wconf 70' lang='lat' dir='ltr'>tus,</span> <span class='ocrx_word' id='word_1_218' title='bbox 207 4074 278 4152; x_wconf 80' lang='lat' dir='ltr'>sed,</span> <span class='ocrx_word' id='word_1_219' title='bbox 291 4095 351 4157; x_wconf 89' lang='lat' dir='ltr'>per</span> <span class='ocrx_word' id='word_1_220' title='bbox 366 4086 539 4156; x_wconf 88' lang='lat' dir='ltr'>peccatum</span> <span class='ocrx_word' id='word_1_221' title='bbox 564 4074 733 4155; x_wconf 82' lang='lat' dir='ltr'>originale,</span> <span class='ocrx_word' id='word_1_222' title='bbox 749 4095 793 4134; x_wconf 85' lang='lat' dir='ltr'>ex</span> <span class='ocrx_word' id='word_1_223' title='bbox 811 4073 867 4135; x_wconf 94' lang='lat' dir='ltr'>illo</span> <span class='ocrx_word' id='word_1_224' title='bbox 883 4082 973 4140; x_wconf 88' lang='lat' dir='ltr'>statu</span> <span class='ocrx_word' id='word_1_225' title='bbox 990 4069 1141 4151; x_wconf 67' lang='lat' dir='ltr'>dejedtus</span> <span class='ocrx_word' id='word_1_226' title='bbox 1157 4071 1228 4132; x_wconf 85' lang='lat' dir='ltr'>fue-</span> 
     </span>
    </p>
   </div>
   <div class='ocr_carea' id='block_1_10' title="bbox 0 0 1346 4634">
    <p class='ocr_par' dir='ltr' id='par_1_11' title="bbox 0 0 1346 4634">
     <span class='ocr_line' id='line_1_32' title="bbox 0 0 1346 4634; baseline 0 0"><span class='ocrx_word' id='word_1_227' title='bbox 0 0 1346 4634; x_wconf 95' lang='lat' dir='ltr'> </span> 
     </span>
    </p>
   </div>
  </div>
 </body>
</html>
