2684 4634
115 192 183 242 550
356 211 357 215 ¹
476 241 478 244 Α
553 192 691 243 CAPUT
709 192 770 241 111.

116 373 216 438 debet
231 373 265 434 in
282 373 451 436 oblatione
466 372 610 436 vidimae
627 374 877 454 sensibilis,'qua
893 371 1038 435 'offerens
1058 368 1209 452 significat

117 477 201 538 velle
213 477 357 557 seipsum
372 478 446 538 Deo
459 479 611 539 dedicare
625 499 631 554 ;
655 477 780 540 oblatio
798 479 1036 564 merexinterna
1053 495 1122 536 non
1139 483 1211 536 esset

118 578 179 641 nisi
204 578 398 650 sacrificium
423 581 601 661 improprie
625 578 758 644 dictum.
807 580 895 642 Hinc
923 579 1040 640 omnia
1065 576 1211 639 sacrificia

14 688 23 701 ‘
119 683 159 745 V.
178 682 488 764 Legis,atempore
507 682 615 743 Abel1
633 703 738 762 usque
761 683 803 743 ad
829 682 1015 743 Mosaicam
1040 680 1210 760 legem²in
1262 676 1264 683 ’

120 785 216 846 rebus
232 787 441 848 sensibilibus
457 788 691 853 consistebant.
977 784 984 790 ”
1255 864 1258 872 ⁸

120 887 170 968 (b)
188 888 233 950 Et
250 888 433 951 z'mrrzrrtatr'o
445 890 499 951 'vel
516 890 693 953 destructio.
741 891 783 952 In'
797 890 860 951 hoc
876 889 1031 950 consistit
1045 889 1120 968 ipsa
1132 887 1212 948 sacri·

121 987 183 1064 ficii
200 993 351 1066 essentia,
365 1002 397 1054 et
410 1003 547 1074 apparet
564 993 636 1073 ejus
652 1014 672 1055 a
687 993 829 1074 simplici
839 991 1019 1055 ‘oblatione
1033 979 1211 1052 discrimen.

122 1091 209 1153 Nam
238 1094 431 1156 sacrificium
458 1096 629 1162 ordinatur
654 1097 695 1159 ad
723 1095 914 1176 supremum
944 1093 1009 1154 Dei
1037 1092 1211 1155 dominium

122 1199 393 1275 agnoscendum
429 1199 519 1279 atqui
551 1199 617 1260 tale
647 1200 832 1261 domimum
864 1218 931 1259 non
962 1194 1212 1277 potest’melius
1262 1212 1264 1220 ·

122 1300 256 1378 agnosci
289 1302 349 1361 nisi
381 1299 548 1362 vidtimam
581 1301 792 1387 immolando
803 1323 810 1378 ;
841 1301 886 1362 sic
917 1299 1006 1359 enim
1039 1297 1212 1358 declaratur

122 1410 288 1462 creaturas
317 1394 442 1465 nullum
473 1386 595 1464 habere
624 1403 677 1483 jus
708 1402 750 1464 ad
782 1388 1005 1475 existentiam,
1031 1402 1092 1462 sed
1119 1399 1211 1461 solum

125 1500 235 1572 Deum
257 1522 328 1568 esse
351 1505 534 1568 Dominum
562 1508 641 1580 vitae,
663 1517 696 1569 et
722 1508 855 1569 mortis..
892 1506 1092 1592 Immutatio
1115 1513 1211 1565 autem
1261 1566 1264 1579 Ι

124 1600 267 1677 victimae
284 1606 409 1690 duplex
427 1630 498 1670 esse
514 1620 644 1690 potest:
663 1609 859 1690 velphysica
875 1607 1067 1684 destrudtiO,
1078 1618 1115 1670 ut
1128 1606 1213 1670 fiebat

124 1707 156 1765 in
175 1707 385 1785 holocaustis
402 1713 481 1773 dum
499 1712 565 1776 scil.
583 1708 717 1775 victima
733 1712 944 1774 occidebatur
960 1721 993 1773 et
1010 1710 1213 1772 combureba-

125 1818 197 1889 tur;
221 1812 271 1883 vel
289 1816 423 1881 rnoralis
439 1817 636 1891 immutati0,
649 1821 714 1897 qua
731 1816 797 1878 scil.
814 1814 948 1879 vistima
963 1817 995 1876 in
1014 1824 1104 1876 statu
1121 1813 1214 1876 humi-

125 1911 196 1973 liori
217 1918 437 1994 constituitur,
453 1928 489 1980 ut
512 1918 611 1999 fiebat
634 1921 665 1994 in
689 1912 911 1993 libationibus,
929 1920 960 1979 in
983 1918 1105 1998 quibus
1123 1917 1216 1997 liquor

126 2015 249 2078 effusus
267 2020 298 2079 in
317 2029 404 2082 statu
422 1999 589 2082 decliviori
607 2024 697 2083 etad
715 2016 973 2083 destructionem
999 2017 1048 2077 sui
1074 2025 1217 2096 vergente

126 2121 395 2197 constituebatur,
414 2135 470 2187 aut
488 2127 520 2186 in
537 2126 762 2187 oblationibus
779 2125 907 2186 cibariis
920 2115 946 2185 3.’

130 2219 184 2306 (c)
211 2225 243 2285 A
269 2227 417 2306 legitimo
441 2231 591 2293 ministro
604 2238 615 2293 .“·
638 2232 740 2310 quum
765 2224 1074 2290 en-im'sacrificium
1100 2224 1220 2305 proprie

129 2325 254 2412 dictum
287 2332 329 2391 sit
360 2331 452 2394 attus
482 2335 746 2415 cultuspublici,
771 2332 905 2398 nomine
929 2329 1034 2391 totius
1062 2328 1223 2389 societatis

129 2429 241 2502 oblati,
259 2429 354 2495 nemo
372 2447 482 2516 potest
499 2438 578 2503 illud
597 2424 719 2511 offerre,
737 2438 798 2498 nisi
818 2433 1003 2520 specialiter
1019 2433 1061 2494 ad
1080 2432 1143 2493 hoc
1160 2452 1223 2492 mu·

130 2555 190 2595 nus
207 2537 389 2617 deputetur.
438 2541 527 2602 Hinc
543 2542 614 2621 jam
640 2543 671 2603 in
696 2543 767 2621 lege
786 2539 934 2629 Mosaica
957 2536 1017 2598 soli
1042 2534 1224 2597 sacerdotes

130 2639 288 2703 sacrificia
304 2645 496 2723 regulariter
512 2646 715 2722 offerebant,
739 2655 772 2707 et
793 2643 854 2704 sub
872 2641 911 2702 N.
930 2640 1006 2712 L.,·“
1019 2640 1129 2700 omnis
1151 2658 1226 2719 pon-

130 2735 223 2815 tifex,
241 2766 283 2805 ex
304 2747 493 2811 hominibus
516 2734 714 2830 assumptus,
731 2768 791 2828 pru
807 2743 1003 2806 ,hominibus
1025 2742 1228 2804 constituitur

131 2847 162 2904 in
182 2847 219 2905 iis
236 2868 310 2926 quae
328 2862 403 2913 sunt
421 2854 461 2913 ad
482 2854 600 2927 Deum,
619 2864 653 2915 ut
671 2831 790 2913 offerat*
804 2852 890 2911 dona
907 2856 939 2907 et
954 2845 1174 2925 sacrificz’a’'4.

131 2946 183 3026 (d)
202 2950 275 3009 Soli
288 2952 377 3012 Deo:
401 2975 477 3014 nam
503 2955 697 3016 sacrificium
722 2962 771 3026 est
796 2950 887 3013 adtus
911 2951 1040 3010 virtutis
1065 2949 1227 3030 religionis

132 3049 173 3108 ad
191 3071 381 3130 supremum
397 3057 459 3117 Dei
473 3059 656 3119 dominium
674 3054 929 3137 agnoscendum,
941 3061 974 3126 et
986 3037 1129 3132 proinde
1142 3049 1228 3113 actus

134 3152 245 3226 latriae,
263 3156 317 3232 qui
335 3159 414 3217 nulli
432 3171 589 3222 creaturae
606 3161 713 3222 offerri
731 3167 848 3239 potest.

133 3255 182 3335 (e)
201 3257 254 3319 Ad
272 3271 454 3339 supremum
472 3267 540 3344 ejus
555 3264 734 3325 (fortunium
751 3258 982 3341 <ignoscendum
993 3283 1003 3314 .·
1027 3257 1149 3336 quibus
1165 3277 1228 3316 ver-

133 3361 182 3420 bis
206 3363 369 3425 indicatur
388 3365 460 3427 linis
486 3371 670 3448 praecipuus
692 3353 848 3434 sacrificii,
866 3362 954 3442 quod
973 3380 1094 3441 nempe
1112 3357 1228 3422 dirette

134 3466 240 3525 tendit
258 3468 298 3527 ad
318 3468 380 3529 Dei
403 3470 574 3548 glorians,
592 3473 632 3531 ad
658 3469 904 3550 agnoscendum
929 3464 1021 3525 illum
1042 3473 1079 3525 ut
1104 3465 1180 3525 vita:
1200 3472 1229 3522 ct

135 3571 249 3628 mortis
266 3592 456 3649 supremum
475 3575 665 3633 Dominum.
901 3647 903 3650 Α

134 3670 177 3749 (ἰ)
196 3671 248 3731 Ad
261 3675 457 3750 plantadam
474 3675 718 3756 qirsjrrstr'tiam
732 3697 742 3734 .·
766 3672 823 3733 sed
836 3673 984 3750 insuper,
1000 3689 1076 3728 cum
1096 3670 1128 3729 in
1146 3677 1228 3730 statu

135 3784 262 3834 naturae
280 3777 390 3856 lapsae,
407 3780 519 3839 divina
537 3779 692 3858 majestas
710 3798 767 3856 per
789 3783 963 3857 peccatum
981 3771 1111 3832 offensa
1128 3771 1229 3842 luerit,

134 3877 242 3952 homO,
259 3901 317 3959 per
333 3881 526 3943 sacrificium
545 3903 578 3942 se
596 3881 711 3942 mortis
728 3899 819 3940 reum
842 3874 1022 3957 profitetur,
1039 3883 1072 3934 et
1089 3895 1149 3954 per
1164 3873 1230 3944 hoc,

134 3981 295 4042 offensam
314 3984 387 4045 Deo
405 3987 582 4077 irrogatam
600 4002 751 4070 reparare
768 3980 918 4075 intendit.
957 4056 958 4060 Ἰ

133 4205 178 4352 Vl
195 4216 326 4330 Gensle,
338 4204 409 4295 34”’
433 4202 439 4225 ³
621 4198 632 4205 ν
696 4194 701 4203 .
755 4194 920 4269 ⁴²¹me
936 4190 1227 4327 Ill‚⁴¹1··1·1'.3-⁴·Hebr.

161 4316 257 4366 ,1.-
316 4304 344 4328 ‘²
