2684 4634
350 168 405 219 DE
424 168 677 219 DIVINITATE
694 168 876 218 CHRISTI.
1096 169 1157 216 441

776 285 1022 294 .-.-..-.---.
1027 286 1153 294 —.—-.-—-

54 345 173 419 quibus
184 355 300 405 constat
312 347 414 405 omnia
432 365 493 405 non
511 347 607 404 solum
619 355 679 418 per,
694 347 748 405 sed
762 347 851 405 etiarn
859 352 981 418 propter
993 348 1079 417 Eum,
1096 355 1158 404 tan-

53 451 153 507 quam
165 433 266 504 tinem,
281 443 380 492 creata
390 434 498 501 luisse;
516 434 710 505 equalitatem
727 451 796 490 cum
817 435 919 491 Patre.
943 432 1115 504 “Quicum
1129 433 1159 488 in

46 520 157 593 formet
169 519 233 576 Dei
241 529 319 578 esset
329 538 392 578 non
404 520 537 592 rapinam
550 519 707 577 arbitratus
716 530 761 577 est
770 538 835 577 esse
843 538 876 577 se
885 519 1031 591 {equalem
1042 519 1109 576 Deo
1118 518 1133 543 ''
1143 527 1158 574 ¹.

56 607 98 678 (c)
111 606 252 664 Tandem
265 605 369 664 auctor
380 606 440 678 Ep,
455 607 498 663 ad
507 606 609 676 Heln,
623 607 686 677 qui,
696 606 720 662 si
735 624 793 663 non
808 616 852 664 est
869 606 975 662 Paulus
996 605 1067 677 lpse,
1083 622 1160 662 unus

53 702 105 750 est
123 711 161 750 ex
179 695 245 762 eJus
262 692 424 765 discipulis,
441 712 504 751 non
522 693 619 750 solum
637 692 771 762 affirmat,
788 692 842 751 sed
861 693 960 749 multis
979 691 1159 763 argumentis

56 779 171 853 probat
189 780 374 839 divinitatem
392 781 520 840 Christi:
538 781 664 853 “Quem
681 781 834 839 constituit
852 781 991 839 heredem
1012 781 1159 837 universo·

56 886 135 939 rum,
153 885 207 940 per
219 886 310 941 quem
323 869 393 926 lecit
404 878 435 926 et
447 867 628 926 saecula...’'².

93 993 137 1058 65
178 991 226 1061 (C)
240 989 268 1047 S.
275 989 401 1065 Jacobus
412 990 530 1047 unicam
544 999 659 1046 tanturn
672 988 828 1060 epistolam
846 987 970 1059 scripsit,
987 1005 1053 1059 quae
1067 1004 1159 1043 mora-

57 1077 96 1134 lis
115 1087 171 1145 est,
189 1095 250 1134 non
268 1077 448 1148 dogmatica,
471 1076 656 1148 proindeque
675 1085 735 1132 tam
758 1075 822 1132 susc
844 1084 873 1132 et
895 1074 1007 1132 directe
1030 1081 1160 1130 mentem

58 1181 148 1221 suam
161 1163 200 1222 de
212 1163 365 1222 divinitate
378 1163 487 1222 Christi
501 1180 561 1220 non
574 1162 725 1233 exposuit;
737 1180 802 1218 eam
814 1172 913 1219 tamen
923 1159 1074 1233 supponit,
1086 1160 1159 1218 dum

59 1249 91 1307 in
105 1249 173 1322 ipsa
185 1246 400 1322 inscriptIone³,
413 1268 444 1307 se
457 1250 586 1309 declarat
601 1248 656 1305 Dei
677 1257 706 1305 et
726 1247 848 1305 Domini
862 1247 952 1304 nostri
966 1247 1037 1319 Jesu
1051 1245 1160 1304 Christi

58 1354 191 1407 servum,
209 1336 280 1394 item
302 1337 374 1395 dum
396 1335 597 1394 indifferenter
618 1354 728 1393 nomen
753 1335 874 1393 Domini
897 1331 1009 1404 (κυρίος)
1031 1333 1160 1405 applicat

59 1434 127 1482 tum
141 1424 210 1481 Deo
223 1424 311 1495 Patri,
325 1434 390 1481 tum
402 1423 558 1483 Christo⁴z
578 1423 636 1481 hoc
654 1423 734 1480 enim
754 1422 848 1479 Iacere
867 1439 927 1478 non
947 1421 1091 1491 potuisset
1105 1419 1159 1476 nisi

59 1510 238 1568 credidisset
250 1510 401 1569 Christum
415 1527 479 1568 esse
491 1528 558 1568 vere
574 1511 681 1567 Deum.
722 1508 801 1579 Ergo
819 1507 900 1564 omni
920 1516 1160 1577 argumentorum

59 1614 174 1668 genere
184 1606 301 1654 constat
312 1606 376 1654 tum
391 1596 594 1668 EvangeIIstas
607 1606 669 1652 tum
684 1595 845 1668 Apostolos
857 1611 931 1651 voce
944 1592 1075 1649 nnanImi
1088 1591 1160 1650 divi-

60 1683 189 1741 nitatem
201 1682 310 1742 Christi
323 1681 469 1754 docuisse,
486 1684 547 1742 sive
560 1684 705 1755 explicite,
721 1683 782 1739 sive
795 1681 946 1753 implicite.

104 1803 156 1870 ⁶6.
205 1806 249 1869 II.
292 1806 413 1870 Minor
437 1807 628 1870 declaratur.
677 1807 739 1868 Illa
773 1807 890 1868 Intima
921 1805 1160 1887 Apostolorum

60 1909 234 1992 persuasio
249 1918 283 1971 et
298 1909 430 1991 publica
446 1910 638 1991 praedicatio
657 1910 814 1992 supponit
830 1910 1063 1973 revelationem
1079 1909 1160 1971 divi-

61 2012 180 2074 nitatis
196 2011 337 2077 Christi:
364 2033 441 2075 nam
466 2013 515 2075 vel
540 2014 619 2094 ipsis
641 2013 786 2076 revelata
809 2013 879 2090 suit,
894 2014 944 2077 vel
961 2013 1004 2075 ab
1019 2014 1066 2074 eis
1081 2033 1161 2095 quo-

60 2117 142 2179 dam
173 2135 263 2177 caeco
292 2115 520 2179 enthusiasmo
546 2117 681 2178 Inventa
696 2141 703 2197 ;
737 2118 828 2198 atqui
857 2117 944 2197 prior
968 2116 1161 2199 hypothesis

61 2219 203 2281 omnino
229 2217 335 2299 logica
358 2239 397 2280 ac
423 2218 485 2282 sibi
509 2220 702 2296 consistens
717 2221 797 2285 dum
814 2221 975 2301 posterior
991 2228 1160 2301 repugnat.

65 2330 97 2385 1⁰
112 2322 151 2387 Si
167 2321 364 2385 admittatur
386 2322 471 2385 hanc
493 2319 678 2386 dostrInam
703 2323 802 2387 fuisse
828 2322 1001 2404 Apostolis
1024 2321 1067 2384 ab
1090 2323 1163 2403 ipso

61 2418 200 2488 Christo
215 2421 382 2505 traditam,
397 2432 476 2485 tunc
492 2424 634 2505 perfecte
651 2427 846 2508 intelligitur
860 2428 1030 2508 quomodo
1045 2446 1162 2487 omnes

62 2526 105 2589 ab
121 2525 219 2587 initio
234 2544 290 2586 ore
305 2526 454 2587 unanImi
470 2526 560 2589 illam
577 2529 758 2606 docuerint,
774 2530 943 2612 quomodo
959 2529 991 2590 in
1009 2528 1063 2590 itta
1080 2549 1162 2609 prae·

62 2629 232 2692 dicatione
248 2646 352 2709 usque
368 2629 399 2689 in
417 2627 517 2691 finem
534 2633 823 2711 perseveraverint,
840 2634 907 2694 imo
930 2652 990 2711 pro
1017 2631 1071 2692 illa
1099 2629 1162 2691 fide

62 2733 261 2814 sangumem
278 2752 373 2794 suum
390 2730 567 2796 effuderint
582 2759 589 2815 ;
613 2744 691 2798 tunc
707 2737 795 2798 enirn
814 2735 893 2796 nihil
910 2733 998 2796 aliud
1015 2733 1163 2795 fecerunt

62 2837 126 2898 nisi
143 2834 293 2897 divinum
309 2843 512 2916 praeceptum
529 2838 729 2918 adimplere:
749 2845 764 2870 “
777 2839 945 2900 Docentes
961 2857 1018 2897 cos
1034 2856 1163 2897 servare

62 2938 178 3001 omnia
193 2957 411 3018 quaecumque
428 2940 583 3002 mandavi
599 2941 693 3002 vobis
706 2941 721 2964 '’
734 2951 756 3003 5,
802 2941 847 3003 Et
869 2960 980 3002 revera
998 2947 1163 3001 testantur

63 3062 98 3104 se
114 3040 198 3103 nihil
214 3039 302 3103 aliud
319 3041 499 3121 praedicare
522 3043 584 3104 nisi
608 3045 697 3125 quod
721 3045 894 3107 audierant
916 3053 949 3105 et
970 3042 1163 3105 viderant⁶:

64 3145 193 3227 “Quod
210 3144 406 3219 audivam,
421 3146 510 3225 quod
534 3132 677 3210 vidimus
704 3148 809 3209 oculis
833 3149 962 3222 nostris
977 3149 1067 3227 quod
1092 3167 1162 3227 per-

64 3251 239 3332 speximus
254 3257 288 3311 et
304 3269 421 3312 manus
438 3259 559 3312 nostrae
576 3247 864 3311 contreetaverunt
876 3249 919 3310 de
933 3248 1044 3311 Verbo
1060 3249 1162 3310 vitae...

64 3361 96 3415 et
111 3362 276 3416 testamur
290 3361 323 3413 et
338 3353 575 3413 annuntiamus
591 3351 683 3413 vobis
696 3351 720 3413 ’'.

104 3456 156 3536 67.
204 3466 240 3516 2⁰
251 3454 279 3515 E
292 3463 407 3516 contra
422 3454 449 3515 si
465 3453 603 3528 dicatur,
615 3474 690 3516 cum
707 3454 907 3534 quibusdam
925 3452 1164 3527 RationalistIS,

64 3551 251 3618 dostrinam
283 3553 372 3615 illam
403 3552 505 3616 veluti
536 3563 681 3616 creatam
719 3553 818 3615 fuisse
849 3553 892 3614 ab
922 3551 1163 3633 Apostolorum

97 3757 107 3787 ι
176 3750 205 3761 ..

95 3749 331 3902 'ZZZ-‚1113
350 3835 385 3889 cf.
401 3837 434 3887 de
446 3836 505 3887 Deo
522 3835 549 3887 T
546 3835 617 3897 rino,
631 3852 658 3888 n.
676 3848 717 3899 71.
757 3835 802 3888 Ad
816 3834 949 3887 fusiorem
962 3833 1165 3901 expositionem

65 3923 144 3978 Pauli
158 3920 294 3976 dottnnae
307 3922 360 3975 hac
373 3921 409 3975 de
423 3938 460 3987 re,
474 3921 508 3974 cf.
521 3921 640 3984 Mallon,
652 3938 695 3988 op.
708 3919 752 3974 cit.
763 3938 789 3989 p.
803 3921 926 3989 306-356,
936 3920 1060 3989 aliosque
1071 3917 1165 3972 andlo-

64 4029 108 4066 res
121 4008 250 4080 superius
264 4008 373 4064 citatos.

94 4096 178 4167 'Jaa
194 4097 217 4162 I,
232 4112 254 4150 1.
271 4125 304 4134 -
317 4099 327 4130 ⁴
331 4096 395 4165 Jac.
409 4097 443 4163 V,
461 4113 546 4148 10-11.
565 4127 598 4133 -
610 4093 620 4124 ⁵
633 4096 718 4148 Malt.
733 4097 874 4163 XXVIII,
893 4113 934 4149 20.

95 4179 209 4254 ‘IJoa.
228 4184 251 4248 I,
270 4198 309 4238 12.
349 4183 442 4253 Quam
456 4183 511 4236 fide
525 4183 642 4250 dignum
662 4182 697 4236 sit
716 4184 916 4251 Apostolorum
929 4182 1122 4237 testimonium
1137 4180 1165 4234 in

62 4280 101 4327 tr.
114 4272 150 4327 de
167 4272 197 4325 V.
212 4270 300 4341 Relig.
315 4270 353 4339 (n.
371 4285 448 4337 13²⁴
449 4270 497 4340 39)
511 4269 615 4325 diretle
631 4271 783 4342 probatum
795 4271 858 4328 luit.
