2684 4634
160 233 163 239 .
191 178 252 227 120
640 177 779 229 CAPUT
796 178 838 226 11.

232 359 279 437 48.
328 353 391 441 (B)
418 357 564 419 Ratione.
610 357 660 438 (a)
684 358 739 420 Ex
763 359 1029 424 consideratione
1053 361 1117 422 Dei
1142 380 1285 442 operum,

191 461 222 522 in
240 461 360 543 quibus
377 459 616 542 pulcherrimus
633 462 715 523 ordo
732 471 766 524 et
781 463 911 543 optima
928 463 1112 526 mediorum
1129 464 1173 526 ad
1189 462 1286 526 finem

190 565 362 646 adaptatio
378 565 530 640 cernitur,
546 573 583 627 ut
606 565 766 646 probatur
789 564 844 627 ubi
868 565 910 628 de
933 566 1112 628 existentia
1137 567 1287 648 Supremi

192 666 364 731 Redtoris:
397 689 494 749 porro
518 667 719 729 haecomnia
742 669 925 750 sapientem
949 670 1174 733 ordinatorem
1198 669 1288 733 exhi-

190 773 279 847 bent,
301 772 386 834 sicut
410 772 529 834 domus
553 772 637 833 bene
660 770 832 835 exstrudta
855 773 1038 854 sapientem
1071 771 1287 836 architedtum

190 878 407 960 demonstrat.
452 875 502 957 (b)
527 878 690 938 Praeterea
721 877 765 938 ibi
794 875 939 959 perfeita
966 875 1131 957 sapientia
1153 885 1213 951 est,
1237 875 1289 946 ubi

190 978 410 1060 intelligentia
433 999 564 1042 summa
587 988 646 1055 est,
670 1000 745 1042 cum
769 980 940 1043 voluntate
964 980 1092 1061 optimi
1114 987 1149 1043 et
1170 979 1290 1042 virtute

190 1083 349 1164 operandi
367 1081 560 1163 conjundta;
584 1082 676 1163 atqui
693 1082 764 1144 haec
781 1083 844 1145 tria
860 1083 892 1145 in
911 1084 986 1145 Deo
1003 1082 1150 1143 invenire
1173 1086 1233 1157 est,
1250 1101 1291 1143 ex

188 1184 274 1278 infra
292 1186 456 1266 dicendis;
480 1205 568 1266 ergo,
614 1186 724 1248 Deum
742 1207 819 1248 vero
842 1207 907 1249 non
934 1185 1036 1248 teneri
1061 1187 1102 1248 ad
1127 1185 1291 1268 optimum

191 1287 223 1348 in
241 1288 392 1368 operibus
409 1289 451 1350 ad
469 1295 565 1349 extra
581 1288 775 1369 probabitur
791 1288 846 1351 ubi
863 1290 905 1351 de
918 1288 1071 1352 libertate
1086 1289 1208 1353 divina.
1272 1317 1274 1321 ¹

225 1433 265 1491 49.
302 1429 330 1492 3⁰
345 1419 517 1477 Corollaria.
556 1421 604 1491 (A)
618 1420 648 1478 Si
662 1439 722 1478 non
736 1421 935 1493 intelligamus
945 1431 1034 1480 curet
1044 1421 1201 1493 quomodo
1213 1422 1294 1479 Deus

191 1508 255 1565 haec
268 1508 314 1566 vel
327 1507 376 1565 illa
388 1518 455 1580 agat
468 1517 519 1565 aut
532 1509 691 1580 permittat,
706 1509 765 1566 hoc
778 1508 970 1567 tribuendum
983 1519 1028 1567 est
1040 1509 1203 1567 infirmitati
1214 1526 1294 1566 men·

192 1597 228 1652 tis
241 1605 358 1667 nostrae,
375 1613 442 1667 quae
455 1605 568 1653 secreta
589 1596 645 1652 Dei
665 1596 786 1653 scrutari
807 1615 867 1654 non
887 1591 981 1654 valet:
1006 1595 1219 1668 “Sapientiam
1240 1596 1294 1654 Dei

192 1683 409 1754 praecedentem
419 1682 520 1740 omnia
528 1681 595 1753 quis
604 1682 808 1754 investigavit?
816 1683 844 1714 ”¹
859 1683 1055 1754 ignorantiam
1066 1682 1294 1754 igiturnostram

192 1771 343 1839 fateamur,
360 1770 412 1827 sed
428 1769 484 1827 Dei
499 1769 674 1840 sapientiam
689 1787 749 1826 non
763 1770 982 1841 impugnemus.

228 1858 276 1928 (B)
289 1857 325 1913 In
339 1854 427 1914 rebus
441 1855 579 1925 adversis,
588 1864 639 1912 aut
649 1855 672 1912 si
683 1855 836 1913 videamus
847 1855 947 1928 impiis
957 1873 1099 1928 prospera
1108 1855 1227 1925 cedere,
1237 1874 1296 1914 non

193 1962 427 2016 conqueramur:
449 1943 532 2000 Deus
545 1943 624 2000 enim
638 1943 856 2016 sapientissime
868 1943 969 2000 omnia
982 1942 1130 2015 disponit;
1148 1943 1297 2015 quidquid

193 2031 333 2101 decernit,
347 2031 392 2088 vel
407 2029 559 2102 permittit,
575 2029 605 2086 id
625 2030 694 2086 facit
713 2030 759 2087 vel
778 2039 809 2087 ut
829 2039 952 2101 peccata
971 2029 1102 2101 castiget,
1119 2029 1166 2088 vel
1186 2048 1242 2088 nos
1259 2031 1299 2088 ad

193 2118 306 2176 bonum
325 2118 454 2175 excitet².
493 2116 624 2174 Aliunde
644 2116 802 2188 impiorum
823 2116 946 2174 felicitas
966 2117 1025 2174 cito
1045 2116 1168 2175 transit:
1200 2117 1297 2176 “Vidi

194 2205 317 2277 impium
332 2203 591 2275 superexaltatum,
604 2214 634 2261 et
647 2204 794 2261 elevatum
808 2203 884 2261 sicut
897 2203 1002 2262 cedros
1017 2201 1142 2280 Libani}
1160 2212 1191 2261 et
1204 2214 1298 2261 trans-

194 2293 240 2363 ivi,
253 2302 282 2351 et
294 2309 365 2350 ecce
378 2309 438 2348 non
454 2289 558 2348 erat''³.

492 2400 494 2404 Υ
524 2441 575 2498 11.
600 2440 654 2498 De
678 2400 851 2511 porentia,
871 2435 967 2499 Dei⁴.

237 2584 284 2652 50.
334 2584 366 2633 10
379 2570 500 2633 Notio:
524 2567 679 2630 Potentia
689 2567 722 2628 in
739 2587 859 2648 genere
871 2565 995 2648 duplici
1008 2588 1106 2630 sensu
1119 2567 1298 2649 accipitur:

194 2686 359 2759 quatenus
381 2674 500 2748 ailino,
516 2680 567 2734 est
590 2671 788 2753 principium
813 2671 855 2732 ad
880 2670 1005 2752 aliquid
1029 2671 1298 2752 producendum;

195 2787 358 2861 quatenus
375 2777 523 2859 passiva,
547 2782 597 2836 est
621 2773 820 2854 principium
845 2773 886 2834 ad
911 2772 1037 2855 aliquid
1062 2773 1298 2856 recipiendum.

197 2880 297 2943 Nulla
314 2889 364 2941 est
381 2880 413 2941 in
432 2879 507 2940 Deo
523 2879 675 2959 potentia
691 2877 831 2959 passiva,
847 2877 972 2959 quippe
988 2896 1063 2959 quae
1079 2874 1297 2959 imperfedtio-

196 3005 271 3047 nem
301 2970 445 3045 involvit.
492 2983 647 3045 Potentia
673 2990 785 3043 autem
814 2979 922 3043 aitiva
948 3001 1025 3043 vera
1051 2989 1102 3043 est
1133 2980 1299 3062 persedtio,

197 3087 400 3168 proindeque
424 3087 456 3147 in
482 3085 557 3147 Deo
580 3085 696 3147 existit
719 3093 753 3146 et
776 3083 913 3165 quidem
937 3082 1067 3146 infin-ito
1091 3083 1208 3165 gradu,
1225 3084 1298 3166 quia

196 3191 345 3272 operatio
375 3189 523 3270 sequitur
553 3209 632 3251 esse.
680 3189 772 3250 Deus
803 3208 879 3250 vere
910 3196 960 3250 est
990 3187 1196 3267 omnipotens,
1224 3187 1298 3269 quia

197 3296 302 3357 lacere
319 3301 429 3374 potest
445 3292 558 3354 omnia
576 3279 747 3372 possibilia
763 3289 924 3366 absolute,
940 3290 958 3352 i.
975 3310 1001 3354 e.
1014 3290 1177 3371 quidquid
1191 3290 1297 3365 habet,

196 3396 247 3459 vel
264 3395 384 3457 habere
401 3404 512 3476 potest
529 3395 691 3455 rationem
710 3393 804 3467 entis,
814 3412 881 3454 non
899 3401 1011 3455 autem
1028 3392 1118 3474 quod
1136 3392 1298 3456 contradi·

198 3499 341 3564 itionem
360 3498 518 3561 involvit:
543 3502 609 3559 “ea
624 3517 702 3559 vero
719 3517 793 3577 quae
810 3494 1109 3559 contradictionem
1127 3495 1299 3577 implicant

197 3602 380 3665 subdivina
391 3601 541 3682 potentia
553 3621 618 3661 non
631 3601 851 3674 continentur,
862 3599 939 3679 quia
950 3619 1017 3660 non
1028 3608 1170 3680 possunt
1179 3598 1299 3661 habere

198 3706 406 3791 possibilium
422 3706 594 3768 rationem.
641 3705 742 3768 Unde
756 3702 1007 3765 convenientius
1019 3700 1140 3763 dicitur
1155 3703 1247 3782 quod
1263 3721 1300 3763 ea

198 3832 264 3874 non
281 3818 422 3892 possunt
438 3809 516 3885 fieri,
533 3829 633 3890 quam
651 3809 740 3889 quod
759 3808 851 3870 Deus
868 3826 908 3868 ea
923 3823 991 3868 non
1007 3805 1113 3888 possit
1129 3803 1289 3869 sacere''.⁵

233 4025 241 4047 ¹
265 4009 353 4064 Eccli.
382 4011 403 4075 1,
430 4023 453 4075 3.
478 4041 513 4047 -
534 4015 544 4037 ²
566 4009 607 4063 Cf.
632 4009 754 4075 Lessz‘us,
774 4024 819 4077 op.
843 4007 889 4061 cit.
913 4007 929 4061 l.
953 4007 1005 4071 VI,
1029 4023 1051 4061 c.
1076 4006 1135 4075 111,
1157 4024 1184 4062 n.
1208 4009 1249 4062 28.
1269 4038 1301 4045 —

198 4098 417 4160 ³Ps.XXXV1,
433 4098 524 4165 35-36.

233 4184 296 4236 ⁴Cl.
312 4184 342 4236 S.
360 4183 455 4236 Thoria.
468 4185 478 4235 Ι
492 4200 516 4251 p.
527 4200 553 4250 q.
566 4200 580 4234 2
586 4195 598 4249 5
604 4202 610 4246 ;
630 4182 747 4248 Suam,
759 4180 778 4233 l.
793 4181 848 4248 ΙΙΙ,
863 4196 886 4235 c.
900 4197 942 4250 q.;
960 4181 1107 4246 Pedanius,
1119 4181 1136 4235 l.
1146 4179 1183 4247 V,
1193 4196 1217 4233 c.
1232 4192 1302 4249 5-113

200 4269 342 4337 Scireeben,
356 4287 382 4322 n.
397 4271 448 4336 346
462 4287 516 4339 sq.;
536 4270 661 4336 Solesm„
674 4286 700 4337 p.
712 4283 773 4336 4²3·
789 4298 824 4306 --
836 4269 846 4300 ⁵
859 4267 889 4322 S.
910 4265 960 4323 Tb.
978 4268 1001 4334 Ι,
1014 4284 1040 4337 q.
1051 4279 1094 4337 25,
1107 4283 1132 4321 a.
1148 4281 1175 4339 3.
