2684 4634
245 181 301 232 DE
318 182 624 234 CONSECTARIIS
641 184 886 243 UTRIUSQUE
905 183 1125 232 MYSTERII.
1167 183 1233 233 573

133 364 213 427 Deo
233 365 285 429 vel
310 363 433 429 sanctis
457 367 535 446 ipsis
559 365 698 428 delatus
744 366 794 447 (b)
819 367 985 442 relativus,
1001 367 1136 447 quando
1159 367 1232 446 quis

131 467 256 530 colitur
267 478 403 549 propter
414 469 647 531 excellentiam
661 468 794 530 alterius
804 467 936 550 objecti,
949 490 1020 532 cum
1032 490 1099 550 quo
1109 470 1231 550 specia-

132 571 200 633 lem
224 571 415 634 relationem
433 571 551 651 habet;
586 571 661 633 talis
677 580 727 633 est
744 571 851 633 cultus
876 572 1075 653 imaginibus
1103 581 1136 634 et
1159 572 1231 633 reli-

133 675 224 756 quiis
237 674 415 751 exhibitus,
425 675 502 755 quia
513 672 684 736 veneratio
695 683 808 736 nostra
819 675 850 735 in
868 675 907 737 iis
923 695 989 736 non
1006 676 1100 750 sistit,
1114 675 1172 736 sed
1189 674 1231 736 ad

130 798 209 840 eum
246 797 343 858 quem
377 786 617 858 repraesentant
640 777 767 839 transit.
814 778 966 841 Tandem
992 780 1024 840 in
1052 778 1141 841 cultu
1165 778 1231 840 duo

131 890 211 943 sunt
234 881 492 960 distinguenda:
526 879 576 960 (a)
603 877 770 960 objedtum
799 881 974 956 ritateriale,
999 902 1056 944 seu
1084 882 1116 942 id
1141 882 1229 961 quod

130 983 267 1060 colitur;
293 979 349 1068 (b)
367 980 533 1064 objectum
542 982 695 1061 fornmle,
711 1004 767 1046 seu
791 986 875 1047 ratio
899 995 1147 1066 propterquam
1172 987 1229 1048 ali-

131 1087 212 1167 quid
229 1087 352 1149 colitur.

172 1190 244 1269 256.
300 1186 364 1275 (B)
391 1190 446 1253 Ad
471 1190 635 1252 tollendas
659 1192 937 1271 aequivocationes
962 1193 1229 1270 Protestantium,

131 1297 200 1357 duo
216 1305 294 1357 sunt
311 1296 530 1384 praenotanda
548 1319 554 1357 :
586 1295 634 1375 (a)
654 1296 760 1357 Voces
784 1295 884 1356 latria
901 1304 934 1356 et
949 1295 1050 1370 dulia,
1066 1296 1228 1377 etymolo-

129 1399 204 1479 gice
228 1395 398 1478 mediatae,
414 1398 568 1459 eumdem
594 1418 727 1461 sensum
752 1398 886 1475 habent,
902 1399 1027 1462 scilicet
1049 1400 1228 1477 servitium,

127 1502 280 1578 seruituS,
297 1510 331 1564 et
354 1502 386 1563 in
411 1502 579 1583 primaevis
603 1501 731 1564 saeculis
755 1502 942 1583 promiscue
966 1501 1228 1579 adhibebantur;

128 1607 270 1686 proinde
291 1605 323 1666 in
348 1605 493 1685 antiquis
516 1605 731 1683 scriptoribus
748 1624 863 1666 sensus
880 1625 923 1665 ex
941 1614 1104 1667 contextu
1121 1607 1226 1668 deter-

128 1709 307 1771 minandus
323 1716 399 1769 est1.
445 1705 496 1788 (b)
520 1708 643 1769 lterum
661 1707 822 1770 vocabula
838 1707 965 1769 “adoro
980 1707 1032 1769 vel
1055 1709 1202 1771 adoratio
1211 1708 1226 1733 '’

127 1809 308 1892 aliquando
324 1808 556 1890 significabant
569 1810 695 1872 cultum
712 1811 772 1872 soli
785 1811 859 1872 Deo
875 1811 1034 1886 debiturn,
1047 1812 1226 1892 aliquando

126 1921 240 1975 autem
257 1910 382 1973 cultum
408 1909 595 1971 inferiorem
614 1908 810 1973 hominibus
826 1920 859 1973 et
882 1909 1005 1974 sanctis
1021 1914 1226 1993 praestitum;

126 2037 143 2077 e
167 2024 284 2077 contra
300 2034 368 2074 vox
384 2019 399 2045 “
411 2013 574 2074 veneratio
585 2013 600 2037 ''
617 2013 660 2074 ab
675 2014 804 2094 aliquot
822 2014 974 2075 Patribus
997 2015 1039 2076 de
1062 2015 1134 2077 solo
1151 2016 1225 2079 Deo

125 2117 384 2201 praedicabatur;
420 2114 508 2177 unde
526 2116 648 2196 pariter
665 2136 780 2178 sensus
797 2117 898 2178 debet
921 2137 965 2178 ex
981 2127 1142 2181 contextu
1167 2120 1222 2181 de-

125 2221 304 2286 terminari.

165 2329 238 2398 ²57·
284 2316 342 2399 (C)
367 2317 463 2381 Circa
487 2316 612 2379 cultum
638 2318 760 2382 Christi
788 2318 988 2381 humanitati
1015 2321 1223 2384 reddendum

124 2432 276 2488 errarunt
292 2422 342 2502 (a)
357 2421 551 2483 Nestorium·
564 2431 597 2483 et
613 2421 850 2498 Rationalistre,
872 2423 928 2502 qui
945 2424 1101 2485 unionem
1119 2423 1223 2506 hypo·

122 2529 279 2592 staticam
313 2535 480 2606 negantes,
503 2544 543 2585 eo
576 2526 649 2605 ipso
676 2525 906 2587 adorationem
942 2526 1073 2606 proprie
1098 2527 1222 2590 dietam

124 2631 259 2696 Christo
282 2628 408 2690 homini
433 2628 642 2690 tribuendam
679 2649 751 2691 esse
783 2638 955 2709 negarunt.
1011 2627 1062 2710 (b)
1094 2631 1223 2694 Erravit

123 2735 247 2816 pariter
267 2731 436 2811 Wicleffus,
452 2732 508 2812 qui
524 2732 750 2795 contendebat
766 2732 966 2793 humanitati
980 2731 1111 2808 Christi,
1122 2735 1149 2795 si
1166 2755 1224 2816 per

123 2834 329 2917 impossibile
344 2855 364 2896 a
382 2835 495 2896 Verbo
512 2834 749 2915 sejungeretur,
765 2836 914 2897 divinum
932 2834 1058 2896 cultum
1075 2836 1222 2899 tribuen-

123 2944 204 3004 dum
219 2959 300 3001 esse.
337 2934 386 3021 (c)
401 2937 564 3013 Tandem,
575 2940 660 3001 inter
677 2938 874 3015 Socim'anos,
889 2927 1035 3018 quidam,
1048 2940 1220 3023 etsixnega-

156 3153 260 3206 11dem
278 3151 430 3205 dicendum
448 3161 490 3205 est
510 3152 545 3205 de
564 3151 664 3220 graecis
683 3152 799 3205 vocibus
819 3147 995 3219 προσκύνησις
1015 3153 1173 3223 (adoratio),
1193 3167 1221 3211 et

122 3234 248 3307 θεράπεια
262 3239 437 3305 (servitium),
451 3256 515 3307 quae
534 3240 694 3307 promiscue
709 3241 891 3293 sumebantur
905 3259 954 3308 pro
968 3241 1044 3294 omni
1059 3243 1221 3297 reverentiae

122 3329 218 3397 sign03
243 3325 310 3379 hinc
324 3327 354 3377 S.
364 3326 430 3393 soa.
447 3327 641 3379 Damascenus
660 3327 699 3379 ait
716 3345 722 3378 :
751 3326 906 3380 “adoratio
919 3329 1096 3396 subjectionis
1110 3330 1220 3398 signum

121 3424 174 3482 est,
187 3415 241 3468 hoc
260 3422 302 3467 est
322 3412 500 3465 demissionis
519 3424 547 3465 et
566 3414 806 3467 humiliationis
846 3415 980 3468 Adoratio
994 3424 1036 3468 est
1049 3417 1175 3484 obsequii
1185 3436 1218 3470 ac

121 3503 284 3556 reverentiae
304 3499 440 3568 signum''
476 3501 534 3567 (De
554 3500 638 3569 imag.
655 3511 724 3555 orat⁴
743 3503 765 3567 I,
782 3517 831 3568 14;
862 3501 986 3570 lll,27).
1037 3502 1069 3553 ln
1091 3503 1219 3557 Ecclesia

121 3598 217 3642 autem
231 3587 340 3652 Latinh,
351 3587 409 3656 jam
429 3604 447 3640 a
466 3598 591 3656 tempore
610 3589 639 3641 S.
654 3588 817 3658 Augustini
828 3587 973 3640 distinctio
992 3587 1066 3642 faeta
1086 3598 1128 3642 est
1149 3590 1220 3644 inter

120 3678 240 3730 latriam
252 3685 280 3730 et
293 3676 419 3739 duliam,·
437 3675 476 3728 ait
489 3675 625 3744 siquidem
641 3677 688 3743 (de
703 3676 784 3729 Civit.
796 3677 858 3739 Dei,
870 3677 886 3728 l.
901 3678 936 3741 X,
949 3694 972 3730 c.
990 3676 1014 3742 1)
1031 3695 1036 3728 ε
1060 3675 1219 3731 “Latriam

120 3762 226 3833 quippe
245 3761 340 3829 nostri,
360 3762 529 3830 ubicumque
550 3764 578 3816 S.
606 3764 811 3831 Scripturarurn
838 3763 959 3830 positum
978 3774 1028 3831 est,
1046 3764 1218 3832 interpretati

120 3859 186 3904 sunt
200 3849 379 3912 servitutem;
409 3849 458 3902 sed
473 3867 506 3902 ea
521 3849 648 3915 servitus,
662 3868 725 3919 quae
740 3850 857 3903 debetur
875 3850 1046 3913 hominibus,
1063 3852 1219 3905 secundum

120 3953 208 4006 quam
225 3935 352 4004 praecipit
366 3936 526 4004 Apostolus,
544 3954 639 3989 servos
659 3937 781 3990 dominis
801 3937 857 3990 suis
878 3936 1004 3990 subditos
1024 3954 1086 3991 esse
1106 3938 1217 4005 debere,

119 4022 176 4078 alio
190 4021 304 4076 nomine
316 4039 409 4091 graece
422 4023 577 4092 nuncupari
598 4025 676 4077 solet.
704 4024 808 4076 Leiria
816 4041 890 4088 vero,
904 4025 1058 4077 secundum
1071 4036 1216 4079 consuetu-

119 4109 226 4176 dinem,
234 4110 290 4179 qua
304 4109 387 4163 locuti
402 4120 475 4174 sunt,
488 4111 535 4179 qui
549 4110 631 4164 nobis
644 4111 739 4164 divina
751 4112 862 4179 eloquia
876 4112 1071 4178 condiderunt,
1084 4121 1131 4165 aut
1146 4130 1216 4167 sem·

118 4214 178 4268 per,
189 4206 236 4251 aut
249 4206 307 4251 tam
320 4196 479 4267 frequenter
493 4209 522 4252 ut
536 4216 608 4267 pene
622 4215 741 4266 semper,
754 4216 785 4250 ea
798 4199 905 4250 dicitur
916 4201 1040 4251 servitur
1058 4216 1120 4267 quse
1126 4202 1217 4268 perti·

117 4291 167 4340 net
176 4285 218 4338 ad
225 4284 368 4339 colendum
381 4286 473 4338 Deum
482 4283 504 4340 ²¹.
