2684 4634
188 183 254 232 466
643 180 782 230 canuc
800 179 839 228 11.
923 142 926 147 ’

187 370 269 409 sensu
282 361 430 424 quatenus
444 352 498 409 suit
512 352 626 410 divinae·
635 354 779 410 voluntati
794 352 958 423 subjedluS,
979 361 1009 409 et
1023 351 1081 424 ipsi
1102 353 1133 408 in
1153 351 1270 409 omnibus
1325 355 1333 416 j

188 436 394 507 obtemperare
413 434 532 506 debuit,
563 455 618 493 non
638 444 733 493 orclem
752 454 851 494 setrius
869 438 969 494 strr'iio
986 457 1079 508 sensu,
1104 440 1174 510 quia
1192 457 1273 496 servus
1326 480 1330 484 .

190 523 307 595 proprie
321 532 364 579 est
375 523 673 593 personaquaealieni
683 524 755 594 juris
765 532 816 592 est,
830 541 890 580 non
905 527 958 594 sul,
973 535 1002 582 et
1016 525 1135 582 nullum
1145 527 1191 597 jus
1201 524 1274 581 habet

189 609 227 666 ad
242 608 354 666 domini
364 608 558 666 hereditatem
574 631 579 666 :
599 609 682 681 quod
696 621 774 667 certe
784 609 904 668 Christo
918 628 979 668 non
993 613 1152 684 competit.
1189 613 1225 683 (b)
1235 611 1276 666 Po·
1328 616 1332 620 ’

189 697 305 753 stercori
315 705 414 752 autern
426 695 518 752 modo
531 697 746 762 consideratus,
763 698 929 755 secundum
943 697 1183 763 subsistentiam,
1195 717 1278 769 neque
1328 689 1333 726 ³

190 794 321 840 creatura
341 801 438 854 neque
458 801 558 840 servus
577 785 635 841 dici
656 795 763 855 potest,
781 803 874 855 quum
894 786 931 842 sit
951 787 1045 847 Filius
1060 787 1121 844 Dei
1142 786 1278 850 naturalis,

192 870 269 927 Patri
284 870 452 941 coaequalis.

237 1009 303 1058 102.
353 992 408 1053 IV.
426 992 642 1053 Adstrittenda
666 1002 714 1054 esi
737 993 771 1053 irr
791 992 918 1056 Christo
944 996 1193 1057 conmunicatio
1216 995 1283 1056 idio·

193 1106 317 1157 matum
335 1096 369 1156 in
385 1105 529 1168 concreto,
543 1116 605 1157 non
621 1117 694 1157 vero
710 1096 744 1156 in
760 1097 919 1159 obstrocio
927 1110 945 1159 1.
994 1098 1135 1161 Certum
1153 1110 1210 1162 est.

242 1212 273 1259 1⁰
284 1198 482 1277 Explicatur.
531 1198 799 1260 communicatio
817 1200 1013 1262 idiomatum
1032 1200 1067 1281 (a
1090 1207 1202 1282 graeca
1218 1221 1286 1264 voce

195 1297 276 1377 idios,
294 1301 478 1382 proprium)
503 1302 534 1362 in
559 1322 599 1363 eo
622 1303 686 1363 sita
709 1312 767 1377 est,
792 1312 828 1365 ut
851 1303 882 1363 vi
907 1305 1039 1364 unionis
1063 1303 1287 1386 hypostaticae,

195 1424 270 1484 quae
287 1406 420 1485 propria
436 1414 513 1466 sunt
531 1405 633 1467 Verbi
651 1406 814 1468 affirmare
832 1407 929 1470 liceat
946 1409 988 1469 de
1000 1408 1138 1471 Christo
1155 1409 1288 1481 homine,

196 1517 229 1570 et
248 1528 322 1588 quae
347 1508 479 1587 propria
502 1517 580 1569 sunt
597 1507 718 1571 Christi
743 1509 886 1571 hominis
912 1511 1085 1592 praedicari
1112 1513 1241 1593 possint
1255 1512 1288 1572 de

197 1610 334 1674 Verbo:
370 1611 458 1691 quod
484 1620 595 1672 tamen
620 1613 803 1692 generatim
828 1593 896 1674 fieii
921 1613 1021 1676 debet
1057 1635 1118 1695 per
1144 1617 1288 1677 terminos

196 1724 358 1789 concretos,
375 1734 431 1774 eos
449 1713 516 1776 scil.
533 1715 588 1794 qui
611 1717 847 1794 proprietatem
872 1718 1060 1797 designant,
1076 1728 1242 1798 quatenus
1263 1719 1287 1777 in

198 1820 311 1899 aliquo
335 1815 488 1897 subjecto
504 1818 628 1892 existit,
645 1828 681 1880 ut
698 1829 774 1881 suut
791 1841 819 1882 v.
836 1841 865 1900 g.
890 1821 1000 1896 h0m0,
1019 1818 1124 1897 DeuS,
1142 1821 1288 1892 mortalis,

199 1934 341 1985 aeternus
358 1930 432 1998 etc.;
465 1941 531 1982 non
549 1931 660 1983 autem
685 1943 743 2003 per
767 1926 924 1986 terminos
948 1924 1136 2003 abstracios,
1153 1947 1210 1989 eos
1232 1925 1288 1987 scil.

199 2031 255 2110 qui
274 2028 509 2110 proprietatem
534 2027 723 2107 significant
740 2029 773 2090 in
794 2050 834 2104 sc,
851 2038 948 2108 prout
964 2049 983 2089 a
1000 2026 1155 2109 suburbio
1172 2049 1289 2110 separa-

200 2144 279 2206 tam,
296 2142 332 2193 ut
349 2141 426 2193 sunt
442 2131 641 2205 humanitas,
659 2133 817 2195 divinitas
834 2142 895 2194 etc.
1095 2204 1097 2209 ,

245 2249 280 2296 20
293 2235 465 2296 Probatur.
510 2232 569 2314 (A)
581 2235 805 2309 Auoom'rare,
830 2244 962 2297 constat
977 2256 1021 2296 ex
1031 2235 1190 2298 omnibus
1207 2236 1292 2297 texti-

201 2341 262 2401 bus
278 2340 394 2418 Script.
412 2348 445 2399 et
462 2338 608 2400 Traditi
626 2340 746 2419 quibus
763 2360 847 2400 unus
866 2339 1021 2418 idemque
1032 2337 1187 2402 Christus
1204 2336 1292 2400 simul

202 2444 322 2505 dicitur
341 2442 432 2502 Deus
457 2450 490 2502 et
514 2441 624 2515 h0m0,
644 2442 745 2506 Filius
764 2443 827 2503 Dei
844 2451 877 2503 et
897 2441 998 2504 Filius
1014 2440 1170 2516 hominis
1188 2438 1294 2504 auctor

201 2549 278 2610 vitre
292 2558 324 2608 et
337 2543 528 2607 interledtus
543 2555 615 2621 etc.;
632 2546 679 2606 sic
689 2545 777 2606 enim
793 2544 967 2605 manifeste
981 2543 1145 2605 evincitur
1158 2543 1294 2624 proprie·

202 2660 287 2712 tates
315 2650 485 2729 utriusque
509 2657 637 2710 naturae
670 2646 907 2709 communicari
935 2666 1087 2726 personae
1113 2646 1246 2720 Christi,
1268 2655 1294 2707 et

200 2755 336 2834 ¹quidem
355 2774 412 2832 per
429 2752 589 2814 terminos
606 2763 788 2813 concretos.

246 2855 304 2936 (B)
323 2856 399 2915 leat.
416 2854 505 2915 theol.
552 2850 714 2914 Dodtrina
738 2854 893 2934 exposita
917 2852 988 2914 lluit
1012 2872 1056 2913 ex
1082 2853 1212 2916 unitate
1234 2873 1297 2935 per-

204 2979 302 3020 sonae.
338 2959 381 3020 Vi
399 2958 578 3018 axiomatis
596 2961 611 2986 “
624 2957 763 3018 aiir'oncs
776 2965 853 3017 sunt
867 2955 1102 3035 suppositorurrr
1114 2955 1140 3029 ’',
1158 2955 1298 3019 actiones

204 3074 237 3125 et
265 3064 484 3143 proprietates
513 3061 690 3141 cujuslibet
715 3071 841 3122 naturae
866 3059 1056 3122 tribuuntur
1076 3080 1230 3140 personae
1254 3062 1298 3123 cui

205 3167 368 3239 subditur,
384 3166 431 3226 sic
448 3187 475 3226 v.
493 3186 523 3245 g.
541 3164 667 3226 homini
686 3164 876 3226 tribuuntur
892 3163 1113 3244 proprietates
1139 3178 1212 3225 tum
1237 3184 1299 3226 cor-

205 3269 293 3350 poris
311 3277 382 3329 tum
401 3268 538 3343 animae3
574 3267 666 3346 atqui
684 3266 835 3329 Christus
852 3266 1020 3347 duplicem
1043 3268 1196 3347 possidet
1213 3276 1300 3329 natu·

206 3393 285 3445 ram,
309 3372 455 3434 divinam
486 3381 518 3432 et
546 3371 744 3445 humanam;
779 3390 858 3451 ergo
886 3371 1107 3450 proprietates
1136 3372 1302 3453 utriusque

207 3481 331 3533 naturae
348 3472 389 3532 de
407 3470 463 3531 illo
481 3469 653 3550 praedicari
671 3479 820 3549 possunt.

135 3644 147 3667 .
251 3621 317 3685 103.
368 3621 401 3686 30
424 3606 620 3668 Traduntur
644 3607 770 3686 regulo.
816 3605 875 3686 (A)
894 3606 1041 3667 Nomina
1068 3617 1222 3683 concreta,
1243 3607 1304 3668 sive

207 3707 417 3774 substantiva
434 3712 503 3773 sive
520 3708 686 3791 adjectiva
703 3711 874 3790 utriusque
888 3719 1015 3770 naturae
1034 3718 1176 3789 possunt
1194 3710 1305 3790 praedi-

207 3816 272 3878 cari
290 3816 332 3877 de
348 3819 490 3896 persona
508 3814 631 3878 Christi
648 3823 681 3875 et
698 3815 740 3876 de
761 3833 796 3874 se
821 3813 961 3874 invicem
975 3823 989 3852 ²
1007 3835 1013 3873 ε
1049 3810 1099 3892 (a)
1115 3811 1156 3874 de
1172 3809 1306 3893 personrl

242 4021 302 4074 1Ci.
326 4022 354 4074 S.
380 4021 431 4074 Tlr.
454 4039 480 4090 q.
505 4022 546 4084 163
584 4022 731 4085 Petaurus,
751 4020 767 4071 l.
790 4019 839 4082 lV,
858 4034 880 4070 c.
908 4013 996 4083 15=16;
1034 4011 1153 4078 Suarea,
1174 4014 1246 4083 disp.
1266 4025 1307 4080 353

208 4108 349 4172 Salmant,
362 4106 434 4175 disp.
453 4106 499 4172 26;
518 4109 660 4177 Legroud,
673 4108 726 4162 dis.
744 4108 794 4168 Vl,
811 4124 834 4159 c.
851 4121 876 4172 4,
887 4121 912 4156 a.
929 4118 957 4166 23
977 4105 1124 4170 Stentrup,
1136 4102 1176 4156 th.
1190 4117 1234 4173 37.

242 4192 394 4248 ²Attamen
408 4192 524 4247 nomina
537 4205 670 4248 concreta
688 4192 838 4264 adiedliva,
861 4207 924 4260 quae
937 4190 1069 4242 derivata
1081 4189 1269 4256 appellantur,
1281 4195 1306 4240 ut

193 4284 317 4354 divinus,
336 4285 493 4353 humanus,
508 4283 606 4340 minus
619 4290 755 4336 accurate
773 4278 901 4330 dicuntur
915 4275 1076 4327 dthr'xstu
1086 4285 1118 4326 et
1131 4275 1171 4328 de
1187 4294 1219 4330 se
1237 4274 1301 4330 invi·
