2684 4634
201 107 264 157 298
636 109 775 160 CAPUT
794 109 836 156 11.

195 283 438 341 obscurissimum
450 293 532 342 terrae
542 302 688 342 carcerem
704 284 817 353 inclusi,
826 294 948 342 aeternas
961 283 1109 356 superbIae
1121 301 1181 367 suae
1193 291 1281 354 poenas

195 371 313 429 luunt”.

227 495 267 559 65.
310 502 335 547 1⁰
347 491 456 562 Aregeli
466 492 656 563 transiierunt
667 493 756 549 creati
767 493 797 548 in
811 491 1032 563 supernaturali
1040 489 1219 558 beatitudine,
1232 487 1247 543 i.
1258 504 1275 541 e.

193 579 319 650 beatificet
333 580 438 637 visione
443 580 583 651 fruentes,
596 580 645 636 sel
652 580 693 636 ael
702 588 809 636 statura
822 579 1071 654 supernaturalem
1084 577 1177 645 areni,
1184 574 1279 647 gratii-

193 682 245 734 que
255 666 452 737 santiifieante
465 668 571 723 ornati.
614 667 736 726 Certum
750 678 801 724 est.

229 766 276 834 (A)
290 765 381 820 Prius
399 764 440 821 sic
460 763 618 834 probatur:
642 765 660 790 “
672 764 718 836 [pe
737 763 851 820 ratione
871 761 1061 820 beatitudinis
1081 771 1125 819 est
1143 760 1280 828 stabilitas,

193 852 253 908 sive
270 850 457 907 confirmatio
477 850 505 905 in
527 849 616 906 bono.
657 841 715 906 Sed
738 849 843 920 Angeli
861 867 921 906 non
940 849 1037 906 statIm
1059 858 1091 905 ut
1110 848 1200 905 creati
1217 855 1281 915 sunt,

192 939 309 996 suerunt
323 937 488 994 confirmati
503 936 532 992 in
547 936 639 1007 bono,
653 937 735 1007 quod
749 953 833 992 casus
844 935 1042 1006 quorumdam
1053 934 1194 992 ostendit.
1226 933 1285 989 Non

192 1043 262 1096 ergo
272 1026 378 1097 Angeli
391 1025 419 1080 in
431 1024 642 1082 sualcreatione
653 1024 770 1081 fuerunt
781 1024 858 1081 beati
868 1023 883 1048 ’³
895 1032 911 1079 ¹.
947 1023 1038 1095 Quod
1050 1023 1175 1094 quidem
1186 1021 1287 1093 optime

192 1112 339 1182 convenit,
354 1130 422 1168 nam
433 1111 521 1168 decet
534 1121 566 1167 ut
579 1129 669 1168 nemo
679 1120 842 1181 coronetur,
854 1109 910 1167 nisi
921 1109 971 1180 qui
981 1109 1112 1180 legitime
1122 1107 1288 1166 certaveriu.

226 1200 274 1266 (B)
288 1199 436 1255 Posterius
448 1207 581 1255 constat:
603 1200 642 1268 (a)
661 1216 696 1255 ex
710 1198 782 1255 locis
797 1197 846 1254 ubi
862 1196 969 1269 Angeli
989 1197 1131 1254 dicuntur
1150 1196 1212 1264 filii
1225 1193 1289 1252 Dei³

191 1285 310 1353 saneii⁴,
323 1284 533 1356 angelelinus,-
552 1284 597 1340 his
617 1284 695 1341 enim
716 1284 883 1354 praedicatis
896 1283 1066 1354 designatur
1085 1294 1181 1341 status
1199 1281 1290 1354 gratiae

191 1373 409 1441 sanetificantb,
427 1381 458 1429 ut
471 1371 545 1427 infra
559 1370 752 1442 probabitur;
770 1373 811 1442 (b)
831 1389 865 1428 ex
884 1368 1012 1429 textibus
1025 1369 1076 1426 ubi
1090 1369 1291 1426 describuntur

191 1471 333 1531 tanquam
348 1459 485 1518 beatifica
497 1458 611 1515 visione
625 1459 755 1515 fruentes
769 1478 777 1528 3
800 1459 818 1485 “
828 1457 936 1528 Angeli
950 1457 1029 1514 enim
1043 1475 1146 1514 eorum
1168 1456 1198 1512 in
1217 1454 1290 1512 coelis

190 1565 307 1619 semper
325 1547 427 1605 vident
447 1545 551 1602 faciem
574 1545 666 1601 Patris
686 1545 750 1610 mei,
766 1545 816 1616 qui
837 1545 866 1620 in
886 1544 968 1602 coelis
988 1540 1093 1614 est”⁶;
1113 1543 1290 1600 nernoemm

190 1633 283 1703 gloria
300 1632 355 1689 Irni
375 1641 482 1704 potest,
498 1631 553 1687 nisi
573 1631 652 1702 prius
672 1632 710 1688 ad
728 1639 834 1688 statum
855 1630 1109 1703 supernaturalem
1128 1630 1216 1688 fuerit
1234 1646 1290 1687 eve·

190 1721 264 1777 ttus

224 1839 264 1891 66.
305 1838 375 1909 Quo
389 1847 523 1908 tempore
534 1854 602 1892 vero
616 1836 708 1906 gratiat
721 1835 816 1892 ornati
837 1836 952 1902 fuerint,
968 1854 1028 1892 non
1042 1846 1141 1907 potest
1155 1855 1225 1894 eum
1238 1855 1290 1894 cer·

190 1925 316 1983 titudine
329 1924 518 1982 determinari
532 1945 539 1980 ;
562 1925 581 1951 “
592 1924 726 1994 quamvis
740 1941 829 1995 super
842 1923 898 1980 boc
912 1924 968 1980 sint
984 1925 1108 1982 diversae
1126 1925 1286 1996 opiniones,

190 2011 370 2081 quibusdam
383 2010 552 2069 dicentibus
566 2009 648 2080 quod
661 2009 751 2067 creati
772 2019 840 2066 sunt
859 2010 965 2080 Angeli
986 2010 1015 2066 ln
1036 2010 1222 2069 naturalibus
1235 2022 1288 2068 tan·

190 2107 261 2167 tum,
278 2098 342 2154 aliis
356 2115 425 2154 vero
439 2096 520 2169 quod
540 2106 608 2152 sunt
627 2098 714 2154 creati
736 2096 765 2152 in
784 2096 895 2167 gratia:
916 2097 973 2154 boc
992 2107 1092 2159 tarnen
1112 2097 1288 2168 probabilius

189 2185 305 2242 videtur
318 2185 492 2253 tenendum,
506 2194 534 2240 et
554 2183 648 2255 magIs
667 2183 754 2240 ditus
773 2182 944 2243 santlorum
964 2193 1130 2242 'consonum
1151 2195 1195 2242 est
1215 2183 1288 2255 quod

190 2270 296 2326 fuerint
315 2269 403 2326 creati
423 2269 451 2324 in
468 2269 560 2340 gratia
573 2281 688 2341 gratum
703 2270 852 2328 laciente’'
863 2277 880 2327 ⁷.
922 2271 1037 2328 Revera
1050 2271 1082 2328 S.
1098 2269 1288 2343 Augustiuus⁸

189 2355 289 2413 scribit
303 2374 308 2413 :
323 2358 340 2385 “
351 2374 419 2412 cum
433 2356 513 2414 bonis
528 2358 687 2427 voluntate,
697 2358 714 2414 i.
727 2368 829 2416 escum
845 2376 945 2416 amore
958 2368 1050 2424 cast0,
1066 2377 1128 2430 quo
1142 2359 1182 2415 illi
1197 2359 1287 2418 adhae·

189 2451 293 2511 serent,
306 2443 438 2512 Angelos
451 2444 570 2513 creavit,
586 2444 673 2499 simul
687 2444 717 2499 in
730 2444 772 2501 eis
786 2455 814 2501 et
828 2446 962 2502 condens
972 2457 1117 2516 naturam,
1129 2457 1158 2504 et
1170 2447 1287 2518 largiens

188 2530 311 2600 gratiam
320 2530 343 2585 '’.

223 2657 261 2720 67.
303 2650 425 2720 Angelis
438 2650 578 2707 omnibus
597 2650 689 2720 gratia
709 2651 816 2708 collata
835 2662 887 2722 est,
905 2652 1105 2724 omnibusque
1118 2669 1286 2711 concessum

189 2737 241 2793 luit
252 2737 305 2793 aire
317 2744 344 2792 et
350 2737 533 2807 probationis
542 2748 667 2808 tempus
710 2739 798 2794 Multi
809 2739 884 2796 inter
892 2739 957 2797 illos
968 2739 1070 2798 fideles
1082 2741 1149 2797 Deo
1160 2758 1287 2812 perman-

188 2835 296 2893 serunt,
312 2836 340 2880 et
354 2826 395 2880 sic
408 2825 553 2880 visionem
570 2825 734 2881 beatificam
755 2837 934 2883 meruerunt.
973 2827 1061 2899 Juxta
1074 2828 1105 2884 S.
1125 2828 1284 2894 Tleonrarnl,

188 2907 305 2982 tempus
320 2912 503 2982 probationis
517 2913 640 2982 longum
652 2931 712 2970 non
725 2914 778 2970 luit
792 2935 798 2970 :
815 2916 832 2942 “
843 2915 1027 2985 Respondeo
1039 2915 1202 2972 dicendum
1212 2913 1287 2986 quod

187 2993 319 3062 Angelus
340 3004 406 3064 post
426 2995 554 3065 primum
574 2995 674 3052 attam
694 2996 828 3066 caritatIS,
852 3015 912 3067 quo
937 2997 1152 3055 beatitudinem
1176 2999 1284 3068 meruit,

187 3081 284 3136 statirn
300 3079 402 3136 beatus
416 3081 478 3137 suit.
520 3082 613 3151 Cujus
628 3082 701 3138 ratio
715 3093 766 3150 est,
780 3083 849 3153 quia
868 3084 960 3153 gratia
974 3084 1088 3155 perficit
1101 3095 1236 3142 naturam
1249 3103 1287 3141 se·
1330 3070 1332 3089 Ι

187 3167 320 3223 cundum
332 3168 455 3224 modum
467 3178 607 3226 naturae...
626 3170 677 3225 Est
688 3180 787 3226 autem
798 3170 855 3226 hoc
868 3172 1020 3242 proprium
1031 3181 1143 3229 naturae
1152 3173 1287 3242 angelicae

187 3255 268 3325 quod
280 3255 441 3312 naturalem
450 3257 663 3327 perletlionenr
673 3276 733 3314 non
742 3250 794 3328 per
803 3258 968 3315 discursum
979 3259 1120 3331 acquua't,
1132 3261 1186 3319 sed
1194 3261 1287 3317 statim

188 3360 240 3414 per
252 3353 385 3399 naturam
400 3343 507 3400 habeat
519 3344 542 3400 ''.

220 3480 260 3532 68.
302 3488 327 3532 2³
345 3479 414 3534 Alii
431 3497 496 3534 uera
517 3480 627 3549 Angeli
642 3481 766 3550 proprisi
786 3481 869 3550 erepet
884 3488 1080 3551 percurrerunt,
1099 3489 1128 3538 et
1146 3482 1288 3554 suppliciis

185 3568 299 3623 eeternis
304 3567 432 3638 fuerunt
443 3568 579 3637 deputati.

222 3783 272 3832 15.
292 3780 385 3833 Tliarn.
403 3782 424 3844 I,
439 3798 464 3848 q.
479 3781 521 3844 62,
535 3798 560 3832 a.
581 3796 601 3834 1.
618 3812 652 3818 -
665 3778 674 3807 2
687 3783 723 3833 ΙΙ
737 3783 808 3835 Tine.
828 3784 866 3845 II,
885 3796 906 3848 5.
921 3812 955 3819 —
974 3781 1061 3850 ³Job.
1078 3784 1250 3853 XXXVIII,
1264 3799 1285 3850 7.

185 3897 216 3904 -
231 3867 241 3894 ⁴
254 3870 327 3919 Dan.
344 3869 426 3932 VIII,
448 3883 489 3932 133
505 3869 594 3919 Mare.
611 3869 693 3934 VIII,
709 3869 749 3934 38.
767 3897 801 3902 --
813 3867 823 3895 ⁶
836 3870 873 3920 H
883 3870 943 3921 Car.
960 3871 1010 3937 XI,
1027 3885 1066 3935 14.

219 3952 326 4005 “allicit
342 3955 453 4020 XVIII,
475 3971 515 4017 103
536 3955 568 4006 cf.
583 3956 602 4005 l
617 3956 642 4005 T
640 3957 687 4006 ine.
706 3956 737 4019 V,
754 3972 796 4017 213
817 3957 907 4008 Mare.
929 3957 997 4023 XII,
1015 3970 1061 4024 25;
1080 3959 1146 4011 Luc.
1164 3961 1228 4025 XX,
1247 3961 1287 4027 363

186 4041 270 4091 Heln.
290 4042 358 4105 XII,
373 4055 413 4091 22.
1200 4102 1204 4107 ,

213 4122 224 4152 ’”
233 4123 263 4176 s:
284 4125 382 4179 stenen.
403 4127 424 4193 I,
440 4143 465 4195 q.
481 4125 523 4191 oz,
539 4142 562 4177 a.
579 4139 601 4192 3.
618 4123 671 4161 ms
688 4126 732 4177 be
746 4123 829 4177 Clvlt.
843 4125 909 4190 Ilei,
920 4127 967 4178 lib.
984 4127 1052 4192 XII,
1067 4145 1090 4179 c.
1107 4144 1133 4195 9.

203 4212 258 4264 ⁹5.
282 4215 384 4270 lilani.
406 4218 428 4283 I,
446 4236 473 4286 q.
487 4217 535 4279 (aa,
552 4235 577 4269 a.
599 4230 623 4283 5,
