2684 4634
187 200 248 254 102
651 192 790 244 curun
805 188 829 241 1.

187 416 191 435 ι
230 394 278 463 21.
326 381 384 462 (C)
399 378 533 442 Adonai
553 378 640 439 idem
664 375 829 458 significat
843 394 890 435 .ac
912 371 1074 434 Dominus
1089 367 1157 450 (tlte
1171 366 1282 447 Lorn'),

188 487 393 569 proindeque
408 502 597 566 supremum
615 474 880 542 Dei'dominium
896 477 1076 556 designat.1

232 589 295 670 (D)
315 574 462 661 J'elzovat
480 583 622 648 Sabaoth
637 583 744 663 primti
760 581 830 643 vice
846 579 987 642 occurrit
1002 579 1034 639 in
1054 577 1067 638 l
1086 577 1165 657 Rog.
1179 576 1204 646 Ι,
1215 590 1242 647 2,
1253 581 1284 634 et

150 693 153 698 ’
190 692 223 752 in
238 690 384 770 Vulgata
400 689 548 751 redditur
562 705 620 766 per
632 690 647 716 “
657 683 806 744 dominus
820 681 1011 744 exercituum
1021 681 1036 705 ’'
1051 703 1057 741 :
1073 678 1140 760 quo
1152 675 1286 770 nomine

189 793 375 855 declaratur
406 792 514 854 Deum
546 814 617 855 esse
649 794 823 856 dominum
854 812 920 854 non
958 791 1065 854 sulum
1103 798 1285 852 castrorum

191 896 303 971 Israel,
329 896 386 958 sed
414 897 515 957 etiam
544 918 717 979 corporum
736 890 930 958 ¹coelestium
961 903 995 957 et
1021 893 1227 974 angelorum,
1252 897 1286 950 ut

111 1050 113 1055 .
191 1008 321 1061 constat
341 1020 385 1059 ex
406 999 456 1060 his
479 1001 609 1062 verbis:
633 1001 714 1062 “Tu
738 990 816 1079 ipse,
834 999 979 1060 Domine
1002 996 1100 1071 solus,
1122 1005 1158 1057 tu
1182 992 1287 1055 fecisti

190 1103 321 1178 coelum,
338 1111 371 1163 et
396 1101 516 1163 coelum
544 1103 712 1177 coelorum,
732 1113 765 1164 et
785 1121 919 1163 omnem
943 1101 1127 1163 exercitum
1153 1116 1287 1172 eorum;

192 1213 312 1266 terram
336 1213 369 1266 et
392 1206 545 1267 universa
568 1226 643 1285 quae
667 1206 699 1266 in
723 1225 762 1267 ea
785 1213 888 1266 sunt...
913 1196 946 1264 et
968 1195 1134 1265 exercitus
1158 1199 1234 1260 coeli
1258 1206 1289 1258 te

192 1307 331 1368 adorat.²

231 1402 291 1470 ¹Ex
309 1410 347 1471 iis
363 1405 437 1490 quae
453 1411 599 1472 diximus
622 1410 861 1492 de.praecipuis
886 1409 949 1470 Dei
972 1407 1172 1482 nominibus,
1187 1406 1290 1486 liquet

194 1511 304 1572 Deum
326 1511 476 1574 exhiberi
498 1513 720 1593 inscriptura
740 1523 777 1576 ut
793 1523 952 1593 potentem
975 1523 1008 1575 et
1022 1513 1154 1592 fortem,
1177 1511 1235 1590 qui
1259 1510 1289 1569 in

194 1615 321 1676 unitate
337 1616 489 1676 essentiae
505 1608 575 1677 sua}
590 1616 761 1696 multiplici
770 1616 889 1678 virtute
903 1616 1036 1696 gaudet,
1046 1624 1083 1676 ut
1094 1614 1291 1693 Supremnnt

193 1717 333 1795 Numen,
350 1721 382 1781 in
399 1719 493 1800 cujus
509 1719 688 1802 conspectu
705 1731 832 1801 stupent
846 1721 1006 1796 homines,
1017 1729 1054 1782 ut
1069 1712 1292 1794 Antoninum,

194 1821 244 1882 cui
260 1842 377 1884 omnes
392 1824 514 1885 servire
529 1824 661 1899 debent,
672 1833 708 1886 ut
724 1825 985 1904 Omnipotentem‚
995 1824 1050 1904 qui
1067 1813 1188 1904 praeter
1204 1823 1293 1904 leges

194 1935 320 1986 naturae
336 1916 631 2007 operari'valetsut
654 1927 725 1989 Eos
746 1927 939 2007 simpliciter,
955 1918 1043 2007 quod
1067 1927 1168 1988 habet
1189 1926 1293 2006 pleni-

194 2026 344 2089 tudinem
362 2030 456 2104 ontiS‚
469 2039 502 2091 et
517 2040 568 2092 est
578 2021 679 2092 ¹cornu
695 2019 833 2093 aliorum
850 2032 985 2106 entium,
997 2040 1032 2092 ut
1044 2029 1227 2092 Dominum
1240 2031 1293 2111 qui

196 2130 358 2191 mundum
386 2131 471 2211 regit
491 2142 522 2193 et
541 2133 709 2212 gubernat,
734 2133 960 2215 populumque
986 2153 1082 2195 suum
1107 2133 1296 2213 specialiter

196 2233 348 2312 protegit,
365 2235 421 2313 qui
436 2235 623 2296 exercitibus
631 2233 755 2315 proest,
773 2237 830 2297 dat
845 2232 1029 2299 'victoriam'
1042 2236 1092 2297 cui
1115 2236 1197 2313 vult,
1213 2237 1295 2298 colc-

196 2333 260 2394 str'a
274 2346 403 2415 corporo
419 2338 509 2416 reget,
525 2348 557 2400 et
572 2340 700 2419 angelos
714 2336 883 2400 ntt'nzstros-
893 2339 991 2400 ltobet.

148 2440 149 2444 ’
241 2436 297 2498 Ex
321 2440 440 2518 quibus
467 2441 636 2504 evidenter
663 2441 849 2523 colligimus
872 2439 1064 2522 Judaeorum
1090 2440 1296 2524 theologiam

197 2543 377 2605 totocoelo
401 2546 524 2607 distare
547 2564 566 2607 a
590 2542 1060 2628 Paganorumm'ythologiis:
1083 2547 1120 2607 in
1141 2547 1191 2608 his
1207 2549 1296 2610 enim

198 2646 307 2726 plures
323 2648 378 2721 dii,
390 2658 423 2710 et
439 2648 573 2729 quidem
591 2652 703 2713 multis
716 2653 804 2712 vitiis
816 2651 954 2713 obnoxii
970 2658 1205 2730 agnoscuntur,
1217 2652 1297 2713 dum

198 2750 286 2829 apud
303 2752 441 2831 Judaeos·
462 2773 546 2814 unus
563 2753 799 2835 ¹perfectusque
824 2752 915 2815 Deus
942 2753 1153 2833 agnoscitur:
1175 2753 1301 2817 “Scito

198 2872 277 2932 ergo
293 2864 326 2916 et
341 2857 489 2936 cogitato
505 2859 536 2918 in
553 2859 652 2920 corde
668 2869 735 2931 tu0‚
752 2859 840 2937 quod
859 2858 1025 2919 Dominus
1046 2856 1115 2937 ipsc
1138 2857 1181 2918 sit
1206 2857 1299 2920 Deus

200 2955 231 3014 in
249 2956 334 3016 coelo
351 2978 480 3019 sursum
504 2969 537 3021 et
561 2960 591 3021 ln
617 2965 703 3022 terrtr
719 2963 884 3035 deorsum,
900 2958 932 3021 e't
949 2980 1011 3019 non
1026 2959 1194 3022 situlius...
1242 2962 1301 3023 Vi-

200 3056 276 3118 dete
292 3062 380 3138 quod
398 3081 460 3140 ego
476 3063 538 3123 sim
555 3064 647 3137 solus,
658 3074 692 3126 et
709 3084 773 3124 non
792 3065 834 3125 sit
851 3063 934 3125 alius
952 3062 1043 3124 Deus
1060 3072 1180 3142 praeter
1197 3066 1301 3126 me.’'3

239 4153 247 4183 ¹
264 4150 329 4200 Gen.
347 4143 409 4209 XV,'
425 4164 448 4200 2.
463 4179 496 4184 —
509 4147 519 4176 ‘²
532 4146 643 4198 Nollem.
662 4145 712 4209 IX,
726 4146 749 4198 6.

240 4237 345 4288 ³ltent.
364 4233 415 4300 IV,
430 4251 483 4302 39-;
503 4234 628 4297 XXXII,
643 4248 694 4300 395
713 4230 805 4281 lr'rod.
824 4229 887 4290 XX,
907 4228 957 4280 1-6.
975 4225 1071 4278 -wa,
1087 4223 1167 4276 Atbt
1182 4224 1216 4276 de
1235 4225 1303 4275 Bro-

201 4325 267 4391 glr'e,
284 4323 470 4376 Conferences
485 4339 530 4373 sur
543 4320 626 4372 l'ldee
641 4320 676 4371 de
692 4319 764 4370 Dieu
778 4318 849 4369 dans
862 4314 988 4368 l’Aneien
1002 4314 1089 4380 Test,
1108 4309 1195 4376 Paris,
1212 4312 1286 4378 1891.
