2684 4634
185 166 251 222 228
648 172 785 224 CAPUT
804 175 829 224 1.

223 359 277 399 111.
316 344 365 402 Sic
377 344 473 414 arguit
487 343 1003 414 SeraphicusDodorsstinerarium,
1021 360 1046 400 c.
1063 345 1090 413 6)
1108 363 1116 399 :
1139 342 1284 398 “Bonum

187 433 292 491 dicitur
305 427 475 486 diffusivum
491 427 536 484 sui
553 448 559 484 z
587 446 738 484 summum
753 427 841 498 igitur
851 426 968 484 bonum
982 444 1100 484 summe
1117 425 1285 484 diffusivum

187 527 231 575 est
244 514 296 572 sui.
335 512 458 568 Summa
471 520 571 568 autem
586 509 706 568 diffusio
719 528 780 568 non
795 520 894 582 potest
907 528 981 582 esse,
1001 509 1058 566 nisi
1071 509 1109 566 sit
1122 508 1249 566 actualis
1261 519 1286 564 et

186 603 351 669 intrinseca,
368 597 570 655 substantialis
584 607 612 655 et
626 597 819 669 hypostatica,
837 597 978 654 naturalis
991 607 1020 655 et
1032 595 1210 663 voluntaria,
1220 594 1287 651 libe-

186 691 253 748 ralis
271 699 300 746 et
320 687 492 755 necessaria,
508 685 684 743 indeficiens
703 695 732 743 et
751 685 890 757 perfecta.
931 685 996 742 Nisi
1014 685 1104 756 igitur
1121 684 1151 740 in
1171 701 1286 741 summo

187 775 267 832 bono
286 769 463 829 aeternaliter
481 779 558 827 esset
585 769 743 840 productio
772 769 896 827 actualis
917 778 946 826 et
968 768 1243 835 consubstantialis,
1260 777 1287 824 et

186 856 407 933 hypostaticalis
429 874 516 927 aeque
530 856 647 925 nobilis,
661 856 739 913 sicut
754 866 798 914 est
812 856 982 928 producens
997 873 1048 927 per
1060 855 1189 912 modum
1203 872 1287 926 gene-

186 947 306 1005 rationis
325 955 354 1003 et
377 943 555 1015 spirationis,
569 944 609 1000 ita
629 943 712 1014 quod
731 942 768 1001 sit
785 944 931 1002 aeternalis
949 942 1088 1014 principii
1111 942 1287 999 aeternaliter

187 1029 471 1106 comprincipiantis,
485 1030 525 1087 ita
538 1030 620 1101 quod
634 1040 711 1087 esset
724 1029 851 1087 dilectus
866 1039 895 1087 et
908 1028 1104 1100 condilectuS‚
1116 1029 1236 1100 genitus
1249 1046 1286 1083 sc.

186 1115 215 1178 et
230 1119 366 1192 Spiritus,
382 1117 441 1174 hoc
454 1126 498 1174 est
513 1117 607 1187 Pater,
624 1126 653 1174 et
670 1116 758 1173 Filius
772 1127 801 1174 et
814 1116 941 1188 Spiritus
955 1117 991 1187 S.,
1005 1133 1201 1188 nequaquam
1212 1124 1288 1172 esset

186 1211 336 1263 summum
356 1198 479 1268 bonum,
493 1200 562 1271 quia
580 1218 641 1256 non
655 1218 771 1257 summe
791 1218 822 1257 se
839 1199 1026 1258 diffunderet.
1068 1199 1147 1256 Nam
1168 1198 1288 1256 diffusio

186 1311 221 1350 ex
234 1302 368 1362 tempore
382 1289 410 1344 in
422 1289 555 1345 creatura
566 1305 626 1344 non
641 1297 684 1346 est
698 1287 752 1344 nisi
764 1287 911 1354 centralis
922 1287 968 1344 vel
982 1286 1139 1359 punctalis²
1148 1287 1287 1360 respectu

186 1376 391 1436 immensitatis
405 1374 546 1432 bonitatis
561 1387 685 1433 aeternae.
713 1376 715 1382 ⁴
729 1375 817 1433 Unde
831 1386 860 1432 et
874 1393 935 1436 non
944 1383 1042 1446 potest
1054 1374 1155 1445 aliqua
1169 1373 1287 1431 diffusio

185 1464 307 1538 cogitari
321 1465 415 1534 major
428 1463 529 1531 idaea
543 1462 679 1520 videlicet
692 1462 722 1518 in
737 1463 796 1533 qua
807 1462 980 1521 diffundens
991 1463 1198 1520 communicat
1206 1463 1286 1519 alteri

185 1564 277 1612 totam
291 1549 486 1609 substantiam
498 1559 526 1606 et
537 1559 630 1607 totam
645 1560 789 1607 naturam.
829 1549 858 1606 N
860 1568 899 1606 on
910 1550 998 1622 igitur
1010 1567 1162 1606 summum
1174 1549 1287 1607 bonum

185 1650 269 1710 esset,
287 1638 354 1695 sire
371 1637 416 1694 vel
437 1635 589 1693 intellectu
615 1637 663 1693 illa
676 1654 774 1694 carere
788 1647 886 1708 posset
895 1637 920 1693 ’'.
970 1637 1062 1708 Quod
1075 1646 1288 1708 argumentum

185 1729 227 1786 sic
241 1727 366 1784 breviter
379 1725 562 1782 contrahitur
578 1746 583 1781 :
604 1725 790 1782 “Summum
803 1725 917 1783 bonum
930 1734 974 1783 est
987 1743 1102 1782 summe
1115 1725 1288 1782 diffusivum

185 1815 245 1883 sui;
271 1812 353 1885 atqui
369 1812 451 1868 Deus
472 1829 532 1867 non
552 1821 651 1882 potest
671 1829 736 1869 esse
755 1829 872 1869 summe
889 1811 1066 1881 diffundere,
1083 1811 1139 1868 nisi
1159 1812 1237 1870 intra
1257 1831 1288 1870 se

185 1902 260 1960 duas
274 1917 415 1972 personas
426 1898 571 1970 producat
582 1898 637 1956 sibi
652 1899 928 1970 consubstantiales,
941 1899 1050 1971 quibus
1060 1900 1194 1970 seipsum
1208 1919 1288 1958 com-

186 1988 328 2056 municet,
343 1985 450 2042 Filium
465 2002 504 2041 se.
522 1984 569 2041 cui
584 2002 648 2042 sese
661 1985 864 2043 communicat
877 2003 930 2058 per
939 1986 1063 2043 modum
1077 1987 1288 2058 generationis,

185 2086 214 2133 et
228 2073 379 2146 Spiritum,
393 2072 441 2129 cui
455 2089 486 2128 se
499 2072 702 2130 communicat
715 2091 767 2144 per
777 2073 900 2130 modum
916 2073 1101 2146 spirationis;
1121 2075 1288 2133 communi-

185 2163 262 2220 catio
276 2162 355 2219 enim
365 2159 506 2217 creaturis
521 2159 597 2217 iacta
609 2161 775 2218 necessario
789 2170 833 2219 est
844 2161 926 2219 finita
940 2172 969 2220 et
979 2162 1162 2234 imperfedta.
1193 2165 1287 2234 Argu-

186 2259 321 2306 mentum
334 2257 449 2304 nonest
463 2256 563 2303 tamen
573 2247 789 2319 apodicticunn
803 2266 880 2319 nam,
894 2258 925 2305 ut
935 2248 976 2306 ait
990 2249 1170 2306 S.Th0mas1
1184 2271 1191 2308 :
1206 2253 1222 2280 “
1232 2251 1287 2308 Bo·

186 2336 261 2392 nitas
275 2334 391 2391 infinita
403 2333 459 2390 Dei
474 2334 678 2391 manifestatur
692 2335 781 2392 etiam
795 2335 825 2391 in
839 2336 1038 2407 productione
1051 2349 1202 2408 creaturae,
1219 2339 1288 2409 quia

188 2422 311 2479 infinitae
322 2421 436 2478 virtutis
447 2430 491 2477 est
505 2438 540 2477 ex
553 2422 646 2478 nihilo
656 2423 830 2494 producere.
870 2423 940 2481 Non
954 2424 1033 2481 enim
1047 2435 1176 2496 oportet,
1190 2425 1213 2482 si
1225 2426 1288 2481 infi-

185 2509 247 2568 nita
265 2509 398 2567 bonitate
416 2525 447 2564 se
461 2508 673 2580 communicet,
690 2509 772 2580 quod
785 2510 899 2581 aliquid
912 2511 1089 2569 infinituma
1104 2514 1171 2570 Deo
1186 2531 1287 2585 proce·

185 2599 244 2666 dat,
258 2596 311 2654 sed
332 2595 604 2668 quodsecundum
627 2596 751 2654 modum
770 2614 857 2654 suum
880 2598 1002 2671 recipiat
1022 2598 1153 2657 divinam
1173 2600 1287 2659 bonita-

184 2685 277 2744 tem''·.
318 2683 457 2750 Aliunde,
469 2682 538 2740 licet
553 2685 636 2742 Deus
650 2685 687 2741 sit
704 2683 819 2742 infinite
834 2684 940 2753 bonus,
957 2704 1017 2744 non
1031 2696 1148 2745 tenetur
1167 2687 1285 2745 infinito

186 2771 277 2830 modo
289 2788 372 2828 suam
388 2770 551 2827 bonitatem
565 2768 762 2825 manifestare.

230 2924 294 2973 112.
340 2911 515 2991 Angelicus
529 2920 641 2971 autem
658 2909 779 2971 Dotior
792 2910 861 2990 ipse
877 2911 966 2974 aliud
984 2911 1226 2973 convenientiae
1239 2933 1286 2974 ar-

185 3024 381 3098 gumentum
400 3015 471 3076 fuse
486 3014 609 3076 evolvit
625 3013 656 3093 (I
674 3035 703 3094 p.
720 3033 749 3094 q.
773 3013 895 3094 27·31)‚
906 3014 1095 3080 successive
1112 3014 1287 3095 probando

186 3119 268 3180 duas
284 3138 355 3179 esse
372 3118 404 3177 in
423 3118 496 3178 Deo
512 3118 749 3197 processiones
764 3137 808 3177 ex
832 3116 895 3177 illis
919 3117 1187 3197 processionibus
1211 3119 1286 3179 oriri

185 3232 252 3285 tres
267 3220 442 3281 relationes
459 3219 590 3283 realiter
605 3218 788 3295 distindtas,
804 3240 879 3300 quae
895 3228 961 3281 tres
976 3220 1106 3283 divinas
1123 3240 1284 3301 personas

186 3325 400 3388 constituunt.
1041 3325 1043 3330 ’
1199 3337 1202 3341 ’

229 3490 293 3554 113.
340 3474 399 3555 (Α)
427 3477 508 3537 Duae
534 3484 611 3537 sunt
636 3477 668 3537 in
698 3476 771 3537 Deo
799 3461 1286 3557 processiones'immanentes

185 3589 217 3640 ct
244 3579 319 3639 duae
346 3587 476 3639 tantum
506 3600 512 3640 :
550 3578 599 3659 (a)
619 3581 691 3640 duce
716 3588 794 3640 sunt
819 3602 831 3642 :
867 3599 944 3639 nam
972 3579 1046 3640 Deo
1072 3579 1285 3644 tribuendum

184 3692 243 3755 est,
272 3691 305 3742 et
337 3682 471 3762 quidem
504 3703 636 3743 summo
663 3684 777 3763 gradu,
801 3682 963 3764 quidquid
994 3681 1208 3764 perfeetionis
1239 3687 1286 3748 in·

182 3786 312 3848 venitur
345 3785 377 3845 in
412 3786 569 3847 creaturis
600 3783 895 3863 intellectualibu33
934 3787 1025 3867 atqui
1062 3786 1094 3848 in
1128 3790 1286 3851 creaturis

182 3884 459 3972 intellectualibus
494 3890 568 3950 duae
602 3899 679 3951 sunt
717 3890 943 3969 processiones
982 3890 1214 3966 immanentes
1243 3913 1285 3955 sc.

180 3990 337 4070 cogitabo,
362 4010 436 4070 quae
462 3990 505 4051 ab
532 3988 702 4053 intellectu
735 3994 913 4073 procedit2‚
940 4002 973 4055 et
998 4013 1093 4055 aanor
1118 4014 1138 4055 a
1167 3995 1285 4058 volun·

215 4178 310 4228 ¹Sum.
327 4176 425 4228 Theol.
440 4175 450 4227 l
466 4193 492 4243 p.
509 4193 535 4246 q.
553 4191 594 4242 32,
612 4194 635 4228 a.
655 4177 718 4229 rad
732 4192 755 4232 2.

213 4260 431 4332 ²“Quicumque
444 4273 539 4317 autem
552 4262 689 4331 intelligit,
703 4280 737 4318 ex
757 4264 813 4319 hoc
832 4265 894 4335 ipso
913 4263 989 4335 quod
1008 4263 1147 4332 intelligit,
1159 4268 1287 4334 procedit
