2684 4620
536 163 592 213 DE
610 163 797 214 HOMINE.
1154 161 1220 212 399

111 356 194 401 nam
212 340 372 404 destinati
389 342 518 407 suetant
530 345 572 407 ad
587 343 685 408 finem
703 345 998 427 supernaturalem,
1010 365 1077 426 quo
1090 347 1219 427 privan-

112 450 178 519 tur,
195 455 240 520 et,
253 446 316 508 sub
331 446 394 509 hoc
410 447 570 530 respebtu,
586 451 618 512 in
636 461 725 514 statu
741 452 964 514 damnationis
979 459 1064 512 sunt.
1111 450 1220 525 Unde,

115 565 340 630 quaecumque
377 551 490 631 opinio
527 553 731 633 speculative
768 563 929 630 teneatur,
967 553 1105 634 urgendi
1144 562 1221 616 sunt

117 660 275 730 parentes
291 662 328 717 ut
343 654 487 718 infantes
503 656 691 737 baptizatos
714 678 815 740 quarn
836 658 994 721 citissime
1009 656 1163 732 habeant,
1179 677 1220 720 ne

117 758 243 816 aeterna
261 755 466 821 beatitudine
480 760 721 840 supernaturali
738 770 878 823 careant.

252 930 268 1021 ᾗ
295 935 352 998 IV.
377 937 434 999 Da
457 949 672 1002 concororn
695 951 911 1002 orrrnunms
936 952 1090 1002 rnecnrr

531 1054 610 1104 cun
635 1055 810 1105 annona.

160 1189 232 1256 206.
282 1193 464 1276 Hucusque
477 1196 519 1257 de
531 1196 657 1276 peccati
671 1195 839 1277 originalis
851 1196 1039 1271 existentia,
1053 1197 1170 1257 natura
1185 1204 1219 1257 et

119 1291 294 1357 effeiiibus
310 1297 550 1379 disputavimus
565 1321 572 1376 ;
594 1298 647 1362 hic
664 1309 775 1362 autern
795 1310 970 1362 occurrunt
988 1298 1219 1361 Rationalistae

119 1406 151 1459 et
169 1397 323 1477 Unitarii,
338 1413 521 1466 asserentes
538 1402 638 1466 talem
656 1402 841 1467 dottrinam
859 1424 930 1466 esse
946 1405 1083 1465 omnino
1100 1404 1218 1466 rationi

118 1501 310 1581 oppositam
323 1515 344 1579 1,
355 1512 388 1565 et
399 1514 572 1585 peccatum
585 1505 746 1586 originale
763 1526 946 1587 repugnare
959 1514 1030 1569 turn
1044 1507 1076 1568 in
1090 1527 1133 1582 se,
1146 1516 1217 1570 turn

119 1603 223 1666 modo
246 1625 313 1685 quo
336 1609 579 1671 transmittitur.
630 1623 661 1670 10
678 1610 858 1691 Repugnat
880 1611 914 1672 in
937 1631 977 1685 se,
996 1611 1074 1690 quia
1081 1610 1219 1690 justitia

119 1707 184 1769 Dei
200 1728 267 1771 non
284 1719 394 1790 potest
410 1713 600 1793 permittere
617 1724 653 1776 ut
671 1715 863 1776 innocentes
888 1715 931 1776 ob
952 1724 1124 1802 peccatum
1142 1715 1218 1776 alie·
1308 1750 1312 1758 ·

118 1829 200 1871 num
218 1813 397 1891 puniantur
410 1837 417 1892 ;
441 1835 501 1877 nec
523 1817 683 1896 snpientia
706 1816 777 1896 ejus
800 1826 836 1878 ut
860 1817 903 1878 ob
928 1816 1125 1879 levissimam
1143 1837 1218 1879 cau-

117 1933 202 1988 sam,
217 1934 322 1994 genus
338 1915 521 1980 humanum
540 1920 570 1981 in
589 1920 742 1982 deteriori
765 1920 956 1982 conditione
973 1929 1135 2001 ponatur;
1158 1941 1218 1982 nec

117 2016 191 2095 ejus
215 2017 347 2096 bonitas,
363 2031 399 2083 ut
423 2042 481 2102 per
503 2043 606 2085 unum
630 2033 813 2104 peccatum,
837 2033 908 2086 tota
932 2006 1049 2086 natura
1072 2023 1218 2086 humana

117 2131 357 2202 corrumpatur.

163 2235 201 2284 20
225 2223 364 2307 Insuper
387 2239 549 2309 repugnat
575 2230 683 2310 quoad
702 2230 831 2292 moduni
855 2229 1117 2305 transmissionis,
1140 2231 1218 2310 quia

119 2325 189 2388 fieri
212 2330 327 2409 nequit
346 2331 549 2411 spiritualem
575 2333 739 2395 maculam
760 2355 818 2416 per
840 2335 1087 2414 generationem
1113 2344 1217 2396 trans-

119 2430 217 2493 mitti.
263 2431 320 2494 Ad
336 2432 511 2496 solvendas
524 2433 596 2496 illas
610 2433 821 2496 difficultates
834 2435 1048 2515 probabimus
1059 2435 1218 2515 originale

119 2542 295 2614 peccatum
312 2556 376 2598 non
392 2558 575 2619 repugnare
592 2558 699 2618 neque
716 2538 748 2598 in
766 2558 809 2614 se,
826 2558 932 2619 neque
954 2539 1063 2618 quoad
1081 2540 1216 2600 modum

120 2638 386 2703 transmissionis.

426 2792 453 2849 l.
480 2791 562 2850 Non
586 2796 776 2864 repugnat
799 2792 838 2849 in
862 2806 914 2850 se.

161 2945 232 3015 207.
282 2931 442 2997 Dodtrina
464 2934 627 2997 catholica
650 2934 691 2996 de
715 2945 853 3016 peccato
874 2934 1025 3016 originali
1042 2956 1106 2997 non
1125 2957 1218 3018 repu-

120 3047 201 3118 gnat
226 3037 346 3100 divinis
369 3038 545 3113 attributis,
569 3038 626 3100 sed
651 3021 766 3119 potest
786 3038 953 3100 conciliari
982 3059 1056 3100 cum
1082 3039 1219 3120 justitia,

121 3140 290 3222 sapientia,
307 3149 339 3202 et
356 3139 507 3203 bonitate
523 3141 643 3202 divina.

167 3257 199 3305 10
229 3243 304 3304 Non
333 3253 496 3324 repugnat
512 3243 662 3323 sicstitice.
717 3245 772 3305 Ex
805 3242 902 3307 ditiis
929 3245 1017 3306 enirn
1046 3256 1218 3327 peccatum

119 3346 281 3430 originale
298 3367 363 3408 non
381 3357 430 3409 est
446 3347 525 3428 quid
543 3348 731 3427 positivum,
748 3349 806 3410 sed
824 3348 930 3409 solum
949 3350 1089 3431 privatio
1105 3352 1219 3432 gratiae

118 3463 150 3516 et
163 3454 329 3515 donorum
344 3450 642 3532 supernaturalium
660 3470 716 3511 seu
731 3452 776 3511 rei
790 3451 947 3513 indebitae
959 3473 965 3527 ;
979 3452 1128 3532 jamvero
1145 3454 1220 3515 talis

117 3539 263 3641 privatio
284 3575 350 3617 non
373 3565 424 3616 est
444 3555 567 3635 injusta
580 3577 586 3630 ;
609 3555 635 3614 si
660 3555 748 3615 enirn
771 3564 857 3617 esset
881 3554 1013 3635 injusta,
1030 3556 1110 3618 illud
1134 3568 1221 3620 esset

116 3663 197 3744 quia
214 3660 307 3722 Deus
320 3658 374 3739 jus
391 3679 456 3720 non
475 3658 611 3719 haberet
628 3657 817 3719 conferendi
836 3657 890 3720 illa
910 3659 999 3720 dona
1023 3661 1124 3722 modo
1143 3682 1220 3723 con-

152 3869 161 3901 1
177 3861 241 3913 Nec
253 3859 410 3928 berugnitas
422 3859 479 3910 Dei
490 3858 645 3910 concedere
658 3868 759 3927 potest,
772 3867 802 3910 ut
820 3874 869 3926 per
888 3858 968 3910 unius
988 3858 1109 3911 hominis
1123 3875 1220 3926 pecca-

115 3959 176 4003 tum
190 3946 321 4000 universa
334 3945 479 3999 hominum
492 3956 592 3999 natura
605 3956 798 4014 corrumpatur
811 3956 838 3998 et
851 3945 1033 4013 depravetur3
1047 3962 1099 3998 nec
1112 3949 1220 4014 sapien.

116 4038 159 4089 tia
182 4033 240 4105 pati
263 4043 292 4088 ut
314 4049 384 4102 opus
404 4033 440 4085 ab
461 4033 540 4085 initio
561 4030 800 4101 praestantissimis
820 4030 986 4085 instruitum
1006 4031 1117 4085 dotibus
1137 4031 1221 4101 paulo

117 4135 190 4193 post,
199 4123 236 4176 ob
249 4137 365 4175 causam
378 4121 550 4174 levissimam
564 4121 591 4172 in
606 4121 689 4188 plane
702 4120 786 4173 aliam
798 4118 1018 4188 deterioremque
1031 4119 1221 4172 conditionem

118 4210 351 4272 transformetur3
370 4224 421 4261 nec
432 4210 552 4278 justitia
573 4207 626 4261 Dei
646 4207 770 4262 admittit
788 4217 819 4261 ut
838 4206 1008 4262 innocentes
1025 4208 1064 4261 ob
1079 4216 1237 4277 peccatum

113 4299 237 4350 alienum
248 4295 402 4363 puniantur
411 4297 426 4323 ’²
460 4296 692 4368 (thrsclteriien
711 4301 783 4354 lnst.
799 4299 890 4355 theol.
907 4296 1018 4369 ξιη).
