<?xml version="1.0" encoding="UTF-8"?>
<!DOCTYPE html PUBLIC "-//W3C//DTD XHTML 1.0 Transitional//EN"
    "http://www.w3.org/TR/xhtml1/DTD/xhtml1-transitional.dtd">
<html xmlns="http://www.w3.org/1999/xhtml" xml:lang="en" lang="en">
 <head>
  <title>
</title>
<meta http-equiv="Content-Type" content="text/html;charset=utf-8" />
  <meta name='ocr-system' content='tesseract 3.04.00' />
  <meta name='ocr-capabilities' content='ocr_page ocr_carea ocr_par ocr_line ocrx_word'/>
</head>
<body>
  <div class='ocr_page' id='page_1' title='image "./synopsistheolog00tanqgoog_0599.png"; bbox 0 0 2684 4634; ppageno 0'>
   <div class='ocr_carea' id='block_1_1' title="bbox 204 190 854 246">
    <p class='ocr_par' dir='ltr' id='par_1_1' title="bbox 204 190 854 246">
     <span class='ocr_line' id='line_1_1' title="bbox 204 190 854 246; baseline -0.011 0"><span class='ocrx_word' id='word_1_1' title='bbox 204 195 270 246; x_wconf 88' lang='grc'>578</span> <span class='ocrx_word' id='word_1_2' title='bbox 644 191 784 243; x_wconf 81' lang='lat' dir='ltr'>CAPUT</span> <span class='ocrx_word' id='word_1_3' title='bbox 800 190 854 239; x_wconf 89' lang='lat' dir='ltr'>1v.</span> 
     </span>
    </p>
   </div>
   <div class='ocr_carea' id='block_1_2' title="bbox 203 362 1338 756">
    <p class='ocr_par' dir='ltr' id='par_1_2' title="bbox 203 362 1338 756">
     <span class='ocr_line' id='line_1_2' title="bbox 203 362 1287 451; baseline -0.006 -21"><span class='ocrx_word' id='word_1_4' title='bbox 203 369 343 451; x_wconf 90' lang='lat' dir='ltr'>injurias,</span> <span class='ocrx_word' id='word_1_5' title='bbox 359 378 430 431; x_wconf 92' lang='lat' dir='ltr'>tum</span> <span class='ocrx_word' id='word_1_6' title='bbox 454 390 473 429; x_wconf 88' lang='lat' dir='ltr'>a</span> <span class='ocrx_word' id='word_1_7' title='bbox 496 368 591 429; x_wconf 91' lang='lat' dir='ltr'>nobis</span> <span class='ocrx_word' id='word_1_8' title='bbox 613 377 684 431; x_wconf 91' lang='lat' dir='ltr'>tum</span> <span class='ocrx_word' id='word_1_9' title='bbox 705 368 748 430; x_wconf 91' lang='lat' dir='ltr'>ab</span> <span class='ocrx_word' id='word_1_10' title='bbox 771 367 843 430; x_wconf 91' lang='lat' dir='ltr'>aliis</span> <span class='ocrx_word' id='word_1_11' title='bbox 862 363 1012 439; x_wconf 63' lang='lat' dir='ltr'>inflictas,</span> <span class='ocrx_word' id='word_1_12' title='bbox 1028 363 1230 445; x_wconf 84' lang='lat' dir='ltr'>compellere</span> <span class='ocrx_word' id='word_1_13' title='bbox 1246 362 1287 425; x_wconf 90' lang='lat' dir='ltr'>de·</span> 
     </span>
     <span class='ocr_line' id='line_1_3' title="bbox 203 467 1338 552; baseline -0.005 -19"><span class='ocrx_word' id='word_1_14' title='bbox 203 472 305 534; x_wconf 84' lang='lat' dir='ltr'>bent?</span> <span class='ocrx_word' id='word_1_15' title='bbox 352 470 437 552; x_wconf 83' lang='lat' dir='ltr'>Quae</span> <span class='ocrx_word' id='word_1_16' title='bbox 452 470 587 551; x_wconf 90' lang='lat' dir='ltr'>quidem</span> <span class='ocrx_word' id='word_1_17' title='bbox 608 470 717 532; x_wconf 88' lang='lat' dir='ltr'>officia</span> <span class='ocrx_word' id='word_1_18' title='bbox 737 470 969 550; x_wconf 90' lang='lat' dir='ltr'>persolvuntur</span> <span class='ocrx_word' id='word_1_19' title='bbox 991 468 1180 550; x_wconf 74' lang='lat' dir='ltr'>praesertim</span> <span class='ocrx_word' id='word_1_20' title='bbox 1200 467 1232 529; x_wconf 93' lang='lat' dir='ltr'>in</span> <span class='ocrx_word' id='word_1_21' title='bbox 1251 486 1290 527; x_wconf 89' lang='lat' dir='ltr'>so·</span> <span class='ocrx_word' id='word_1_22' title='bbox 1337 498 1338 516; x_wconf 68' lang='lat'>2</span> 
     </span>
     <span class='ocr_line' id='line_1_4' title="bbox 204 567 1291 654; baseline -0.006 -19"><span class='ocrx_word' id='word_1_23' title='bbox 204 574 304 637; x_wconf 91' lang='lat' dir='ltr'>lemni</span> <span class='ocrx_word' id='word_1_24' title='bbox 320 573 404 635; x_wconf 85' lang='lat' dir='ltr'>festo</span> <span class='ocrx_word' id='word_1_25' title='bbox 422 572 481 637; x_wconf 80' lang='lat' dir='ltr'>SS.</span> <span class='ocrx_word' id='word_1_26' title='bbox 497 572 614 636; x_wconf 90' lang='lat' dir='ltr'>Cordis</span> <span class='ocrx_word' id='word_1_27' title='bbox 629 573 708 654; x_wconf 89' lang='lat' dir='ltr'>Jesu</span> <span class='ocrx_word' id='word_1_28' title='bbox 722 585 743 649; x_wconf 86' lang='lat'>1,</span> <span class='ocrx_word' id='word_1_29' title='bbox 757 580 792 635; x_wconf 91' lang='lat' dir='ltr'>et</span> <span class='ocrx_word' id='word_1_30' title='bbox 812 594 832 634; x_wconf 88' lang='lat' dir='ltr'>a</span> <span class='ocrx_word' id='word_1_31' title='bbox 850 573 913 654; x_wconf 90' lang='lat' dir='ltr'>piis</span> <span class='ocrx_word' id='word_1_32' title='bbox 933 571 1084 653; x_wconf 89' lang='lat' dir='ltr'>personis</span> <span class='ocrx_word' id='word_1_33' title='bbox 1101 571 1212 652; x_wconf 73' lang='lat' dir='ltr'>prima</span> <span class='ocrx_word' id='word_1_34' title='bbox 1226 567 1291 630; x_wconf 72' lang='lat' dir='ltr'>serii</span> 
     </span>
     <span class='ocr_line' id='line_1_5' title="bbox 203 674 638 756; baseline 0 -18"><span class='ocrx_word' id='word_1_35' title='bbox 203 681 300 738; x_wconf 70' lang='lat' dir='ltr'>sexta</span> <span class='ocrx_word' id='word_1_36' title='bbox 316 674 492 756; x_wconf 90' lang='lat' dir='ltr'>cujuslibet</span> <span class='ocrx_word' id='word_1_37' title='bbox 508 676 638 738; x_wconf 90' lang='lat' dir='ltr'>mensis.</span> 
     </span>
    </p>
   </div>
   <div class='ocr_carea' id='block_1_3' title="bbox 173 830 1338 2043">
    <p class='ocr_par' dir='ltr' id='par_1_3' title="bbox 173 830 1338 2043">
     <span class='ocr_line' id='line_1_6' title="bbox 245 830 1294 915; baseline -0.007 -19"><span class='ocrx_word' id='word_1_38' title='bbox 245 832 314 896; x_wconf 87' lang='lat'><strong>262.</strong></span> <span class='ocrx_word' id='word_1_39' title='bbox 362 833 417 894; x_wconf 89' lang='lat' dir='ltr'>Ex</span> <span class='ocrx_word' id='word_1_40' title='bbox 433 832 496 894; x_wconf 94' lang='lat' dir='ltr'>hoc</span> <span class='ocrx_word' id='word_1_41' title='bbox 512 832 650 915; x_wconf 87' lang='lat' dir='ltr'>intelligi</span> <span class='ocrx_word' id='word_1_42' title='bbox 667 833 765 896; x_wconf 91' lang='lat' dir='ltr'>datur</span> <span class='ocrx_word' id='word_1_43' title='bbox 780 852 934 914; x_wconf 87' lang='lat' dir='ltr'>quaenam</span> <span class='ocrx_word' id='word_1_44' title='bbox 951 833 993 894; x_wconf 92' lang='lat' dir='ltr'>sit</span> <span class='ocrx_word' id='word_1_45' title='bbox 1009 830 1204 895; x_wconf 86' lang='lat' dir='ltr'>differentia</span> <span class='ocrx_word' id='word_1_46' title='bbox 1223 831 1294 891; x_wconf 89' lang='lat' dir='ltr'>inter</span> 
     </span>
     <span class='ocr_line' id='line_1_7' title="bbox 173 926 1294 1016; baseline -0.005 -18"><span class='ocrx_word' id='word_1_47' title='bbox 173 926 175 930; x_wconf 64' lang='grc'><strong>’</strong></span> <span class='ocrx_word' id='word_1_48' title='bbox 202 937 328 1000; x_wconf 89' lang='lat' dir='ltr'>cultum</span> <span class='ocrx_word' id='word_1_49' title='bbox 353 937 412 1001; x_wconf 91' lang='lat' dir='ltr'>SS.</span> <span class='ocrx_word' id='word_1_50' title='bbox 435 937 552 1000; x_wconf 90' lang='lat' dir='ltr'>Cordis</span> <span class='ocrx_word' id='word_1_51' title='bbox 575 946 609 999; x_wconf 89' lang='lat' dir='ltr'>et</span> <span class='ocrx_word' id='word_1_52' title='bbox 635 937 760 1000; x_wconf 89' lang='lat' dir='ltr'>cultum</span> <span class='ocrx_word' id='word_1_53' title='bbox 786 937 819 1002; x_wconf 89' lang='lat' dir='ltr'>S.</span> <span class='ocrx_word' id='word_1_54' title='bbox 841 936 1079 999; x_wconf 66' lang='lat' dir='ltr'>Eucharistiae:</span> <span class='ocrx_word' id='word_1_55' title='bbox 1106 935 1156 1016; x_wconf 84' lang='lat' dir='ltr'>(a)</span> <span class='ocrx_word' id='word_1_56' title='bbox 1180 934 1294 995; x_wconf 88' lang='lat' dir='ltr'>ratione</span> 
     </span>
     <span class='ocr_line' id='line_1_8' title="bbox 202 1036 1294 1122; baseline -0.005 -20"><span class='ocrx_word' id='word_1_57' title='bbox 202 1039 314 1122; x_wconf 60' lang='lat' dir='ltr'>objecti</span> <span class='ocrx_word' id='word_1_58' title='bbox 333 1039 535 1113; x_wconf 81' lang='lat' dir='ltr'>materialis;</span> <span class='ocrx_word' id='word_1_59' title='bbox 562 1038 731 1120; x_wconf 64' lang='lat' dir='ltr'>objectum</span> <span class='ocrx_word' id='word_1_60' title='bbox 755 1039 843 1101; x_wconf 89' lang='lat' dir='ltr'>enim</span> <span class='ocrx_word' id='word_1_61' title='bbox 867 1039 983 1120; x_wconf 91' lang='lat' dir='ltr'>prioris</span> <span class='ocrx_word' id='word_1_62' title='bbox 1005 1049 1057 1101; x_wconf 89' lang='lat' dir='ltr'>est</span> <span class='ocrx_word' id='word_1_63' title='bbox 1081 1037 1149 1101; x_wconf 90' lang='lat' dir='ltr'>Cor</span> <span class='ocrx_word' id='word_1_64' title='bbox 1175 1036 1294 1110; x_wconf 83' lang='lat' dir='ltr'>Christi,</span> 
     </span>
     <span class='ocr_line' id='line_1_9' title="bbox 203 1138 1294 1223; baseline -0.006 -19"><span class='ocrx_word' id='word_1_65' title='bbox 203 1143 282 1204; x_wconf 91' lang='lat' dir='ltr'>dum</span> <span class='ocrx_word' id='word_1_66' title='bbox 299 1140 466 1223; x_wconf 70' lang='lat' dir='ltr'>objedtum</span> <span class='ocrx_word' id='word_1_67' title='bbox 483 1142 672 1223; x_wconf 92' lang='lat' dir='ltr'>posterioris</span> <span class='ocrx_word' id='word_1_68' title='bbox 688 1151 739 1204; x_wconf 92' lang='lat' dir='ltr'>est</span> <span class='ocrx_word' id='word_1_69' title='bbox 754 1151 862 1204; x_wconf 92' lang='lat' dir='ltr'>totum</span> <span class='ocrx_word' id='word_1_70' title='bbox 879 1141 1008 1223; x_wconf 89' lang='lat' dir='ltr'>Corpus</span> <span class='ocrx_word' id='word_1_71' title='bbox 1024 1139 1149 1204; x_wconf 91' lang='lat' dir='ltr'>Christi</span> <span class='ocrx_word' id='word_1_72' title='bbox 1164 1163 1171 1219; x_wconf 90' lang='grc'>;</span> <span class='ocrx_word' id='word_1_73' title='bbox 1191 1138 1241 1219; x_wconf 80' lang='lat' dir='ltr'>(b)</span> <span class='ocrx_word' id='word_1_74' title='bbox 1255 1157 1294 1198; x_wconf 90' lang='lat' dir='ltr'>ra·</span> 
     </span>
     <span class='ocr_line' id='line_1_10' title="bbox 204 1228 1296 1325; baseline -0.005 -18"><span class='ocrx_word' id='word_1_75' title='bbox 204 1246 293 1307; x_wconf 91' lang='lat' dir='ltr'>tione</span> <span class='ocrx_word' id='word_1_76' title='bbox 309 1244 420 1324; x_wconf 69' lang='lat' dir='ltr'>oby&#39;ebii</span> <span class='ocrx_word' id='word_1_77' title='bbox 428 1243 608 1323; x_wconf 65' lang='lat' dir='ltr'>formalis:</span> <span class='ocrx_word' id='word_1_78' title='bbox 632 1245 793 1305; x_wconf 92' lang='lat' dir='ltr'>motivum</span> <span class='ocrx_word' id='word_1_79' title='bbox 814 1228 873 1305; x_wconf 86' lang='lat' dir='ltr'>cur</span> <span class='ocrx_word' id='word_1_80' title='bbox 895 1235 1082 1325; x_wconf 76' lang='lat' dir='ltr'>specialiter</span> <span class='ocrx_word' id='word_1_81' title='bbox 1100 1241 1223 1305; x_wconf 88' lang='lat' dir='ltr'>colitur</span> <span class='ocrx_word' id='word_1_82' title='bbox 1241 1240 1296 1303; x_wconf 91' lang='lat' dir='ltr'>Cor</span> 
     </span>
     <span class='ocr_line' id='line_1_11' title="bbox 204 1344 1338 1429; baseline -0.006 -18"><span class='ocrx_word' id='word_1_83' title='bbox 204 1348 325 1412; x_wconf 86' lang='lat' dir='ltr'>Christi</span> <span class='ocrx_word' id='word_1_84' title='bbox 342 1367 408 1409; x_wconf 92' lang='lat' dir='ltr'>non</span> <span class='ocrx_word' id='word_1_85' title='bbox 424 1356 475 1409; x_wconf 91' lang='lat' dir='ltr'>est</span> <span class='ocrx_word' id='word_1_86' title='bbox 489 1347 597 1409; x_wconf 90' lang='lat' dir='ltr'>solum</span> <span class='ocrx_word' id='word_1_87' title='bbox 613 1346 762 1427; x_wconf 84' lang='lat' dir='ltr'>ejusdem</span> <span class='ocrx_word' id='word_1_88' title='bbox 779 1347 859 1408; x_wconf 91' lang='lat' dir='ltr'>unio</span> <span class='ocrx_word' id='word_1_89' title='bbox 870 1346 1082 1429; x_wconf 89' lang='lat' dir='ltr'>hypostatica</span> <span class='ocrx_word' id='word_1_90' title='bbox 1094 1365 1172 1408; x_wconf 92' lang='lat' dir='ltr'>curn</span> <span class='ocrx_word' id='word_1_91' title='bbox 1186 1344 1296 1414; x_wconf 90' lang='lat' dir='ltr'>Verbo,</span> <span class='ocrx_word' id='word_1_92' title='bbox 1336 1384 1338 1395; x_wconf 85' lang='lat'>·</span> 
     </span>
     <span class='ocr_line' id='line_1_12' title="bbox 203 1448 1297 1531; baseline -0.005 -20"><span class='ocrx_word' id='word_1_93' title='bbox 203 1451 261 1513; x_wconf 90' lang='lat' dir='ltr'>sed</span> <span class='ocrx_word' id='word_1_94' title='bbox 277 1450 377 1512; x_wconf 90' lang='lat' dir='ltr'>ctiam</span> <span class='ocrx_word' id='word_1_95' title='bbox 396 1448 543 1512; x_wconf 89' lang='lat' dir='ltr'>infinitus</span> <span class='ocrx_word' id='word_1_96' title='bbox 559 1449 661 1530; x_wconf 91' lang='lat' dir='ltr'>ipsius</span> <span class='ocrx_word' id='word_1_97' title='bbox 677 1468 770 1510; x_wconf 87' lang='lat' dir='ltr'>amor</span> <span class='ocrx_word' id='word_1_98' title='bbox 786 1467 865 1531; x_wconf 81' lang='lat' dir='ltr'>erga</span> <span class='ocrx_word' id='word_1_99' title='bbox 881 1469 950 1525; x_wconf 88' lang='lat' dir='ltr'>nos,</span> <span class='ocrx_word' id='word_1_100' title='bbox 966 1449 1047 1511; x_wconf 93' lang='lat' dir='ltr'>dum</span> <span class='ocrx_word' id='word_1_101' title='bbox 1067 1448 1234 1510; x_wconf 88' lang='lat' dir='ltr'>motivum</span> <span class='ocrx_word' id='word_1_102' title='bbox 1248 1465 1297 1507; x_wconf 91' lang='lat' dir='ltr'>cur</span> 
     </span>
     <span class='ocr_line' id='line_1_13' title="bbox 203 1549 1297 1633; baseline -0.005 -18"><span class='ocrx_word' id='word_1_103' title='bbox 203 1552 321 1615; x_wconf 90' lang='lat' dir='ltr'>colitur</span> <span class='ocrx_word' id='word_1_104' title='bbox 336 1551 407 1632; x_wconf 89' lang='lat' dir='ltr'>ejus</span> <span class='ocrx_word' id='word_1_105' title='bbox 423 1551 551 1633; x_wconf 90' lang='lat' dir='ltr'>Corpus</span> <span class='ocrx_word' id='word_1_106' title='bbox 567 1552 599 1612; x_wconf 93' lang='lat' dir='ltr'>in</span> <span class='ocrx_word' id='word_1_107' title='bbox 618 1551 827 1614; x_wconf 70' lang='lat' dir='ltr'>Eucharistia</span> <span class='ocrx_word' id='word_1_108' title='bbox 839 1561 891 1614; x_wconf 88' lang='lat' dir='ltr'>est</span> <span class='ocrx_word' id='word_1_109' title='bbox 902 1550 1096 1633; x_wconf 88' lang='lat' dir='ltr'>simpliciter</span> <span class='ocrx_word' id='word_1_110' title='bbox 1108 1551 1190 1612; x_wconf 94' lang='lat' dir='ltr'>unio</span> <span class='ocrx_word' id='word_1_111' title='bbox 1201 1549 1297 1630; x_wconf 92' lang='lat' dir='ltr'>hypo-</span> 
     </span>
     <span class='ocr_line' id='line_1_14' title="bbox 203 1648 1296 1734; baseline -0.005 -19"><span class='ocrx_word' id='word_1_112' title='bbox 203 1656 322 1717; x_wconf 87' lang='lat' dir='ltr'>statica</span> <span class='ocrx_word' id='word_1_113' title='bbox 347 1653 434 1716; x_wconf 89' lang='lat' dir='ltr'>illius</span> <span class='ocrx_word' id='word_1_114' title='bbox 458 1653 613 1734; x_wconf 90' lang='lat' dir='ltr'>Corporis</span> <span class='ocrx_word' id='word_1_115' title='bbox 637 1672 713 1715; x_wconf 90' lang='lat' dir='ltr'>cum</span> <span class='ocrx_word' id='word_1_116' title='bbox 729 1651 863 1730; x_wconf 87' lang='lat' dir='ltr'>Verb0;</span> <span class='ocrx_word' id='word_1_117' title='bbox 886 1652 935 1734; x_wconf 87' lang='lat' dir='ltr'>(c)</span> <span class='ocrx_word' id='word_1_118' title='bbox 957 1653 1085 1714; x_wconf 89' lang='lat' dir='ltr'>ratione</span> <span class='ocrx_word' id='word_1_119' title='bbox 1097 1651 1210 1732; x_wconf 83' lang='lat' dir='ltr'>finis:</span> <span class='ocrx_word' id='word_1_120' title='bbox 1232 1648 1296 1710; x_wconf 87' lang='lat' dir='ltr'>finis</span> 
     </span>
     <span class='ocr_line' id='line_1_15' title="bbox 204 1750 1338 1837; baseline -0.004 -20"><span class='ocrx_word' id='word_1_121' title='bbox 204 1757 320 1837; x_wconf 89' lang='lat' dir='ltr'>prioris</span> <span class='ocrx_word' id='word_1_122' title='bbox 341 1765 392 1818; x_wconf 90' lang='lat' dir='ltr'>est</span> <span class='ocrx_word' id='word_1_123' title='bbox 413 1775 506 1817; x_wconf 87' lang='lat' dir='ltr'>amor</span> <span class='ocrx_word' id='word_1_124' title='bbox 526 1754 648 1819; x_wconf 90' lang='lat' dir='ltr'>Christi</span> <span class='ocrx_word' id='word_1_125' title='bbox 671 1764 705 1816; x_wconf 87' lang='lat' dir='ltr'>et</span> <span class='ocrx_word' id='word_1_126' title='bbox 727 1755 892 1834; x_wconf 87' lang='lat' dir='ltr'>reparatio</span> <span class='ocrx_word' id='word_1_127' title='bbox 908 1753 1101 1834; x_wconf 87' lang='lat' dir='ltr'>injuriarum</span> <span class='ocrx_word' id='word_1_128' title='bbox 1120 1750 1184 1833; x_wconf 77' lang='lat' dir='ltr'>spsi</span> <span class='ocrx_word' id='word_1_129' title='bbox 1200 1751 1295 1814; x_wconf 90' lang='lat' dir='ltr'>illata·</span> <span class='ocrx_word' id='word_1_130' title='bbox 1336 1778 1338 1787; x_wconf 92' lang='grc'><em>·</em></span> 
     </span>
     <span class='ocr_line' id='line_1_16' title="bbox 204 1854 1295 1938; baseline -0.005 -18"><span class='ocrx_word' id='word_1_131' title='bbox 204 1879 286 1934; x_wconf 87' lang='lat' dir='ltr'>rum,</span> <span class='ocrx_word' id='word_1_132' title='bbox 308 1860 389 1922; x_wconf 92' lang='lat' dir='ltr'>dum</span> <span class='ocrx_word' id='word_1_133' title='bbox 417 1857 491 1919; x_wconf 88' lang='lat' dir='ltr'>finis</span> <span class='ocrx_word' id='word_1_134' title='bbox 515 1857 706 1938; x_wconf 86' lang='lat' dir='ltr'>posterioris</span> <span class='ocrx_word' id='word_1_135' title='bbox 729 1865 779 1918; x_wconf 90' lang='lat' dir='ltr'>est</span> <span class='ocrx_word' id='word_1_136' title='bbox 806 1857 943 1919; x_wconf 88' lang='lat' dir='ltr'>reddere</span> <span class='ocrx_word' id='word_1_137' title='bbox 968 1856 1119 1920; x_wconf 78' lang='lat' dir='ltr'>&#39;debitum</span> <span class='ocrx_word' id='word_1_138' title='bbox 1143 1854 1295 1917; x_wconf 89' lang='lat' dir='ltr'>honorem</span> 
     </span>
     <span class='ocr_line' id='line_1_17' title="bbox 205 1960 849 2043; baseline -0.005 -18"><span class='ocrx_word' id='word_1_139' title='bbox 205 1963 342 2043; x_wconf 89' lang='lat' dir='ltr'>Corpori</span> <span class='ocrx_word' id='word_1_140' title='bbox 359 1960 482 2025; x_wconf 89' lang='lat' dir='ltr'>Christi</span> <span class='ocrx_word' id='word_1_141' title='bbox 499 1962 532 2022; x_wconf 93' lang='lat' dir='ltr'>in</span> <span class='ocrx_word' id='word_1_142' title='bbox 548 1960 643 2022; x_wconf 89' lang='lat' dir='ltr'>altari</span> <span class='ocrx_word' id='word_1_143' title='bbox 660 1960 849 2022; x_wconf 80' lang='lat' dir='ltr'>habitantis,</span> 
     </span>
    </p>
   </div>
   <div class='ocr_carea' id='block_1_4' title="bbox 203 2120 1295 3026">
    <p class='ocr_par' dir='ltr' id='par_1_4' title="bbox 203 2120 1295 3026">
     <span class='ocr_line' id='line_1_18' title="bbox 246 2120 1294 2202; baseline -0.009 -14"><span class='ocrx_word' id='word_1_144' title='bbox 246 2125 315 2200; x_wconf 85' lang='lat'>263.</span> <span class='ocrx_word' id='word_1_145' title='bbox 363 2120 707 2202; x_wconf 74' lang='lat' dir='ltr'>20Esnslegnz‘mitas.</span> <span class='ocrx_word' id='word_1_146' title='bbox 747 2120 879 2183; x_wconf 89' lang='lat' dir='ltr'>Cultum</span> <span class='ocrx_word' id='word_1_147' title='bbox 896 2120 953 2184; x_wconf 87' lang='lat' dir='ltr'>SS.</span> <span class='ocrx_word' id='word_1_148' title='bbox 969 2121 1183 2202; x_wconf 91' lang='lat' dir='ltr'>CordisJesu</span> <span class='ocrx_word' id='word_1_149' title='bbox 1200 2120 1294 2199; x_wconf 91' lang='lat' dir='ltr'>impu·</span> 
     </span>
     <span class='ocr_line' id='line_1_19' title="bbox 203 2223 1295 2309; baseline -0.007 -21"><span class='ocrx_word' id='word_1_150' title='bbox 203 2235 413 2309; x_wconf 83' lang='lat' dir='ltr'>gnaverunt:</span> <span class='ocrx_word' id='word_1_151' title='bbox 445 2225 493 2306; x_wconf 84' lang='lat' dir='ltr'>(a)</span> <span class='ocrx_word' id='word_1_152' title='bbox 514 2223 719 2307; x_wconf 80' lang='lat' dir='ltr'>Jansenz&#39;stce,</span> <span class='ocrx_word' id='word_1_153' title='bbox 745 2225 802 2304; x_wconf 93' lang='lat' dir='ltr'>qui</span> <span class='ocrx_word' id='word_1_154' title='bbox 832 2224 1081 2288; x_wconf 88' lang='lat' dir='ltr'>contendebant</span> <span class='ocrx_word' id='word_1_155' title='bbox 1112 2223 1207 2287; x_wconf 90' lang='lat' dir='ltr'>illurn</span> <span class='ocrx_word' id='word_1_156' title='bbox 1237 2241 1295 2284; x_wconf 86' lang='lat' dir='ltr'>esse</span> 
     </span>
     <span class='ocr_line' id='line_1_20' title="bbox 204 2326 1293 2408; baseline -0.007 -16"><span class='ocrx_word' id='word_1_157' title='bbox 204 2350 336 2404; x_wconf 89' lang='lat' dir='ltr'>novum,</span> <span class='ocrx_word' id='word_1_158' title='bbox 348 2349 521 2391; x_wconf 89' lang='lat' dir='ltr'>erroneum</span> <span class='ocrx_word' id='word_1_159' title='bbox 534 2337 567 2390; x_wconf 93' lang='lat' dir='ltr'>et</span> <span class='ocrx_word' id='word_1_160' title='bbox 578 2327 675 2390; x_wconf 89' lang='lat' dir='ltr'>valde</span> <span class='ocrx_word' id='word_1_161' title='bbox 687 2328 916 2408; x_wconf 88' lang='lat' dir='ltr'>periculosum.</span> <span class='ocrx_word' id='word_1_162' title='bbox 957 2326 1051 2388; x_wconf 90' lang='lat' dir='ltr'>Idem</span> <span class='ocrx_word' id='word_1_163' title='bbox 1067 2326 1170 2388; x_wconf 88' lang='lat' dir='ltr'>hodie</span> <span class='ocrx_word' id='word_1_164' title='bbox 1185 2327 1293 2387; x_wconf 88' lang='lat' dir='ltr'>docent</span> 
     </span>
     <span class='ocr_line' id='line_1_21' title="bbox 204 2428 1292 2513; baseline -0.006 -21"><span class='ocrx_word' id='word_1_165' title='bbox 204 2431 351 2513; x_wconf 89' lang='lat' dir='ltr'>plerique</span> <span class='ocrx_word' id='word_1_166' title='bbox 366 2432 594 2506; x_wconf 78' lang='lat' dir='ltr'>Protestantes,</span> <span class='ocrx_word' id='word_1_167' title='bbox 607 2451 646 2492; x_wconf 92' lang='lat' dir='ltr'>eo</span> <span class='ocrx_word' id='word_1_168' title='bbox 662 2431 740 2511; x_wconf 91' lang='lat' dir='ltr'>quia</span> <span class='ocrx_word' id='word_1_169' title='bbox 755 2429 831 2492; x_wconf 92' lang='lat' dir='ltr'>talis</span> <span class='ocrx_word' id='word_1_170' title='bbox 847 2430 980 2492; x_wconf 90' lang='lat' dir='ltr'>devotio</span> <span class='ocrx_word' id='word_1_171' title='bbox 996 2428 1121 2490; x_wconf 51' lang='lat' dir='ltr'>divellit</span> <span class='ocrx_word' id='word_1_172' title='bbox 1136 2428 1292 2492; x_wconf 87' lang='lat' dir='ltr'>Christum</span> 
     </span>
     <span class='ocr_line' id='line_1_22' title="bbox 204 2530 1292 2616; baseline -0.006 -20"><span class='ocrx_word' id='word_1_173' title='bbox 204 2536 345 2615; x_wconf 90' lang='lat' dir='ltr'>ideoque</span> <span class='ocrx_word' id='word_1_174' title='bbox 361 2536 542 2616; x_wconf 92' lang='lat' dir='ltr'>opponitur</span> <span class='ocrx_word' id='word_1_175' title='bbox 557 2533 697 2596; x_wconf 88' lang='lat' dir='ltr'>decretis</span> <span class='ocrx_word' id='word_1_176' title='bbox 714 2533 874 2613; x_wconf 80' lang='lat' dir='ltr'>Eplnsini</span> <span class='ocrx_word' id='word_1_177' title='bbox 887 2553 925 2594; x_wconf 92' lang='lat' dir='ltr'>ac</span> <span class='ocrx_word' id='word_1_178' title='bbox 944 2530 1209 2596; x_wconf 75' lang='lat' dir='ltr'>Chalcedonensis</span> <span class='ocrx_word' id='word_1_179' title='bbox 1220 2531 1292 2595; x_wconf 90' lang='lat' dir='ltr'>Con-</span> 
     </span>
     <span class='ocr_line' id='line_1_23' title="bbox 203 2635 1292 2720; baseline -0.007 -19"><span class='ocrx_word' id='word_1_180' title='bbox 203 2640 268 2702; x_wconf 88' lang='lat' dir='ltr'>cilii</span> <span class='ocrx_word' id='word_1_181' title='bbox 278 2652 300 2702; x_wconf 85' lang='lat'>2.</span> <span class='ocrx_word' id='word_1_182' title='bbox 345 2638 396 2720; x_wconf 83' lang='lat' dir='ltr'>(b)</span> <span class='ocrx_word' id='word_1_183' title='bbox 412 2637 578 2701; x_wconf 80' lang='lat' dir='ltr'>Incrednlz&#39;</span> <span class='ocrx_word' id='word_1_184' title='bbox 591 2646 622 2698; x_wconf 82' lang='lat' dir='ltr'>et</span> <span class='ocrx_word' id='word_1_185' title='bbox 635 2636 866 2699; x_wconf 81' lang='lat' dir='ltr'>Rationalistoe</span> <span class='ocrx_word' id='word_1_186' title='bbox 889 2635 980 2698; x_wconf 94' lang='lat' dir='ltr'>illum</span> <span class='ocrx_word' id='word_1_187' title='bbox 998 2635 1125 2697; x_wconf 91' lang='lat' dir='ltr'>cultum</span> <span class='ocrx_word' id='word_1_188' title='bbox 1142 2644 1181 2697; x_wconf 89' lang='lat' dir='ltr'>ut</span> <span class='ocrx_word' id='word_1_189' title='bbox 1195 2654 1292 2717; x_wconf 91' lang='lat' dir='ltr'>super-</span> 
     </span>
     <span class='ocr_line' id='line_1_24' title="bbox 204 2737 1293 2823; baseline -0.008 -18"><span class='ocrx_word' id='word_1_190' title='bbox 204 2744 370 2806; x_wconf 90' lang='lat' dir='ltr'>stitiosum</span> <span class='ocrx_word' id='word_1_191' title='bbox 388 2743 510 2823; x_wconf 88' lang='lat' dir='ltr'>pariter</span> <span class='ocrx_word' id='word_1_192' title='bbox 526 2742 732 2822; x_wconf 79' lang='lat' dir='ltr'>impugnant,</span> <span class='ocrx_word' id='word_1_193' title='bbox 748 2749 781 2802; x_wconf 89' lang='lat' dir='ltr'>et</span> <span class='ocrx_word' id='word_1_194' title='bbox 797 2749 969 2820; x_wconf 90' lang='lat' dir='ltr'>tamquam</span> <span class='ocrx_word' id='word_1_195' title='bbox 986 2737 1070 2800; x_wconf 86' lang='lat' dir='ltr'>salso</span> <span class='ocrx_word' id='word_1_196' title='bbox 1086 2738 1293 2802; x_wconf 88' lang='lat' dir='ltr'>fundamento</span> 
     </span>
     <span class='ocr_line' id='line_1_25' title="bbox 204 2843 1294 2924; baseline -0.004 -20"><span class='ocrx_word' id='word_1_197' title='bbox 204 2844 358 2905; x_wconf 85' lang='lat' dir='ltr'>innixum</span> <span class='ocrx_word' id='word_1_198' title='bbox 374 2864 381 2919; x_wconf 82' lang='lat'><em>3</em></span> <span class='ocrx_word' id='word_1_199' title='bbox 404 2862 460 2903; x_wconf 94' lang='lat' dir='ltr'>cor</span> <span class='ocrx_word' id='word_1_200' title='bbox 476 2843 564 2904; x_wconf 91' lang='lat' dir='ltr'>enim</span> <span class='ocrx_word' id='word_1_201' title='bbox 581 2843 765 2924; x_wconf 87' lang='lat' dir='ltr'>physicum,</span> <span class='ocrx_word' id='word_1_202' title='bbox 782 2852 819 2905; x_wconf 92' lang='lat' dir='ltr'>ut</span> <span class='ocrx_word' id='word_1_203' title='bbox 834 2844 936 2917; x_wconf 85' lang='lat' dir='ltr'>aiunt,</span> <span class='ocrx_word' id='word_1_204' title='bbox 953 2861 1019 2904; x_wconf 95' lang='lat' dir='ltr'>non</span> <span class='ocrx_word' id='word_1_205' title='bbox 1035 2850 1086 2903; x_wconf 89' lang='lat' dir='ltr'>est</span> <span class='ocrx_word' id='word_1_206' title='bbox 1102 2843 1200 2905; x_wconf 87' lang='lat' dir='ltr'>sedes</span> <span class='ocrx_word' id='word_1_207' title='bbox 1217 2860 1294 2904; x_wconf 88' lang='lat' dir='ltr'>amo-</span> 
     </span>
     <span class='ocr_line' id='line_1_26' title="bbox 204 2945 1027 3026; baseline -0.002 -20"><span class='ocrx_word' id='word_1_208' title='bbox 204 2946 256 3020; x_wconf 65' lang='lat' dir='ltr'>ris</span> <span class='ocrx_word' id='word_1_209' title='bbox 273 2965 333 3006; x_wconf 90' lang='lat' dir='ltr'>nec</span> <span class='ocrx_word' id='word_1_210' title='bbox 349 2945 489 3025; x_wconf 88' lang='lat' dir='ltr'>proinde</span> <span class='ocrx_word' id='word_1_211' title='bbox 505 2946 683 3026; x_wconf 89' lang='lat' dir='ltr'>specialem</span> <span class='ocrx_word' id='word_1_212' title='bbox 701 2956 845 3007; x_wconf 90' lang='lat' dir='ltr'>meretur</span> <span class='ocrx_word' id='word_1_213' title='bbox 859 2945 1027 3006; x_wconf 89' lang='lat' dir='ltr'>honorem.</span> 
     </span>
    </p>
   </div>
   <div class='ocr_carea' id='block_1_5' title="bbox 203 3101 1298 3378">
    <p class='ocr_par' dir='ltr' id='par_1_5' title="bbox 203 3101 1298 3378">
     <span class='ocr_line' id='line_1_27' title="bbox 243 3101 1298 3180; baseline -0.002 -16"><span class='ocrx_word' id='word_1_214' title='bbox 243 3102 312 3180; x_wconf 82' lang='lat'><strong>264.</strong></span> <span class='ocrx_word' id='word_1_215' title='bbox 360 3105 457 3160; x_wconf 79' lang='lat' dir='ltr'>Tlnsis</span> <span class='ocrx_word' id='word_1_216' title='bbox 472 3129 482 3161; x_wconf 91' lang='lat'>.·</span> <span class='ocrx_word' id='word_1_217' title='bbox 504 3101 634 3167; x_wconf 90' lang='lat' dir='ltr'>Cultus</span> <span class='ocrx_word' id='word_1_218' title='bbox 656 3103 721 3168; x_wconf 88' lang='lat' dir='ltr'>SS.</span> <span class='ocrx_word' id='word_1_219' title='bbox 738 3103 866 3167; x_wconf 90' lang='lat' dir='ltr'>Cordis</span> <span class='ocrx_word' id='word_1_220' title='bbox 879 3103 901 3180; x_wconf 90' lang='lat' dir='ltr'>J</span> <span class='ocrx_word' id='word_1_221' title='bbox 905 3108 980 3180; x_wconf 88' lang='lat' dir='ltr'>esu,</span> <span class='ocrx_word' id='word_1_222' title='bbox 997 3120 1108 3166; x_wconf 89' lang='lat' dir='ltr'>sensu</span> <span class='ocrx_word' id='word_1_223' title='bbox 1124 3102 1298 3180; x_wconf 86' lang='lat' dir='ltr'>explicato</span> 
     </span>
     <span class='ocr_line' id='line_1_28' title="bbox 203 3199 1297 3280; baseline -0.004 -16"><span class='ocrx_word' id='word_1_224' title='bbox 203 3200 417 3277; x_wconf 88' lang='lat' dir='ltr'>intellectus,</span> <span class='ocrx_word' id='word_1_225' title='bbox 442 3205 498 3264; x_wconf 89' lang='lat' dir='ltr'>est</span> <span class='ocrx_word' id='word_1_226' title='bbox 527 3202 572 3264; x_wconf 88' lang='lat' dir='ltr'>ab</span> <span class='ocrx_word' id='word_1_227' title='bbox 600 3202 697 3267; x_wconf 91' lang='lat' dir='ltr'>omni</span> <span class='ocrx_word' id='word_1_228' title='bbox 727 3201 993 3280; x_wconf 87' lang='lat' dir='ltr'>superstitionis</span> <span class='ocrx_word' id='word_1_229' title='bbox 1018 3200 1098 3264; x_wconf 87' lang='lat' dir='ltr'>labe</span> <span class='ocrx_word' id='word_1_230' title='bbox 1124 3199 1297 3274; x_wconf 88' lang='lat' dir='ltr'>immunis,</span> 
     </span>
     <span class='ocr_line' id='line_1_29' title="bbox 204 3297 577 3378; baseline 0 -16"><span class='ocrx_word' id='word_1_231' title='bbox 204 3300 285 3378; x_wconf 87' lang='lat' dir='ltr'>pius</span> <span class='ocrx_word' id='word_1_232' title='bbox 300 3302 336 3361; x_wconf 90' lang='lat' dir='ltr'>et</span> <span class='ocrx_word' id='word_1_233' title='bbox 351 3297 455 3360; x_wconf 88' lang='lat' dir='ltr'>valde</span> <span class='ocrx_word' id='word_1_234' title='bbox 470 3298 577 3362; x_wconf 90' lang='lat' dir='ltr'>utilis.</span> 
     </span>
    </p>
   </div>
   <div class='ocr_carea' id='block_1_6' title="bbox 203 3436 346 3444">
    <p class='ocr_par' dir='ltr' id='par_1_6' title="bbox 203 3436 346 3444">
     <span class='ocr_line' id='line_1_30' title="bbox 203 3436 346 3444; baseline -0.007 0"><span class='ocrx_word' id='word_1_235' title='bbox 203 3436 346 3444; x_wconf 55' lang='grc' dir='ltr'>..ι-*-</span> 
     </span>
    </p>
   </div>
   <div class='ocr_carea' id='block_1_7' title="bbox 203 3511 1304 3750">
    <p class='ocr_par' dir='ltr' id='par_1_7' title="bbox 203 3511 1304 3750">
     <span class='ocr_line' id='line_1_31' title="bbox 238 3511 1303 3580; baseline 0 -14"><span class='ocrx_word' id='word_1_236' title='bbox 238 3529 247 3558; x_wconf 89' lang='lat'>1</span> <span class='ocrx_word' id='word_1_237' title='bbox 262 3511 389 3566; x_wconf 88' lang='lat' dir='ltr'>Christus</span> <span class='ocrx_word' id='word_1_238' title='bbox 403 3511 464 3580; x_wconf 91' lang='lat' dir='ltr'>ipse</span> <span class='ocrx_word' id='word_1_239' title='bbox 477 3529 495 3563; x_wconf 91' lang='lat' dir='ltr'>a</span> <span class='ocrx_word' id='word_1_240' title='bbox 508 3513 540 3565; x_wconf 93' lang='lat' dir='ltr'>B.</span> <span class='ocrx_word' id='word_1_241' title='bbox 556 3511 710 3580; x_wconf 73' lang='lat' dir='ltr'>Margarita</span> <span class='ocrx_word' id='word_1_242' title='bbox 720 3513 910 3580; x_wconf 84' lang='lat' dir='ltr'>postulaverat</span> <span class='ocrx_word' id='word_1_243' title='bbox 923 3522 953 3564; x_wconf 92' lang='lat' dir='ltr'>ut</span> <span class='ocrx_word' id='word_1_244' title='bbox 966 3512 1020 3564; x_wconf 90' lang='lat' dir='ltr'>hoc</span> <span class='ocrx_word' id='word_1_245' title='bbox 1032 3511 1136 3564; x_wconf 82' lang='lat' dir='ltr'>festum</span> <span class='ocrx_word' id='word_1_246' title='bbox 1150 3511 1303 3566; x_wconf 86' lang='lat' dir='ltr'>instituere-</span> 
     </span>
     <span class='ocr_line' id='line_1_32' title="bbox 203 3593 1303 3665; baseline -0.002 -16"><span class='ocrx_word' id='word_1_247' title='bbox 203 3608 246 3650; x_wconf 93' lang='lat' dir='ltr'>tur</span> <span class='ocrx_word' id='word_1_248' title='bbox 260 3616 266 3649; x_wconf 89' lang='lat'>:</span> <span class='ocrx_word' id='word_1_249' title='bbox 280 3596 296 3622; x_wconf 76' lang='lat'>‘⁶</span> <span class='ocrx_word' id='word_1_250' title='bbox 308 3598 408 3664; x_wconf 90' lang='lat' dir='ltr'>ltaque</span> <span class='ocrx_word' id='word_1_251' title='bbox 421 3613 438 3648; x_wconf 87' lang='lat' dir='ltr'>a</span> <span class='ocrx_word' id='word_1_252' title='bbox 451 3605 479 3649; x_wconf 91' lang='lat' dir='ltr'>te</span> <span class='ocrx_word' id='word_1_253' title='bbox 493 3596 612 3664; x_wconf 90' lang='lat' dir='ltr'>requiro,</span> <span class='ocrx_word' id='word_1_254' title='bbox 622 3604 651 3648; x_wconf 93' lang='lat' dir='ltr'>ut</span> <span class='ocrx_word' id='word_1_255' title='bbox 661 3596 731 3649; x_wconf 73' lang='lat' dir='ltr'>feria</span> <span class='ocrx_word' id='word_1_256' title='bbox 741 3596 828 3659; x_wconf 74' lang='lat' dir='ltr'>sexta,</span> <span class='ocrx_word' id='word_1_257' title='bbox 841 3611 904 3665; x_wconf 86' lang='lat' dir='ltr'>quae</span> <span class='ocrx_word' id='word_1_258' title='bbox 917 3603 981 3663; x_wconf 92' lang='lat' dir='ltr'>post</span> <span class='ocrx_word' id='word_1_259' title='bbox 994 3593 1125 3648; x_wconf 68' lang='lat' dir='ltr'>odavam</span> <span class='ocrx_word' id='word_1_260' title='bbox 1136 3594 1201 3648; x_wconf 85' lang='lat' dir='ltr'>sesti</span> <span class='ocrx_word' id='word_1_261' title='bbox 1212 3612 1303 3664; x_wconf 87' lang='lat' dir='ltr'>corpo·</span> 
     </span>
     <span class='ocr_line' id='line_1_33' title="bbox 203 3680 1304 3750; baseline -0.003 -14"><span class='ocrx_word' id='word_1_262' title='bbox 203 3684 240 3736; x_wconf 90' lang='lat' dir='ltr'>ris</span> <span class='ocrx_word' id='word_1_263' title='bbox 260 3683 315 3736; x_wconf 88' lang='lat' dir='ltr'>mei</span> <span class='ocrx_word' id='word_1_264' title='bbox 335 3682 461 3750; x_wconf 89' lang='lat' dir='ltr'>proxima</span> <span class='ocrx_word' id='word_1_265' title='bbox 481 3682 613 3750; x_wconf 88' lang='lat' dir='ltr'>sequitur,</span> <span class='ocrx_word' id='word_1_266' title='bbox 627 3682 713 3735; x_wconf 91' lang='lat' dir='ltr'>Cordi</span> <span class='ocrx_word' id='word_1_267' title='bbox 732 3699 796 3736; x_wconf 87' lang='lat' dir='ltr'>meo</span> <span class='ocrx_word' id='word_1_268' title='bbox 815 3682 934 3736; x_wconf 88' lang='lat' dir='ltr'>colendo</span> <span class='ocrx_word' id='word_1_269' title='bbox 953 3681 1131 3750; x_wconf 88' lang='lat' dir='ltr'>peculiariter</span> <span class='ocrx_word' id='word_1_270' title='bbox 1144 3680 1181 3734; x_wconf 93' lang='lat' dir='ltr'>sit</span> <span class='ocrx_word' id='word_1_271' title='bbox 1194 3682 1304 3736; x_wconf 88' lang='lat' dir='ltr'>dicata:</span> 
     </span>
    </p>
   </div>
   <div class='ocr_carea' id='block_1_8' title="bbox 103 3768 1305 3839">
    <p class='ocr_par' dir='ltr' id='par_1_8' title="bbox 103 3768 1305 3839">
     <span class='ocr_line' id='line_1_34' title="bbox 103 3768 1305 3839; baseline -0.002 -16"><span class='ocrx_word' id='word_1_272' title='bbox 103 3779 106 3784; x_wconf 75' lang='grc'><strong>’</strong></span> <span class='ocrx_word' id='word_1_273' title='bbox 203 3771 258 3839; x_wconf 71' lang='lat' dir='ltr'>qua</span> <span class='ocrx_word' id='word_1_274' title='bbox 276 3769 323 3821; x_wconf 89' lang='lat' dir='ltr'>die</span> <span class='ocrx_word' id='word_1_275' title='bbox 341 3769 378 3821; x_wconf 91' lang='lat' dir='ltr'>ad</span> <span class='ocrx_word' id='word_1_276' title='bbox 398 3785 508 3821; x_wconf 86' lang='lat' dir='ltr'>sacram</span> <span class='ocrx_word' id='word_1_277' title='bbox 526 3785 654 3821; x_wconf 85' lang='lat' dir='ltr'>mensam</span> <span class='ocrx_word' id='word_1_278' title='bbox 673 3769 836 3823; x_wconf 85' lang='lat' dir='ltr'>accedendo</span> <span class='ocrx_word' id='word_1_279' title='bbox 849 3769 960 3837; x_wconf 83' lang='lat' dir='ltr'>injuriae</span> <span class='ocrx_word' id='word_1_280' title='bbox 975 3768 1059 3822; x_wconf 91' lang='lat' dir='ltr'>Cordi</span> <span class='ocrx_word' id='word_1_281' title='bbox 1078 3784 1143 3821; x_wconf 86' lang='lat' dir='ltr'>meo</span> <span class='ocrx_word' id='word_1_282' title='bbox 1163 3769 1193 3821; x_wconf 92' lang='lat' dir='ltr'>in</span> <span class='ocrx_word' id='word_1_283' title='bbox 1213 3769 1305 3824; x_wconf 87' lang='lat' dir='ltr'>altaris</span> 
     </span>
    </p>
   </div>
   <div class='ocr_carea' id='block_1_9' title="bbox 201 3850 1307 4357">
    <p class='ocr_par' dir='ltr' id='par_1_9' title="bbox 201 3850 1307 4268">
     <span class='ocr_line' id='line_1_35' title="bbox 202 3850 1304 3921; baseline -0.003 -16"><span class='ocrx_word' id='word_1_284' title='bbox 202 3851 334 3920; x_wconf 89' lang='lat' dir='ltr'>mysterio</span> <span class='ocrx_word' id='word_1_285' title='bbox 347 3850 469 3913; x_wconf 74' lang='lat' dir='ltr'>rnflraae,</span> <span class='ocrx_word' id='word_1_286' title='bbox 485 3868 519 3904; x_wconf 92' lang='lat' dir='ltr'>eo</span> <span class='ocrx_word' id='word_1_287' title='bbox 538 3851 660 3904; x_wconf 88' lang='lat' dir='ltr'>maxime</span> <span class='ocrx_word' id='word_1_288' title='bbox 677 3861 804 3921; x_wconf 88' lang='lat' dir='ltr'>tempore</span> <span class='ocrx_word' id='word_1_289' title='bbox 817 3868 873 3919; x_wconf 91' lang='lat' dir='ltr'>quo</span> <span class='ocrx_word' id='word_1_290' title='bbox 886 3851 980 3920; x_wconf 90' lang='lat' dir='ltr'>palam</span> <span class='ocrx_word' id='word_1_291' title='bbox 993 3850 1118 3904; x_wconf 88' lang='lat' dir='ltr'>fidelium</span> <span class='ocrx_word' id='word_1_292' title='bbox 1131 3851 1304 3906; x_wconf 85' lang='lat' dir='ltr'>venerationi</span> 
     </span>
     <span class='ocr_line' id='line_1_36' title="bbox 202 3937 1305 4009; baseline 0.001 -16"><span class='ocrx_word' id='word_1_293' title='bbox 202 3940 344 4009; x_wconf 87' lang='lat' dir='ltr'>expositus</span> <span class='ocrx_word' id='word_1_294' title='bbox 371 3956 441 4004; x_wconf 89' lang='lat' dir='ltr'>sum,</span> <span class='ocrx_word' id='word_1_295' title='bbox 466 3937 561 3991; x_wconf 89' lang='lat' dir='ltr'>violati</span> <span class='ocrx_word' id='word_1_296' title='bbox 587 3939 702 3992; x_wconf 89' lang='lat' dir='ltr'>honoris</span> <span class='ocrx_word' id='word_1_297' title='bbox 728 3939 905 4008; x_wconf 88' lang='lat' dir='ltr'>reparatione</span> <span class='ocrx_word' id='word_1_298' title='bbox 928 3938 1091 3993; x_wconf 88' lang='lat' dir='ltr'>sarciantur.</span> <span class='ocrx_word' id='word_1_299' title='bbox 1131 3940 1169 3991; x_wconf 92' lang='lat' dir='ltr'>Et</span> <span class='ocrx_word' id='word_1_300' title='bbox 1193 3940 1305 4008; x_wconf 87' lang='lat' dir='ltr'>quidem</span> 
     </span>
     <span class='ocr_line' id='line_1_37' title="bbox 201 4025 1307 4095; baseline -0.003 -15"><span class='ocrx_word' id='word_1_301' title='bbox 201 4028 328 4095; x_wconf 89' lang='lat' dir='ltr'>spondeo</span> <span class='ocrx_word' id='word_1_302' title='bbox 342 4042 390 4079; x_wconf 90' lang='lat' dir='ltr'>eos</span> <span class='ocrx_word' id='word_1_303' title='bbox 404 4043 503 4079; x_wconf 90' lang='lat' dir='ltr'>omnes</span> <span class='ocrx_word' id='word_1_304' title='bbox 522 4026 569 4095; x_wconf 93' lang='lat' dir='ltr'>qui</span> <span class='ocrx_word' id='word_1_305' title='bbox 587 4027 641 4079; x_wconf 92' lang='lat' dir='ltr'>hoc</span> <span class='ocrx_word' id='word_1_306' title='bbox 659 4027 766 4080; x_wconf 87' lang='lat' dir='ltr'>honore</span> <span class='ocrx_word' id='word_1_307' title='bbox 783 4029 839 4080; x_wconf 88' lang='lat' dir='ltr'>Cor</span> <span class='ocrx_word' id='word_1_308' title='bbox 855 4043 949 4081; x_wconf 90' lang='lat' dir='ltr'>meum</span> <span class='ocrx_word' id='word_1_309' title='bbox 966 4025 1097 4092; x_wconf 88' lang='lat' dir='ltr'>afficient,</span> <span class='ocrx_word' id='word_1_310' title='bbox 1110 4025 1201 4095; x_wconf 87' lang='lat' dir='ltr'>ipsius</span> <span class='ocrx_word' id='word_1_311' title='bbox 1221 4025 1307 4080; x_wconf 88' lang='lat' dir='ltr'>divini</span> 
     </span>
     <span class='ocr_line' id='line_1_38' title="bbox 203 4112 1304 4183; baseline -0.001 -15"><span class='ocrx_word' id='word_1_312' title='bbox 203 4113 302 4168; x_wconf 90' lang='lat' dir='ltr'>Cordis</span> <span class='ocrx_word' id='word_1_313' title='bbox 324 4112 436 4179; x_wconf 85' lang='lat' dir='ltr'>influxu,</span> <span class='ocrx_word' id='word_1_314' title='bbox 456 4112 613 4167; x_wconf 85' lang='lat' dir='ltr'>coelestium</span> <span class='ocrx_word' id='word_1_315' title='bbox 632 4115 786 4180; x_wconf 87' lang='lat' dir='ltr'>gratiarum</span> <span class='ocrx_word' id='word_1_316' title='bbox 806 4115 888 4183; x_wconf 68' lang='lat' dir='ltr'>copia</span> <span class='ocrx_word' id='word_1_317' title='bbox 905 4113 964 4168; x_wconf 85' lang='lat' dir='ltr'>sore</span> <span class='ocrx_word' id='word_1_318' title='bbox 984 4113 1170 4167; x_wconf 87' lang='lat' dir='ltr'>cumulandos</span> <span class='ocrx_word' id='word_1_319' title='bbox 1178 4115 1201 4168; x_wconf 90' lang='lat'>&#39;&#39;.</span> <span class='ocrx_word' id='word_1_320' title='bbox 1240 4113 1304 4182; x_wconf 84' lang='lat' dir='ltr'>(Ap.</span> 
     </span>
     <span class='ocr_line' id='line_1_39' title="bbox 204 4199 821 4268; baseline 0.005 -15"><span class='ocrx_word' id='word_1_321' title='bbox 204 4200 326 4268; x_wconf 80' lang='lat' dir='ltr'>Gnlzffet,</span> <span class='ocrx_word' id='word_1_322' title='bbox 345 4201 389 4253; x_wconf 90' lang='lat' dir='ltr'>De</span> <span class='ocrx_word' id='word_1_323' title='bbox 403 4199 486 4253; x_wconf 91' lang='lat' dir='ltr'>Cultu</span> <span class='ocrx_word' id='word_1_324' title='bbox 501 4201 529 4252; x_wconf 88' lang='lat' dir='ltr'>S.</span> <span class='ocrx_word' id='word_1_325' title='bbox 547 4199 658 4264; x_wconf 91' lang='lat' dir='ltr'>Cordis,</span> <span class='ocrx_word' id='word_1_326' title='bbox 674 4201 691 4253; x_wconf 94' lang='lat' dir='ltr'>l.</span> <span class='ocrx_word' id='word_1_327' title='bbox 708 4201 730 4266; x_wconf 91' lang='lat'>1,</span> <span class='ocrx_word' id='word_1_328' title='bbox 743 4217 767 4254; x_wconf 91' lang='lat' dir='ltr'>c.</span> <span class='ocrx_word' id='word_1_329' title='bbox 785 4200 821 4268; x_wconf 88' lang='lat'>4).</span> 
     </span>
    </p>

    <p class='ocr_par' dir='ltr' id='par_1_10' title="bbox 262 4284 847 4357">
     <span class='ocr_line' id='line_1_40' title="bbox 262 4284 847 4357; baseline 0.005 -19"><span class='ocrx_word' id='word_1_330' title='bbox 262 4287 306 4340; x_wconf 87' lang='lat' dir='ltr'>Ita</span> <span class='ocrx_word' id='word_1_331' title='bbox 320 4287 480 4355; x_wconf 81' lang='lat' dir='ltr'>Littledale,</span> <span class='ocrx_word' id='word_1_332' title='bbox 498 4284 578 4341; x_wconf 91' lang='lat' dir='ltr'>Plain</span> <span class='ocrx_word' id='word_1_333' title='bbox 592 4287 730 4356; x_wconf 86' lang='lat' dir='ltr'>Reasons‚</span> <span class='ocrx_word' id='word_1_334' title='bbox 747 4304 772 4355; x_wconf 93' lang='lat' dir='ltr'>p.</span> <span class='ocrx_word' id='word_1_335' title='bbox 790 4300 847 4357; x_wconf 82' lang='lat'>147.</span> 
     </span>
    </p>
   </div>
   <div class='ocr_carea' id='block_1_10' title="bbox 0 0 1346 4634">
    <p class='ocr_par' dir='ltr' id='par_1_11' title="bbox 0 0 1346 4634">
     <span class='ocr_line' id='line_1_41' title="bbox 0 0 1346 4634; baseline 0 0"><span class='ocrx_word' id='word_1_336' title='bbox 0 0 1346 4634; x_wconf 95' lang='lat' dir='ltr'> </span> 
     </span>
    </p>
   </div>
  </div>
 </body>
</html>
