2684 4634
127 187 194 236 552
535 203 538 209 '
570 191 705 242 CAPUT
722 193 788 240 111:
858 200 861 205 ’
892 199 895 207 “

127 367 169 428 Ν.
186 367 289 447 Legis.
335 369 385 450 (a)
402 370 524 434 Statim
541 380 617 452 post
633 371 763 452 lapsum
776 368 921 452 ,peraeta
944 370 1047 431 fuisse
1072 367 1217 431 sacrificia

126 467 158 532 S.
187 470 357 551 Scriptura
384 473 505 535 diserte
534 484 692 536 testatur:
720 472 890 537 “Fabium
918 484 968 536 est
998 482 1130 547 autem,
1157 481 1218 552 post

126 573 248 635 multos
264 575 344 650 dies,
360 585 397 639 ut
412 577 540 656 offerret
554 578 637 641 Cain
654 578 697 639 de
713 575 873 639 fructibus
888 585 985 638 terrae
1007 596 1148 638 meinero
1163 575 1217 636 Do-

126 677 224 737 mino
271 678 357 740 Abel
374 699 507 760 quoque
518 681 685 743 obtulitde
698 679 927 760 primogenitis
942 678 1055 760 gregis
1072 678 1125 740 sui
1141 677 1217 738 etde

124 778 273 858 adipibus
288 801 401 843 eorum
414 782 428 807 '’
443 795 454 826 1
470 805 477 860 ;
494 803 569 863 quae
585 784 719 864 quidem
737 784 853 847 ultima
867 784 968 846 verba
979 783 1075 844 vclare
1092 780 1216 843 manile-

125 893 214 945 stant
238 883 323 947 Abel
346 885 497 948 victimas
522 887 596 949 Deo
620 882 844 970 immolavisse,
902 887 1028 948 lterum
1050 885 1166 946 statim
1186 902 1215 943 ac

126 988 200 1049 Noe
223 988 264 1050 de
288 994 362 1051 arca
386 1011 534 1070 egressus
550 1001 610 1065 est,
625 992 806 1054 holocausta
823 991 896 1052 Deo
912 989 1058 1053 obtulit:
1085 993 1100 1019 “
1111 984 1214 1048 AEdifi·

124 1088 211 1150 cavit
227 1098 337 1151 autem
357 1090 430 1152 Noe
446 1091 550 1153 altare
567 1092 722 1168 Domino,
739 1102 772 1153 et
791 1091 911 1153 tollens
926 1091 968 1151 de
984 1086 1117 1150 cunctis
1132 1105 1214 1168 peco-

125 1191 213 1253 ribus
229 1201 262 1253 et
279 1194 465 1256 volucribus
477 1197 618 1270 mundis,
631 1195 753 1258 obtulit
763 1195 945 1258 holocausta
956 1212 1057 1273 super
1066 1192 1168 1253 altare
1176 1189 1189 1213 ''
1197 1200 1212 1256 ².

127 1296 225 1357 Hanc
255 1296 355 1358 fuisse
386 1296 532 1359 Abrahae
563 1300 694 1379 praxim
723 1317 767 1360 ex
795 1299 908 1359 multis
937 1296 1121 1376 Scripturas
1147 1293 1213 1355 locis

124 1410 237 1479 aperte
254 1409 419 1476 constat³;
436 1402 591 1463 omnibus
608 1403 730 1482 pariter
746 1411 862 1463 notum
875 1409 926 1462 est
937 1399 1111 1479 quomodo
1123 1397 1211 1459 filium

124 1523 218 1564 suum
234 1504 328 1566 Isaac
342 1503 514 1565 immolare
527 1515 661 1584 paratus
678 1505 784 1579 suerit,
795 1514 836 1579 et,
848 1504 922 1565 Deo
929 1503 1080 1583 jubente,
1090 1503 1211 1563 arietem

124 1607 197 1669 loco
227 1604 283 1667 filii
306 1590 536 1669 holocaustum
566 1609 714 1670 Domino
740 1607 939 1682 obtulerit43
970 1605 1061 1686 quod
1090 1605 1212 1685 quidem

122 1710 360 1772 substitutionis
390 1710 551 1771 theoriam
582 1731 682 1791 supra
711 1712 900 1792 expositam
938 1709 1092 1771 illustrat.
1148 1706 1213 1768 Alia

123 1813 281 1875 sacrificia
302 1823 372 1874 tum
397 1834 416 1873 a
441 1814 645 1886 PatriarchiS,
662 1823 733 1875 tum
750 1813 792 1874 ab
808 1813 854 1874 eis
874 1811 930 1892 qui
949 1820 1047 1872 extra
1063 1809 1211 1878 familiam

123 1917 270 1980 Abrahae
297 1926 331 1978 et
354 1915 513 1997 populum
538 1916 708 1995 judaicum
736 1917 901 1991 vivebant,
924 1915 957 1976 in
984 1924 1058 1977 toto
1085 1913 1212 1976 decursu

123 2019 205 2099 legis
221 2029 347 2080 naturae
368 2018 502 2099 peraeta
525 2020 624 2080 fuisse
647 2020 858 2082 manifestum
876 2027 925 2079 est
941 2038 984 2078 ex
1001 2017 1139 2079 historia
1154 2025 1212 2076 tam

123 2127 214 2183 sacra
241 2143 341 2202 quam
372 2123 528 2204 profana:
555 2123 601 2182 sic
625 2145 652 2183 v.
677 2142 706 2202 g.
732 2121 987 2196 Melchisedech,
1015 2141 1075 2183 rex
1104 2120 1215 2191 Salem,

123 2227 275 2288 sacerdos
289 2227 352 2286 Dei
366 2226 531 2287 Altissimi
545 2245 664 2304 panem
682 2235 715 2287 et
731 2226 843 2287 vinum
861 2224 1018 2298 obtulit53
1040 2225 1088 2285 ita
1103 2224 1215 2304 pariter

122 2329 246 2409 Jethr0,
256 2330 408 2389 sacerdos
427 2328 562 2389 Madian
581 2348 618 2388 ac
635 2347 727 2388 socer
745 2327 879 2410 Moysis,
892 2327 1013 2390 obtulit
1029 2327 1217 2388 holocausta

122 2442 155 2492 et
171 2432 296 2492 hostias
313 2432 431 2507 Deo⁶;
450 2434 536 2511 quod
554 2432 677 2512 pariter
692 2433 734 2493 de
749 2433 814 2512 Job
830 2433 1016 2493 asseritur7.
1063 2431 1120 2494 Sic
1136 2431 1216 2511 apud

123 2555 239 2595 omnes
264 2534 388 2595 Gentes
399 2535 420 2608 8,
444 2536 544 2595 etiam
573 2535 768 2597 idololatriae
796 2537 933 2611 deditas,
957 2556 1089 2616 semper
1110 2537 1143 2596 in
1164 2555 1218 2597 usu

122 2639 254 2701 fuerunt
271 2639 405 2718 templa,
422 2639 547 2713 altaria,
564 2637 707 2701 victimae
723 2640 857 2719 speciali
873 2644 950 2700 cura
969 2637 1102 2700 selectae
1120 2640 1217 2708 maxi·

123 2763 175 2803 me
192 2745 272 2803 inter
288 2741 445 2802 animalia
461 2743 655 2816 domestica,
672 2752 704 2804 et
721 2741 793 2804 loco
816 2743 959 2804 hominis
983 2743 1166 2807 immolatae
1182 2742 1219 2803 ad

122 2848 259 2908 numina
275 2845 435 2925 sanguine
452 2845 623 2925 placanda.

164 3009 232 3071 224.
280 2993 330 3075 (b)
349 2995 419 3057 Sub
435 2996 501 3074 lege
519 2995 666 3070 mosaico,
683 2996 788 3056 multa
811 2996 970 3057 sacrificia
993 2996 1036 3057 ab
1060 2999 1135 3077 ipso
1152 2999 1220 3060 Deo

124 3101 276 3161 instituta
292 3107 377 3172 sunt,
394 3107 464 3158 tum
489 3099 529 3159 ad
552 3119 663 3159 veram
681 3099 871 3178 religionem
889 3098 1077 3175 fovendam,
1094 3111 1166 3163 tum
1182 3100 1219 3160 ad

122 3202 399 3285 praefigurandum
433 3201 553 3263 Christi
585 3201 806 3262 sacrificium:
836 3201 907 3262 haec
938 3203 1106 3282 descripta
1137 3204 1220 3264 inve·

123 3309 258 3369 niuntur
282 3305 369 3385 apud
393 3304 575 3365 Levin'cnm
595 3316 628 3366 et
649 3306 842 3366 eorumdem
865 3305 1005 3385 mystica
1024 3305 1221 3384 significatio

122 3412 307 3474 declaratur
324 3409 505 3489 praesertim
523 3409 554 3468 in
572 3408 632 3486 Ep.
649 3408 695 3468 ad
707 3408 822 3468 Hebr9
874 3407 1011 3486 Triplex
1034 3418 1106 3470 erat
1128 3409 1220 3469 sacri-

121 3515 269 3576 ficiorum
297 3532 420 3592 genus:
447 3510 672 3585 holocaustum,
695 3512 725 3571 in
749 3530 815 3588 quo
838 3519 910 3572 tota
930 3507 1065 3571 victima
1089 3512 1220 3573 combu-

120 3618 261 3687 rebatur,
280 3615 313 3675 z'n
335 3614 483 3675 tenorem
508 3614 578 3687 Dei,
596 3624 640 3688 ut,
657 3615 742 3675 sicut
763 3623 871 3676 totum
893 3614 1016 3674 animal
1040 3616 1219 3677 resolutum

120 3723 151 3780 in
184 3739 340 3799 vaporem
373 3738 501 3779 sursum
534 3718 745 3793 ascendebat,
776 3720 822 3778 ita
852 3718 951 3778 etiam
982 3718 1221 3798 significaretur

154 3939 242 3990 ¹Gen.
261 3939 308 3989 IV.
327 3951 379 4001 3-4.
397 3967 429 3973 -
443 3933 452 3962 ²
468 3937 533 3989 Gerr.
551 3938 575 3986 V
581 3938 635 4003 III,
650 3953 691 3990 20.
704 3969 737 3976 -
750 3936 760 3967 ³
775 3938 840 3990 Gen.
859 3938 925 4004 XII,
944 3938 999 4001 7-8;
1015 3939 1101 4006 Xlll,
1119 3956 1148 4005 43
1162 3941 1219 4004 XV,

118 4041 189 4092 9-12.
213 4022 269 4062 -4
291 4025 356 4076 Gen.
380 4025 477 4075 XXII.
497 4054 526 4060 -
541 4022 550 4050 ⁵
566 4026 632 4077 Gen.
656 4027 733 4091 XIV,
761 4026 799 4077 18.
813 4056 848 4062 —
866 4021 981 4080 ⁶Exod.
999 4026 1114 4091 XVlll,
1138 4045 1175 4080 12.
1189 4054 1219 4063 -

117 4113 127 4144 ⁷
160 4115 224 4165 obl
269 4153 274 4164 .

136 4115 218 4254 J⁸De
229 4128 385 4254 ’Sbcrificiis
400 4198 517 4268 paganis
531 4198 579 4250 cir.
598 4198 742 4266 Encyclop.
758 4200 937 4266 Britannica,
951 4199 1037 4252 verbo
1049 4200 1182 4267 sacrifice.

138 4291 250 4346 ‘’Hebr.
270 4290 417 4346 VIII-IX.
