<?xml version="1.0" encoding="UTF-8"?>
<!DOCTYPE html PUBLIC "-//W3C//DTD XHTML 1.0 Transitional//EN"
    "http://www.w3.org/TR/xhtml1/DTD/xhtml1-transitional.dtd">
<html xmlns="http://www.w3.org/1999/xhtml" xml:lang="en" lang="en">
 <head>
  <title>
</title>
<meta http-equiv="Content-Type" content="text/html;charset=utf-8" />
  <meta name='ocr-system' content='tesseract 3.04.00' />
  <meta name='ocr-capabilities' content='ocr_page ocr_carea ocr_par ocr_line ocrx_word'/>
</head>
<body>
  <div class='ocr_page' id='page_1' title='image "./synopsistheolog00tanqgoog_0536.png"; bbox 0 0 2684 4634; ppageno 0'>
   <div class='ocr_carea' id='block_1_1' title="bbox 324 177 1212 231">
    <p class='ocr_par' dir='ltr' id='par_1_1' title="bbox 324 177 1212 231">
     <span class='ocr_line' id='line_1_1' title="bbox 324 177 1212 231; baseline 0.002 -3"><span class='ocrx_word' id='word_1_1' title='bbox 324 177 381 229; x_wconf 77' lang='lat' dir='ltr'>DE</span> <span class='ocrx_word' id='word_1_2' title='bbox 399 177 618 229; x_wconf 64' lang='lat' dir='ltr'>ursmaro</span> <span class='ocrx_word' id='word_1_3' title='bbox 637 177 991 229; x_wconf 78' lang='lat' dir='ltr'><strong>INCARNATIONIS.</strong></span> <span class='ocrx_word' id='word_1_4' title='bbox 1147 180 1212 231; x_wconf 85' lang='lat'>515</span> 
     </span>
    </p>
   </div>
   <div class='ocr_carea' id='block_1_2' title="bbox 103 355 1213 1368">
    <p class='ocr_par' dir='ltr' id='par_1_2' title="bbox 103 355 1213 1368">
     <span class='ocr_line' id='line_1_2' title="bbox 105 355 1209 443; baseline 0.003 -25"><span class='ocrx_word' id='word_1_5' title='bbox 105 356 272 421; x_wconf 90' lang='lat' dir='ltr'>rationem</span> <span class='ocrx_word' id='word_1_6' title='bbox 296 358 343 421; x_wconf 91' lang='lat' dir='ltr'>sic</span> <span class='ocrx_word' id='word_1_7' title='bbox 360 358 488 422; x_wconf 83' lang='lat' dir='ltr'>Suarcz</span> <span class='ocrx_word' id='word_1_8' title='bbox 508 359 618 421; x_wconf 89' lang='lat' dir='ltr'>reddit</span> <span class='ocrx_word' id='word_1_9' title='bbox 636 355 673 443; x_wconf 88' lang='lat' dir='ltr'>(l.</span> <span class='ocrx_word' id='word_1_10' title='bbox 690 359 731 439; x_wconf 89' lang='lat' dir='ltr'>c.)</span> <span class='ocrx_word' id='word_1_11' title='bbox 751 384 757 422; x_wconf 83' lang='lat' dir='ltr'>z</span> <span class='ocrx_word' id='word_1_12' title='bbox 790 360 1003 441; x_wconf 86' lang='lat' dir='ltr'>pulchritudo</span> <span class='ocrx_word' id='word_1_13' title='bbox 1030 381 1075 422; x_wconf 87' lang='lat' dir='ltr'>ex</span> <span class='ocrx_word' id='word_1_14' title='bbox 1099 362 1209 423; x_wconf 85' lang='lat' dir='ltr'>tribus</span> 
     </span>
     <span class='ocr_line' id='line_1_3' title="bbox 105 461 1203 544; baseline 0.002 -21"><span class='ocrx_word' id='word_1_15' title='bbox 105 461 280 543; x_wconf 85' lang='lat' dir='ltr'>consurgit</span> <span class='ocrx_word' id='word_1_16' title='bbox 298 482 305 524; x_wconf 94' lang='lat'><strong>:</strong></span> <span class='ocrx_word' id='word_1_17' title='bbox 339 463 388 544; x_wconf 86' lang='lat' dir='ltr'>(a)</span> <span class='ocrx_word' id='word_1_18' title='bbox 412 482 456 526; x_wconf 88' lang='lat' dir='ltr'>ex</span> <span class='ocrx_word' id='word_1_19' title='bbox 473 465 622 526; x_wconf 90' lang='lat' dir='ltr'>omnium</span> <span class='ocrx_word' id='word_1_20' title='bbox 646 463 868 525; x_wconf 89' lang='lat' dir='ltr'>membrorum</span> <span class='ocrx_word' id='word_1_21' title='bbox 885 464 1086 544; x_wconf 86' lang='lat' dir='ltr'>integritate,</span> <span class='ocrx_word' id='word_1_22' title='bbox 1103 483 1203 544; x_wconf 91' lang='lat' dir='ltr'>quam</span> 
     </span>
     <span class='ocr_line' id='line_1_4' title="bbox 107 562 1209 648; baseline 0.003 -23"><span class='ocrx_word' id='word_1_23' title='bbox 107 562 209 626; x_wconf 79' lang='lat' dir='ltr'>fuisse</span> <span class='ocrx_word' id='word_1_24' title='bbox 225 564 258 625; x_wconf 91' lang='lat' dir='ltr'>in</span> <span class='ocrx_word' id='word_1_25' title='bbox 276 584 413 645; x_wconf 86' lang='lat' dir='ltr'>corpore</span> <span class='ocrx_word' id='word_1_26' title='bbox 426 564 547 629; x_wconf 87' lang='lat' dir='ltr'>Christi</span> <span class='ocrx_word' id='word_1_27' title='bbox 564 565 784 628; x_wconf 90' lang='lat' dir='ltr'>certissimum</span> <span class='ocrx_word' id='word_1_28' title='bbox 801 577 868 642; x_wconf 92' lang='lat' dir='ltr'>est;</span> <span class='ocrx_word' id='word_1_29' title='bbox 891 587 957 628; x_wconf 93' lang='lat' dir='ltr'>non</span> <span class='ocrx_word' id='word_1_30' title='bbox 975 569 1063 628; x_wconf 91' lang='lat' dir='ltr'>enim</span> <span class='ocrx_word' id='word_1_31' title='bbox 1081 568 1209 648; x_wconf 88' lang='lat' dir='ltr'>accepit</span> 
     </span>
     <span class='ocr_line' id='line_1_5' title="bbox 107 665 1210 748; baseline 0.005 -22"><span class='ocrx_word' id='word_1_32' title='bbox 107 685 230 747; x_wconf 91' lang='lat' dir='ltr'>corpus</span> <span class='ocrx_word' id='word_1_33' title='bbox 243 665 471 742; x_wconf 87' lang='lat' dir='ltr'>mutilum,scd</span> <span class='ocrx_word' id='word_1_34' title='bbox 483 667 657 748; x_wconf 86' lang='lat' dir='ltr'>integrum,</span> <span class='ocrx_word' id='word_1_35' title='bbox 669 677 706 730; x_wconf 90' lang='lat' dir='ltr'>ut</span> <span class='ocrx_word' id='word_1_36' title='bbox 718 670 831 731; x_wconf 86' lang='lat' dir='ltr'>Patres</span> <span class='ocrx_word' id='word_1_37' title='bbox 844 689 901 731; x_wconf 86' lang='lat' dir='ltr'>ore</span> <span class='ocrx_word' id='word_1_38' title='bbox 914 670 1064 731; x_wconf 90' lang='lat' dir='ltr'>unanimi</span> <span class='ocrx_word' id='word_1_39' title='bbox 1075 670 1210 741; x_wconf 84' lang='lat' dir='ltr'>docent;</span> 
     </span>
     <span class='ocr_line' id='line_1_6' title="bbox 107 767 1209 852; baseline -0.002 -18"><span class='ocrx_word' id='word_1_40' title='bbox 107 767 158 850; x_wconf 87' lang='lat' dir='ltr'>(b)</span> <span class='ocrx_word' id='word_1_41' title='bbox 195 789 242 831; x_wconf 88' lang='lat' dir='ltr'>ex</span> <span class='ocrx_word' id='word_1_42' title='bbox 274 770 498 832; x_wconf 91' lang='lat' dir='ltr'>membrorum</span> <span class='ocrx_word' id='word_1_43' title='bbox 529 771 642 833; x_wconf 74' lang='lat' dir='ltr'>debita</span> <span class='ocrx_word' id='word_1_44' title='bbox 669 771 892 852; x_wconf 85' lang='lat' dir='ltr'>proportione,</span> <span class='ocrx_word' id='word_1_45' title='bbox 919 792 995 852; x_wconf 89' lang='lat' dir='ltr'>quae</span> <span class='ocrx_word' id='word_1_46' title='bbox 1021 772 1145 852; x_wconf 85' lang='lat' dir='ltr'>pariter</span> <span class='ocrx_word' id='word_1_47' title='bbox 1177 772 1209 833; x_wconf 93' lang='lat' dir='ltr'>in</span> 
     </span>
     <span class='ocr_line' id='line_1_7' title="bbox 108 870 1211 955; baseline 0.001 -20"><span class='ocrx_word' id='word_1_48' title='bbox 108 870 246 935; x_wconf 86' lang='lat' dir='ltr'>Christo</span> <span class='ocrx_word' id='word_1_49' title='bbox 268 871 339 948; x_wconf 88' lang='lat' dir='ltr'>suit,</span> <span class='ocrx_word' id='word_1_50' title='bbox 353 873 432 952; x_wconf 89' lang='lat' dir='ltr'>quia</span> <span class='ocrx_word' id='word_1_51' title='bbox 454 873 635 936; x_wconf 88' lang='lat' dir='ltr'>debebatur</span> <span class='ocrx_word' id='word_1_52' title='bbox 657 875 779 936; x_wconf 85' lang='lat' dir='ltr'>animae</span> <span class='ocrx_word' id='word_1_53' title='bbox 801 874 873 954; x_wconf 89' lang='lat' dir='ltr'>ejus</span> <span class='ocrx_word' id='word_1_54' title='bbox 901 871 1160 955; x_wconf 69' lang='lat' dir='ltr'>perfettissimae,</span> <span class='ocrx_word' id='word_1_55' title='bbox 1176 885 1211 936; x_wconf 90' lang='lat' dir='ltr'>et</span> 
     </span>
     <span class='ocr_line' id='line_1_8' title="bbox 106 975 1210 1059; baseline 0.001 -22"><span class='ocrx_word' id='word_1_56' title='bbox 106 975 242 1056; x_wconf 84' lang='lat' dir='ltr'>corpori</span> <span class='ocrx_word' id='word_1_57' title='bbox 264 975 325 1056; x_wconf 92' lang='lat' dir='ltr'>ipsi</span> <span class='ocrx_word' id='word_1_58' title='bbox 349 987 387 1038; x_wconf 92' lang='lat' dir='ltr'>ut</span> <span class='ocrx_word' id='word_1_59' title='bbox 408 978 522 1039; x_wconf 92' lang='lat' dir='ltr'>omnia</span> <span class='ocrx_word' id='word_1_60' title='bbox 537 998 638 1058; x_wconf 89' lang='lat' dir='ltr'>opera</span> <span class='ocrx_word' id='word_1_61' title='bbox 654 979 732 1040; x_wconf 88' lang='lat' dir='ltr'>vitae</span> <span class='ocrx_word' id='word_1_62' title='bbox 754 998 910 1040; x_wconf 88' lang='lat' dir='ltr'>exercere</span> <span class='ocrx_word' id='word_1_63' title='bbox 937 988 1067 1059; x_wconf 82' lang='lat' dir='ltr'>posset;</span> <span class='ocrx_word' id='word_1_64' title='bbox 1103 979 1151 1059; x_wconf 86' lang='lat' dir='ltr'>(c)</span> <span class='ocrx_word' id='word_1_65' title='bbox 1167 999 1210 1039; x_wconf 88' lang='lat' dir='ltr'>ex</span> 
     </span>
     <span class='ocr_line' id='line_1_9' title="bbox 104 1078 1212 1166; baseline 0.002 -27"><span class='ocrx_word' id='word_1_66' title='bbox 104 1078 322 1166; x_wconf 85' lang='lat' dir='ltr'>convenienti</span> <span class='ocrx_word' id='word_1_67' title='bbox 343 1079 453 1141; x_wconf 90' lang='lat' dir='ltr'>colore</span> <span class='ocrx_word' id='word_1_68' title='bbox 475 1080 597 1154; x_wconf 90' lang='lat' dir='ltr'>nativo,</span> <span class='ocrx_word' id='word_1_69' title='bbox 613 1081 668 1161; x_wconf 92' lang='lat' dir='ltr'>qui</span> <span class='ocrx_word' id='word_1_70' title='bbox 696 1081 801 1143; x_wconf 92' lang='lat' dir='ltr'>oritur</span> <span class='ocrx_word' id='word_1_71' title='bbox 820 1102 864 1142; x_wconf 90' lang='lat' dir='ltr'>ex</span> <span class='ocrx_word' id='word_1_72' title='bbox 890 1081 1020 1162; x_wconf 91' lang='lat' dir='ltr'>optimo</span> <span class='ocrx_word' id='word_1_73' title='bbox 1047 1090 1212 1160; x_wconf 90' lang='lat' dir='ltr'>tempera-</span> 
     </span>
     <span class='ocr_line' id='line_1_10' title="bbox 104 1181 1211 1264; baseline 0.001 -23"><span class='ocrx_word' id='word_1_74' title='bbox 104 1189 229 1242; x_wconf 90' lang='lat' dir='ltr'>mento</span> <span class='ocrx_word' id='word_1_75' title='bbox 254 1188 289 1243; x_wconf 91' lang='lat' dir='ltr'>et</span> <span class='ocrx_word' id='word_1_76' title='bbox 314 1182 573 1264; x_wconf 87' lang='lat' dir='ltr'>complexione:</span> <span class='ocrx_word' id='word_1_77' title='bbox 605 1203 681 1264; x_wconf 87' lang='lat' dir='ltr'>quae</span> <span class='ocrx_word' id='word_1_78' title='bbox 705 1203 780 1245; x_wconf 93' lang='lat' dir='ltr'>cum</span> <span class='ocrx_word' id='word_1_79' title='bbox 806 1182 927 1246; x_wconf 85' lang='lat' dir='ltr'>suerint</span> <span class='ocrx_word' id='word_1_80' title='bbox 955 1184 987 1244; x_wconf 92' lang='lat' dir='ltr'>in</span> <span class='ocrx_word' id='word_1_81' title='bbox 1006 1181 1148 1256; x_wconf 89' lang='lat' dir='ltr'>Christo,</span> <span class='ocrx_word' id='word_1_82' title='bbox 1166 1181 1211 1243; x_wconf 93' lang='lat' dir='ltr'>illi</span> 
     </span>
     <span class='ocr_line' id='line_1_11' title="bbox 103 1284 1213 1368; baseline 0 -22"><span class='ocrx_word' id='word_1_83' title='bbox 103 1285 337 1347; x_wconf 86' lang='lat' dir='ltr'>connaturalis</span> <span class='ocrx_word' id='word_1_84' title='bbox 349 1295 419 1348; x_wconf 87' lang='lat' dir='ltr'>erat</span> <span class='ocrx_word' id='word_1_85' title='bbox 430 1284 594 1368; x_wconf 70' lang='lat' dir='ltr'>perfettus</span> <span class='ocrx_word' id='word_1_86' title='bbox 607 1287 697 1349; x_wconf 93' lang='lat' dir='ltr'>color</span> <span class='ocrx_word' id='word_1_87' title='bbox 712 1285 755 1348; x_wconf 93' lang='lat' dir='ltr'>ad</span> <span class='ocrx_word' id='word_1_88' title='bbox 769 1286 1049 1368; x_wconf 89' lang='lat' dir='ltr'>pulchritudinem</span> <span class='ocrx_word' id='word_1_89' title='bbox 1064 1287 1213 1347; x_wconf 86' lang='lat' dir='ltr'>maxime</span> 
     </span>
    </p>
   </div>
   <div class='ocr_carea' id='block_1_3' title="bbox 103 1390 844 1558">
    <p class='ocr_par' dir='ltr' id='par_1_3' title="bbox 103 1390 844 1558">
     <span class='ocr_line' id='line_1_12' title="bbox 103 1390 394 1453; baseline 0.007 -3"><span class='ocrx_word' id='word_1_90' title='bbox 103 1390 394 1453; x_wconf 90' lang='lat' dir='ltr'>accommodatus.</span> 
     </span>
     <span class='ocr_line' id='line_1_13' title="bbox 495 1475 844 1558; baseline -0.011 -16"><span class='ocrx_word' id='word_1_91' title='bbox 495 1475 675 1551; x_wconf 65' lang='lat' dir='ltr'>Corollaria</span> <span class='ocrx_word' id='word_1_92' title='bbox 684 1476 844 1558; x_wconf 61' lang='lat' dir='ltr'>pictatio.</span> 
     </span>
    </p>
   </div>
   <div class='ocr_carea' id='block_1_4' title="bbox 105 1595 1217 3835">
    <p class='ocr_par' dir='ltr' id='par_1_4' title="bbox 105 1595 1211 1746">
     <span class='ocr_line' id='line_1_14' title="bbox 146 1595 1211 1668; baseline 0.001 -17"><span class='ocrx_word' id='word_1_93' title='bbox 146 1599 206 1651; x_wconf 82' lang='lat'>168.</span> <span class='ocrx_word' id='word_1_94' title='bbox 247 1595 291 1652; x_wconf 89' lang='lat' dir='ltr'>Ex</span> <span class='ocrx_word' id='word_1_95' title='bbox 304 1595 525 1668; x_wconf 85' lang='lat' dir='ltr'>omnibusquae</span> <span class='ocrx_word' id='word_1_96' title='bbox 544 1597 573 1653; x_wconf 94' lang='lat' dir='ltr'>in</span> <span class='ocrx_word' id='word_1_97' title='bbox 593 1596 651 1654; x_wconf 89' lang='lat' dir='ltr'>hoc</span> <span class='ocrx_word' id='word_1_98' title='bbox 670 1597 767 1668; x_wconf 90' lang='lat' dir='ltr'>capite</span> <span class='ocrx_word' id='word_1_99' title='bbox 779 1595 1004 1667; x_wconf 88' lang='lat' dir='ltr'>disputavimus,</span> <span class='ocrx_word' id='word_1_100' title='bbox 1021 1604 1128 1666; x_wconf 88' lang='lat' dir='ltr'>sponte</span> <span class='ocrx_word' id='word_1_101' title='bbox 1148 1595 1211 1653; x_wconf 88' lang='lat' dir='ltr'>fluit</span> 
     </span>
     <span class='ocr_line' id='line_1_15' title="bbox 105 1680 741 1746; baseline 0.002 -8"><span class='ocrx_word' id='word_1_102' title='bbox 105 1698 169 1740; x_wconf 92' lang='lat' dir='ltr'>nos</span> <span class='ocrx_word' id='word_1_103' title='bbox 183 1680 335 1740; x_wconf 87' lang='lat' dir='ltr'>Christum</span> <span class='ocrx_word' id='word_1_104' title='bbox 349 1701 451 1746; x_wconf 67' lang='lat' dir='ltr'>amare,</span> <span class='ocrx_word' id='word_1_105' title='bbox 461 1694 490 1742; x_wconf 91' lang='lat' dir='ltr'>et</span> <span class='ocrx_word' id='word_1_106' title='bbox 503 1684 609 1741; x_wconf 86' lang='lat' dir='ltr'>imitari</span> <span class='ocrx_word' id='word_1_107' title='bbox 622 1682 741 1741; x_wconf 89' lang='lat' dir='ltr'>debere.</span> 
     </span>
    </p>

    <p class='ocr_par' dir='ltr' id='par_1_5' title="bbox 106 1767 1217 3835">
     <span class='ocr_line' id='line_1_16' title="bbox 147 1767 1211 1842; baseline 0.001 -19"><span class='ocrx_word' id='word_1_108' title='bbox 147 1782 181 1823; x_wconf 88' lang='lat'>10</span> <span class='ocrx_word' id='word_1_109' title='bbox 202 1767 351 1826; x_wconf 78' lang='lat' dir='ltr'>Christum</span> <span class='ocrx_word' id='word_1_110' title='bbox 362 1769 493 1842; x_wconf 72' lang='lat' dir='ltr'>fomenti</span> <span class='ocrx_word' id='word_1_111' title='bbox 508 1788 605 1827; x_wconf 82' lang='lat' dir='ltr'>amore</span> <span class='ocrx_word' id='word_1_112' title='bbox 616 1769 756 1841; x_wconf 79' lang='lat' dir='ltr'>prosequi</span> <span class='ocrx_word' id='word_1_113' title='bbox 772 1769 905 1824; x_wconf 82' lang='lat' dir='ltr'>debemus.</span> <span class='ocrx_word' id='word_1_114' title='bbox 943 1767 1013 1824; x_wconf 88' lang='lat' dir='ltr'>Tria</span> <span class='ocrx_word' id='word_1_115' title='bbox 1034 1768 1115 1825; x_wconf 89' lang='lat' dir='ltr'>enim</span> <span class='ocrx_word' id='word_1_116' title='bbox 1142 1780 1211 1824; x_wconf 91' lang='lat' dir='ltr'>sunt</span> 
     </span>
     <span class='ocr_line' id='line_1_17' title="bbox 106 1853 1207 1928; baseline -0.002 -16"><span class='ocrx_word' id='word_1_117' title='bbox 106 1853 226 1912; x_wconf 88' lang='lat' dir='ltr'>amoris</span> <span class='ocrx_word' id='word_1_118' title='bbox 237 1855 400 1915; x_wconf 89' lang='lat' dir='ltr'>incentiva:</span> <span class='ocrx_word' id='word_1_119' title='bbox 420 1856 538 1928; x_wconf 82' lang='lat' dir='ltr'>bonitas,</span> <span class='ocrx_word' id='word_1_120' title='bbox 555 1856 694 1926; x_wconf 82' lang='lat' dir='ltr'>beneficia,</span> <span class='ocrx_word' id='word_1_121' title='bbox 711 1855 820 1911; x_wconf 84' lang='lat' dir='ltr'>amoris</span> <span class='ocrx_word' id='word_1_122' title='bbox 831 1854 994 1913; x_wconf 87' lang='lat' dir='ltr'>exhibitio:</span> <span class='ocrx_word' id='word_1_123' title='bbox 1014 1855 1062 1925; x_wconf 84' lang='lat' dir='ltr'>(A)</span> <span class='ocrx_word' id='word_1_124' title='bbox 1072 1855 1207 1922; x_wconf 82' lang='lat' dir='ltr'>Bonitas,</span> 
     </span>
     <span class='ocr_line' id='line_1_18' title="bbox 107 1939 1211 2017; baseline -0.006 -17"><span class='ocrx_word' id='word_1_125' title='bbox 107 1943 186 2015; x_wconf 90' lang='lat' dir='ltr'>quia</span> <span class='ocrx_word' id='word_1_126' title='bbox 197 1962 283 2003; x_wconf 90' lang='lat' dir='ltr'>amor</span> <span class='ocrx_word' id='word_1_127' title='bbox 294 1945 384 2003; x_wconf 84' lang='lat' dir='ltr'>fertur</span> <span class='ocrx_word' id='word_1_128' title='bbox 396 1947 426 2002; x_wconf 92' lang='lat' dir='ltr'>in</span> <span class='ocrx_word' id='word_1_129' title='bbox 441 1945 552 2003; x_wconf 90' lang='lat' dir='ltr'>bonum</span> <span class='ocrx_word' id='word_1_130' title='bbox 560 1965 568 2017; x_wconf 91' lang='lat'>;</span> <span class='ocrx_word' id='word_1_131' title='bbox 585 1947 717 2016; x_wconf 76' lang='lat' dir='ltr'>Jamvero</span> <span class='ocrx_word' id='word_1_132' title='bbox 730 1944 760 2000; x_wconf 93' lang='lat' dir='ltr'>in</span> <span class='ocrx_word' id='word_1_133' title='bbox 771 1942 891 2002; x_wconf 88' lang='lat' dir='ltr'>Christo</span> <span class='ocrx_word' id='word_1_134' title='bbox 904 1951 948 2000; x_wconf 91' lang='lat' dir='ltr'>est</span> <span class='ocrx_word' id='word_1_135' title='bbox 958 1940 1114 2012; x_wconf 90' lang='lat' dir='ltr'>plenitudo</span> <span class='ocrx_word' id='word_1_136' title='bbox 1127 1939 1211 1997; x_wconf 91' lang='lat' dir='ltr'>boni-</span> 
     </span>
     <span class='ocr_line' id='line_1_19' title="bbox 108 2028 1214 2106; baseline -0.003 -19"><span class='ocrx_word' id='word_1_137' title='bbox 108 2029 183 2088; x_wconf 90' lang='lat' dir='ltr'>tatis</span> <span class='ocrx_word' id='word_1_138' title='bbox 203 2041 235 2088; x_wconf 92' lang='lat' dir='ltr'>et</span> <span class='ocrx_word' id='word_1_139' title='bbox 252 2032 501 2104; x_wconf 91' lang='lat' dir='ltr'>pulchritudinis:</span> <span class='ocrx_word' id='word_1_140' title='bbox 522 2036 562 2104; x_wconf 78' lang='lat' dir='ltr'>(a)</span> <span class='ocrx_word' id='word_1_141' title='bbox 576 2034 605 2090; x_wconf 91' lang='lat' dir='ltr'>in</span> <span class='ocrx_word' id='word_1_142' title='bbox 625 2033 690 2106; x_wconf 91' lang='lat' dir='ltr'>ipso</span> <span class='ocrx_word' id='word_1_143' title='bbox 709 2032 857 2103; x_wconf 91' lang='lat' dir='ltr'>siquidem</span> <span class='ocrx_word' id='word_1_144' title='bbox 877 2029 1032 2102; x_wconf 89' lang='lat' dir='ltr'>plenitudo</span> <span class='ocrx_word' id='word_1_145' title='bbox 1050 2028 1214 2086; x_wconf 85' lang='lat' dir='ltr'>divinitatis</span> 
     </span>
     <span class='ocr_line' id='line_1_20' title="bbox 107 2116 1214 2192; baseline -0.002 -18"><span class='ocrx_word' id='word_1_146' title='bbox 107 2118 310 2190; x_wconf 88' lang='lat' dir='ltr'>corporaliter</span> <span class='ocrx_word' id='word_1_147' title='bbox 322 2119 476 2188; x_wconf 89' lang='lat' dir='ltr'>inhabitat,</span> <span class='ocrx_word' id='word_1_148' title='bbox 489 2120 676 2192; x_wconf 82' lang='lat' dir='ltr'>proindeque</span> <span class='ocrx_word' id='word_1_149' title='bbox 690 2136 794 2176; x_wconf 90' lang='lat' dir='ltr'>omnes</span> <span class='ocrx_word' id='word_1_150' title='bbox 808 2117 916 2176; x_wconf 87' lang='lat' dir='ltr'>divinae</span> <span class='ocrx_word' id='word_1_151' title='bbox 929 2116 1125 2189; x_wconf 68' lang='lat' dir='ltr'>perfectiones</span> <span class='ocrx_word' id='word_1_152' title='bbox 1139 2135 1214 2188; x_wconf 85' lang='lat' dir='ltr'>quas</span> 
     </span>
     <span class='ocr_line' id='line_1_21' title="bbox 109 2204 1213 2285; baseline 0 -24"><span class='ocrx_word' id='word_1_153' title='bbox 109 2205 142 2262; x_wconf 90' lang='lat' dir='ltr'>in</span> <span class='ocrx_word' id='word_1_154' title='bbox 161 2205 215 2262; x_wconf 80' lang='lat' dir='ltr'>Tr.</span> <span class='ocrx_word' id='word_1_155' title='bbox 231 2206 264 2262; x_wconf 83' lang='lat' dir='ltr'>do</span> <span class='ocrx_word' id='word_1_156' title='bbox 282 2207 348 2264; x_wconf 84' lang='lat' dir='ltr'>Deo</span> <span class='ocrx_word' id='word_1_157' title='bbox 374 2208 438 2285; x_wconf 72' lang='lat' dir='ltr'>Uno</span> <span class='ocrx_word' id='word_1_158' title='bbox 456 2207 684 2279; x_wconf 90' lang='lat' dir='ltr'>descripsimus;</span> <span class='ocrx_word' id='word_1_159' title='bbox 714 2207 767 2264; x_wconf 92' lang='lat' dir='ltr'>sed</span> <span class='ocrx_word' id='word_1_160' title='bbox 790 2205 861 2278; x_wconf 87' lang='lat' dir='ltr'>quia</span> <span class='ocrx_word' id='word_1_161' title='bbox 879 2206 1027 2277; x_wconf 80' lang='lat' dir='ltr'>persetlus</span> <span class='ocrx_word' id='word_1_162' title='bbox 1046 2215 1091 2262; x_wconf 91' lang='lat' dir='ltr'>est</span> <span class='ocrx_word' id='word_1_163' title='bbox 1111 2204 1213 2271; x_wconf 89' lang='lat' dir='ltr'>hom0,</span> 
     </span>
     <span class='ocr_line' id='line_1_22' title="bbox 108 2291 1212 2366; baseline -0.002 -17"><span class='ocrx_word' id='word_1_164' title='bbox 108 2309 223 2349; x_wconf 92' lang='lat' dir='ltr'>omnes</span> <span class='ocrx_word' id='word_1_165' title='bbox 232 2293 352 2351; x_wconf 90' lang='lat' dir='ltr'>virtutes</span> <span class='ocrx_word' id='word_1_166' title='bbox 364 2312 399 2351; x_wconf 89' lang='lat' dir='ltr'>ac</span> <span class='ocrx_word' id='word_1_167' title='bbox 407 2295 503 2360; x_wconf 89' lang='lat' dir='ltr'>dotes,</span> <span class='ocrx_word' id='word_1_168' title='bbox 516 2312 589 2366; x_wconf 87' lang='lat' dir='ltr'>quas</span> <span class='ocrx_word' id='word_1_169' title='bbox 602 2294 632 2349; x_wconf 93' lang='lat' dir='ltr'>in</span> <span class='ocrx_word' id='word_1_170' title='bbox 643 2292 816 2350; x_wconf 91' lang='lat' dir='ltr'>hominibus</span> <span class='ocrx_word' id='word_1_171' title='bbox 829 2291 926 2349; x_wconf 90' lang='lat' dir='ltr'>mirari</span> <span class='ocrx_word' id='word_1_172' title='bbox 940 2291 1018 2359; x_wconf 89' lang='lat' dir='ltr'>licet,</span> <span class='ocrx_word' id='word_1_173' title='bbox 1029 2291 1059 2348; x_wconf 93' lang='lat' dir='ltr'>in</span> <span class='ocrx_word' id='word_1_174' title='bbox 1072 2308 1110 2348; x_wconf 90' lang='lat' dir='ltr'>eo</span> <span class='ocrx_word' id='word_1_175' title='bbox 1123 2293 1212 2348; x_wconf 90' lang='lat' dir='ltr'>maxi·</span> 
     </span>
     <span class='ocr_line' id='line_1_23' title="bbox 109 2378 1213 2453; baseline 0.002 -19"><span class='ocrx_word' id='word_1_176' title='bbox 109 2395 165 2437; x_wconf 91' lang='lat' dir='ltr'>mo</span> <span class='ocrx_word' id='word_1_177' title='bbox 174 2379 270 2450; x_wconf 85' lang='lat' dir='ltr'>gradu</span> <span class='ocrx_word' id='word_1_178' title='bbox 284 2380 490 2453; x_wconf 89' lang='lat' dir='ltr'>inveniuntur;</span> <span class='ocrx_word' id='word_1_179' title='bbox 509 2383 550 2451; x_wconf 89' lang='lat' dir='ltr'>(b)</span> <span class='ocrx_word' id='word_1_180' title='bbox 563 2382 659 2438; x_wconf 91' lang='lat' dir='ltr'>elucet</span> <span class='ocrx_word' id='word_1_181' title='bbox 672 2380 780 2451; x_wconf 89' lang='lat' dir='ltr'>pariter</span> <span class='ocrx_word' id='word_1_182' title='bbox 792 2380 821 2436; x_wconf 91' lang='lat' dir='ltr'>in</span> <span class='ocrx_word' id='word_1_183' title='bbox 835 2398 872 2437; x_wconf 90' lang='lat' dir='ltr'>eo</span> <span class='ocrx_word' id='word_1_184' title='bbox 887 2379 1042 2451; x_wconf 89' lang='lat' dir='ltr'>plenitudo</span> <span class='ocrx_word' id='word_1_185' title='bbox 1051 2378 1213 2450; x_wconf 90' lang='lat' dir='ltr'>pulchritu-</span> 
     </span>
     <span class='ocr_line' id='line_1_24' title="bbox 108 2465 1212 2540; baseline -0.002 -17"><span class='ocrx_word' id='word_1_186' title='bbox 108 2465 204 2535; x_wconf 91' lang='lat' dir='ltr'>dinis,</span> <span class='ocrx_word' id='word_1_187' title='bbox 214 2483 282 2538; x_wconf 87' lang='lat' dir='ltr'>quae</span> <span class='ocrx_word' id='word_1_188' title='bbox 293 2477 357 2525; x_wconf 91' lang='lat' dir='ltr'>tum</span> <span class='ocrx_word' id='word_1_189' title='bbox 368 2485 403 2526; x_wconf 88' lang='lat' dir='ltr'>ex</span> <span class='ocrx_word' id='word_1_190' title='bbox 414 2468 516 2540; x_wconf 87' lang='lat' dir='ltr'>gratiae</span> <span class='ocrx_word' id='word_1_191' title='bbox 525 2467 719 2532; x_wconf 67' lang='lat' dir='ltr'>abundantii,</span> <span class='ocrx_word' id='word_1_192' title='bbox 729 2477 791 2523; x_wconf 92' lang='lat' dir='ltr'>tum</span> <span class='ocrx_word' id='word_1_193' title='bbox 806 2485 841 2524; x_wconf 88' lang='lat' dir='ltr'>ex</span> <span class='ocrx_word' id='word_1_194' title='bbox 852 2477 964 2524; x_wconf 85' lang='lat' dir='ltr'>naturae</span> <span class='ocrx_word' id='word_1_195' title='bbox 974 2466 1060 2524; x_wconf 90' lang='lat' dir='ltr'>donis</span> <span class='ocrx_word' id='word_1_196' title='bbox 1071 2466 1193 2523; x_wconf 88' lang='lat' dir='ltr'>resultat</span> <span class='ocrx_word' id='word_1_197' title='bbox 1207 2487 1212 2521; x_wconf 93' lang='lat'>:</span> 
     </span>
     <span class='ocr_line' id='line_1_25' title="bbox 113 2552 1213 2627; baseline -0.005 -15"><span class='ocrx_word' id='word_1_198' title='bbox 113 2553 309 2626; x_wconf 88' lang='lat' dir='ltr'>“Speciosus</span> <span class='ocrx_word' id='word_1_199' title='bbox 321 2555 416 2612; x_wconf 67' lang='lat' dir='ltr'>forma</span> <span class='ocrx_word' id='word_1_200' title='bbox 433 2573 494 2627; x_wconf 87' lang='lat' dir='ltr'>prae</span> <span class='ocrx_word' id='word_1_201' title='bbox 513 2554 579 2611; x_wconf 87' lang='lat' dir='ltr'>filiis</span> <span class='ocrx_word' id='word_1_202' title='bbox 598 2553 762 2623; x_wconf 92' lang='lat' dir='ltr'>hominum,</span> <span class='ocrx_word' id='word_1_203' title='bbox 780 2553 886 2610; x_wconf 84' lang='lat' dir='ltr'>diflusa</span> <span class='ocrx_word' id='word_1_204' title='bbox 905 2564 949 2610; x_wconf 90' lang='lat' dir='ltr'>est</span> <span class='ocrx_word' id='word_1_205' title='bbox 968 2553 1061 2623; x_wconf 87' lang='lat' dir='ltr'>gratia</span> <span class='ocrx_word' id='word_1_206' title='bbox 1077 2552 1107 2608; x_wconf 93' lang='lat' dir='ltr'>in</span> <span class='ocrx_word' id='word_1_207' title='bbox 1127 2552 1213 2609; x_wconf 83' lang='lat' dir='ltr'>labiis</span> 
     </span>
     <span class='ocr_line' id='line_1_26' title="bbox 109 2638 1213 2713; baseline -0.005 -14"><span class='ocrx_word' id='word_1_208' title='bbox 109 2642 172 2699; x_wconf 91' lang='lat' dir='ltr'>tuis</span> <span class='ocrx_word' id='word_1_209' title='bbox 183 2639 222 2698; x_wconf 78' lang='lat'>&#39;&#39;².</span> <span class='ocrx_word' id='word_1_210' title='bbox 252 2641 262 2706; x_wconf 80' lang='lat' dir='ltr'>l</span> <span class='ocrx_word' id='word_1_211' title='bbox 267 2642 301 2711; x_wconf 86' lang='lat' dir='ltr'>B)</span> <span class='ocrx_word' id='word_1_212' title='bbox 310 2640 455 2713; x_wconf 63' lang='lat' dir='ltr'>Beneficio</span> <span class='ocrx_word' id='word_1_213' title='bbox 469 2641 576 2713; x_wconf 88' lang='lat' dir='ltr'>pariter</span> <span class='ocrx_word' id='word_1_214' title='bbox 587 2641 627 2700; x_wconf 88' lang='lat' dir='ltr'>ad</span> <span class='ocrx_word' id='word_1_215' title='bbox 636 2658 769 2698; x_wconf 90' lang='lat' dir='ltr'>amorem</span> <span class='ocrx_word' id='word_1_216' title='bbox 780 2650 951 2711; x_wconf 88' lang='lat' dir='ltr'>provocant,</span> <span class='ocrx_word' id='word_1_217' title='bbox 964 2657 1057 2710; x_wconf 90' lang='lat' dir='ltr'>quum</span> <span class='ocrx_word' id='word_1_218' title='bbox 1072 2639 1113 2695; x_wconf 88' lang='lat' dir='ltr'>eis</span> <span class='ocrx_word' id='word_1_219' title='bbox 1127 2638 1213 2696; x_wconf 86' lang='lat' dir='ltr'>bruta</span> 
     </span>
     <span class='ocr_line' id='line_1_27' title="bbox 108 2725 1215 2800; baseline -0.003 -15"><span class='ocrx_word' id='word_1_220' title='bbox 108 2743 239 2800; x_wconf 87' lang='lat' dir='ltr'>quoque</span> <span class='ocrx_word' id='word_1_221' title='bbox 248 2727 464 2800; x_wconf 84' lang='lat' dir='ltr'>devinciantur3</span> <span class='ocrx_word' id='word_1_222' title='bbox 482 2726 565 2799; x_wconf 87' lang='lat' dir='ltr'>atqui</span> <span class='ocrx_word' id='word_1_223' title='bbox 577 2727 712 2785; x_wconf 90' lang='lat' dir='ltr'>Christus</span> <span class='ocrx_word' id='word_1_224' title='bbox 724 2725 876 2782; x_wconf 86' lang='lat' dir='ltr'>beneficiis</span> <span class='ocrx_word' id='word_1_225' title='bbox 888 2743 941 2781; x_wconf 92' lang='lat' dir='ltr'>nos</span> <span class='ocrx_word' id='word_1_226' title='bbox 950 2725 1093 2790; x_wconf 88' lang='lat' dir='ltr'>oneravit,</span> <span class='ocrx_word' id='word_1_227' title='bbox 1107 2725 1215 2793; x_wconf 65' lang='lat' dir='ltr'>verbis</span> 
     </span>
     <span class='ocr_line' id='line_1_28' title="bbox 109 2811 1211 2886; baseline -0.005 -14"><span class='ocrx_word' id='word_1_228' title='bbox 109 2814 270 2886; x_wconf 73' lang='lat' dir='ltr'>exemplis</span> <span class='ocrx_word' id='word_1_229' title='bbox 285 2815 456 2886; x_wconf 89' lang='lat' dir='ltr'>meritisque</span> <span class='ocrx_word' id='word_1_230' title='bbox 469 2832 524 2871; x_wconf 94' lang='lat' dir='ltr'>nos</span> <span class='ocrx_word' id='word_1_231' title='bbox 536 2814 575 2871; x_wconf 87' lang='lat' dir='ltr'>ad</span> <span class='ocrx_word' id='word_1_232' title='bbox 589 2814 741 2871; x_wconf 87' lang='lat' dir='ltr'>coelestem</span> <span class='ocrx_word' id='word_1_233' title='bbox 756 2812 880 2883; x_wconf 88' lang='lat' dir='ltr'>patriam</span> <span class='ocrx_word' id='word_1_234' title='bbox 894 2811 1039 2869; x_wconf 86' lang='lat' dir='ltr'>trahendo</span> <span class='ocrx_word' id='word_1_235' title='bbox 1056 2832 1062 2867; x_wconf 92' lang='lat'>:</span> <span class='ocrx_word' id='word_1_236' title='bbox 1092 2814 1113 2840; x_wconf 87' lang='lat'><em>“</em></span> <span class='ocrx_word' id='word_1_237' title='bbox 1126 2813 1211 2881; x_wconf 89' lang='lat' dir='ltr'>Ama,</span> 
     </span>
     <span class='ocr_line' id='line_1_29' title="bbox 110 2898 1214 2974; baseline -0.004 -16"><span class='ocrx_word' id='word_1_238' title='bbox 110 2900 215 2973; x_wconf 90' lang='lat' dir='ltr'>inquit</span> <span class='ocrx_word' id='word_1_239' title='bbox 223 2901 415 2974; x_wconf 79' lang='lat' dir='ltr'>Augustinus,</span> <span class='ocrx_word' id='word_1_240' title='bbox 427 2918 558 2959; x_wconf 87' lang='lat' dir='ltr'>amorem</span> <span class='ocrx_word' id='word_1_241' title='bbox 567 2899 652 2970; x_wconf 90' lang='lat' dir='ltr'>illius,</span> <span class='ocrx_word' id='word_1_242' title='bbox 666 2900 716 2972; x_wconf 90' lang='lat' dir='ltr'>qui</span> <span class='ocrx_word' id='word_1_243' title='bbox 726 2916 827 2955; x_wconf 89' lang='lat' dir='ltr'>amore</span> <span class='ocrx_word' id='word_1_244' title='bbox 837 2898 879 2955; x_wconf 89' lang='lat' dir='ltr'>tui</span> <span class='ocrx_word' id='word_1_245' title='bbox 892 2898 1001 2956; x_wconf 88' lang='lat' dir='ltr'>amoris</span> <span class='ocrx_word' id='word_1_246' title='bbox 1014 2898 1169 2956; x_wconf 88' lang='lat' dir='ltr'>descendit</span> <span class='ocrx_word' id='word_1_247' title='bbox 1183 2898 1214 2955; x_wconf 92' lang='lat' dir='ltr'>in</span> 
     </span>
     <span class='ocr_line' id='line_1_30' title="bbox 110 2985 1214 3061; baseline -0.003 -15"><span class='ocrx_word' id='word_1_248' title='bbox 110 2998 235 3046; x_wconf 91' lang='lat' dir='ltr'>uterum</span> <span class='ocrx_word' id='word_1_249' title='bbox 248 2989 387 3061; x_wconf 86' lang='lat' dir='ltr'>Virginis,</span> <span class='ocrx_word' id='word_1_250' title='bbox 402 2998 432 3047; x_wconf 91' lang='lat' dir='ltr'>et</span> <span class='ocrx_word' id='word_1_251' title='bbox 445 2987 486 3046; x_wconf 92' lang='lat' dir='ltr'>ibi</span> <span class='ocrx_word' id='word_1_252' title='bbox 505 3007 635 3046; x_wconf 88' lang='lat' dir='ltr'>amorem</span> <span class='ocrx_word' id='word_1_253' title='bbox 656 3005 743 3045; x_wconf 91' lang='lat' dir='ltr'>suum</span> <span class='ocrx_word' id='word_1_254' title='bbox 762 2985 856 3043; x_wconf 91' lang='lat' dir='ltr'>amori</span> <span class='ocrx_word' id='word_1_255' title='bbox 875 2995 927 3043; x_wconf 91' lang='lat' dir='ltr'>tuo</span> <span class='ocrx_word' id='word_1_256' title='bbox 946 2986 1105 3057; x_wconf 89' lang='lat' dir='ltr'>copulavit,</span> <span class='ocrx_word' id='word_1_257' title='bbox 1120 2987 1214 3043; x_wconf 92' lang='lat' dir='ltr'>humi-</span> 
     </span>
     <span class='ocr_line' id='line_1_31' title="bbox 112 3072 1216 3146; baseline 0.001 -17"><span class='ocrx_word' id='word_1_258' title='bbox 112 3074 220 3133; x_wconf 90' lang='lat' dir='ltr'>liando</span> <span class='ocrx_word' id='word_1_259' title='bbox 232 3092 273 3142; x_wconf 91' lang='lat' dir='ltr'>se,</span> <span class='ocrx_word' id='word_1_260' title='bbox 285 3075 477 3134; x_wconf 86' lang='lat' dir='ltr'>sublimando</span> <span class='ocrx_word' id='word_1_261' title='bbox 490 3086 528 3144; x_wconf 91' lang='lat' dir='ltr'>te,</span> <span class='ocrx_word' id='word_1_262' title='bbox 538 3072 752 3146; x_wconf 87' lang='lat' dir='ltr'>conjungendo</span> <span class='ocrx_word' id='word_1_263' title='bbox 769 3072 871 3129; x_wconf 92' lang='lat' dir='ltr'>lumen</span> <span class='ocrx_word' id='word_1_264' title='bbox 885 3090 945 3130; x_wconf 76' lang='lat' dir='ltr'>suae</span> <span class='ocrx_word' id='word_1_265' title='bbox 957 3073 1133 3130; x_wconf 78' lang='lat' dir='ltr'>aeternitatis</span> <span class='ocrx_word' id='word_1_266' title='bbox 1142 3074 1216 3130; x_wconf 90' lang='lat' dir='ltr'>limo</span> 
     </span>
     <span class='ocr_line' id='line_1_32' title="bbox 112 3160 1213 3234; baseline -0.001 -14"><span class='ocrx_word' id='word_1_267' title='bbox 112 3174 176 3220; x_wconf 88' lang='lat' dir='ltr'>tuae</span> <span class='ocrx_word' id='word_1_268' title='bbox 203 3163 441 3220; x_wconf 77' lang='lat' dir='ltr'>mortalitatis&#39;&#39;³.</span> <span class='ocrx_word' id='word_1_269' title='bbox 481 3163 529 3233; x_wconf 85' lang='lat' dir='ltr'>(C)</span> <span class='ocrx_word' id='word_1_270' title='bbox 550 3163 645 3218; x_wconf 82' lang='lat' dir='ltr'>Amor</span> <span class='ocrx_word' id='word_1_271' title='bbox 671 3163 801 3234; x_wconf 91' lang='lat' dir='ltr'>denique</span> <span class='ocrx_word' id='word_1_272' title='bbox 821 3170 952 3217; x_wconf 90' lang='lat' dir='ltr'>amatum</span> <span class='ocrx_word' id='word_1_273' title='bbox 980 3160 1037 3217; x_wconf 89' lang='lat' dir='ltr'>sibi</span> <span class='ocrx_word' id='word_1_274' title='bbox 1056 3162 1213 3225; x_wconf 88' lang='lat' dir='ltr'>conciliat,</span> 
     </span>
     <span class='ocr_line' id='line_1_33' title="bbox 112 3249 1216 3322; baseline -0.002 -14"><span class='ocrx_word' id='word_1_275' title='bbox 112 3249 200 3322; x_wconf 90' lang='lat' dir='ltr'>atqui</span> <span class='ocrx_word' id='word_1_276' title='bbox 223 3250 388 3310; x_wconf 90' lang='lat' dir='ltr'>“Christus</span> <span class='ocrx_word' id='word_1_277' title='bbox 405 3249 509 3309; x_wconf 88' lang='lat' dir='ltr'>dilexit</span> <span class='ocrx_word' id='word_1_278' title='bbox 528 3268 583 3308; x_wconf 91' lang='lat' dir='ltr'>nos</span> <span class='ocrx_word' id='word_1_279' title='bbox 609 3261 638 3308; x_wconf 89' lang='lat' dir='ltr'>et</span> <span class='ocrx_word' id='word_1_280' title='bbox 657 3251 778 3308; x_wconf 90' lang='lat' dir='ltr'>tradidit</span> <span class='ocrx_word' id='word_1_281' title='bbox 798 3249 992 3319; x_wconf 89' lang='lat' dir='ltr'>semetipsum</span> <span class='ocrx_word' id='word_1_282' title='bbox 1012 3267 1066 3320; x_wconf 85' lang='lat' dir='ltr'>pro</span> <span class='ocrx_word' id='word_1_283' title='bbox 1085 3249 1197 3306; x_wconf 88' lang='lat' dir='ltr'>nobis’&#39;</span> <span class='ocrx_word' id='word_1_284' title='bbox 1208 3272 1216 3320; x_wconf 86' lang='grc'>;</span> 
     </span>
     <span class='ocr_line' id='line_1_34' title="bbox 113 3335 1213 3408; baseline -0.001 -14"><span class='ocrx_word' id='word_1_285' title='bbox 113 3335 256 3395; x_wconf 88' lang='lat' dir='ltr'>videlicet</span> <span class='ocrx_word' id='word_1_286' title='bbox 267 3347 336 3407; x_wconf 91' lang='lat' dir='ltr'>post</span> <span class='ocrx_word' id='word_1_287' title='bbox 348 3336 428 3394; x_wconf 91' lang='lat' dir='ltr'>dona</span> <span class='ocrx_word' id='word_1_288' title='bbox 440 3354 493 3393; x_wconf 87' lang='lat' dir='ltr'>sua</span> <span class='ocrx_word' id='word_1_289' title='bbox 505 3336 589 3394; x_wconf 87' lang='lat' dir='ltr'>dedit</span> <span class='ocrx_word' id='word_1_290' title='bbox 603 3337 742 3408; x_wconf 88' lang='lat' dir='ltr'>seipsum,</span> <span class='ocrx_word' id='word_1_291' title='bbox 760 3337 844 3394; x_wconf 86' lang='lat' dir='ltr'>dedit</span> <span class='ocrx_word' id='word_1_292' title='bbox 857 3335 895 3393; x_wconf 90' lang='lat' dir='ltr'>ad</span> <span class='ocrx_word' id='word_1_293' title='bbox 909 3336 1084 3406; x_wconf 90' lang='lat' dir='ltr'>patiendum</span> <span class='ocrx_word' id='word_1_294' title='bbox 1104 3346 1133 3393; x_wconf 89' lang='lat' dir='ltr'>et</span> <span class='ocrx_word' id='word_1_295' title='bbox 1153 3354 1213 3393; x_wconf 92' lang='lat' dir='ltr'>mo-</span> 
     </span>
     <span class='ocr_line' id='line_1_35' title="bbox 113 3423 1216 3496; baseline 0 -15"><span class='ocrx_word' id='word_1_296' title='bbox 113 3424 264 3492; x_wconf 88' lang='lat' dir='ltr'>riendum,</span> <span class='ocrx_word' id='word_1_297' title='bbox 276 3423 360 3482; x_wconf 89' lang='lat' dir='ltr'>dedit</span> <span class='ocrx_word' id='word_1_298' title='bbox 372 3424 511 3495; x_wconf 82' lang='lat' dir='ltr'>indignis,</span> <span class='ocrx_word' id='word_1_299' title='bbox 528 3424 612 3482; x_wconf 86' lang='lat' dir='ltr'>dedit</span> <span class='ocrx_word' id='word_1_300' title='bbox 631 3425 760 3496; x_wconf 71' lang='lat' dir='ltr'>ingratis</span> <span class='ocrx_word' id='word_1_301' title='bbox 773 3424 861 3481; x_wconf 90' lang='lat' dir='ltr'>nullis</span> <span class='ocrx_word' id='word_1_302' title='bbox 875 3423 1013 3479; x_wconf 86' lang='lat' dir='ltr'>invitatus</span> <span class='ocrx_word' id='word_1_303' title='bbox 1028 3423 1146 3492; x_wconf 70' lang='lat' dir='ltr'>meritis</span> <span class='ocrx_word' id='word_1_304' title='bbox 1163 3425 1216 3481; x_wconf 91' lang='lat' dir='ltr'>sed</span> 
     </span>
     <span class='ocr_line' id='line_1_36' title="bbox 115 3509 1217 3586; baseline -0.005 -16"><span class='ocrx_word' id='word_1_305' title='bbox 115 3512 218 3586; x_wconf 90' lang='lat' dir='ltr'>potius</span> <span class='ocrx_word' id='word_1_306' title='bbox 242 3523 430 3584; x_wconf 87' lang='lat' dir='ltr'>exasperatus</span> <span class='ocrx_word' id='word_1_307' title='bbox 456 3512 576 3570; x_wconf 84' lang='lat' dir='ltr'>offensis</span> <span class='ocrx_word' id='word_1_308' title='bbox 584 3532 592 3583; x_wconf 76' lang='lat'><em>3</em></span> <span class='ocrx_word' id='word_1_309' title='bbox 633 3514 804 3583; x_wconf 91' lang='lat' dir='ltr'>“majorem</span> <span class='ocrx_word' id='word_1_310' title='bbox 833 3511 889 3567; x_wconf 71' lang='lat' dir='ltr'>hac</span> <span class='ocrx_word' id='word_1_311' title='bbox 908 3509 1101 3568; x_wconf 72' lang='lat' dir='ltr'>dilettionem</span> <span class='ocrx_word' id='word_1_312' title='bbox 1127 3527 1217 3566; x_wconf 90' lang='lat' dir='ltr'>nemo</span> 
     </span>
     <span class='ocr_line' id='line_1_37' title="bbox 115 3597 1214 3672; baseline -0.005 -14"><span class='ocrx_word' id='word_1_313' title='bbox 115 3599 209 3658; x_wconf 83' lang='lat' dir='ltr'>habet</span> <span class='ocrx_word' id='word_1_314' title='bbox 221 3609 254 3657; x_wconf 92' lang='lat' dir='ltr'>ut</span> <span class='ocrx_word' id='word_1_315' title='bbox 265 3600 396 3657; x_wconf 90' lang='lat' dir='ltr'>animam</span> <span class='ocrx_word' id='word_1_316' title='bbox 409 3619 493 3658; x_wconf 88' lang='lat' dir='ltr'>suam</span> <span class='ocrx_word' id='word_1_317' title='bbox 507 3611 599 3672; x_wconf 88' lang='lat' dir='ltr'>ponat</span> <span class='ocrx_word' id='word_1_318' title='bbox 613 3601 679 3672; x_wconf 85' lang='lat' dir='ltr'>quis</span> <span class='ocrx_word' id='word_1_319' title='bbox 693 3620 747 3672; x_wconf 91' lang='lat' dir='ltr'>pro</span> <span class='ocrx_word' id='word_1_320' title='bbox 760 3600 862 3657; x_wconf 89' lang='lat' dir='ltr'>amicis</span> <span class='ocrx_word' id='word_1_321' title='bbox 876 3598 936 3655; x_wconf 89' lang='lat' dir='ltr'>suis</span> <span class='ocrx_word' id='word_1_322' title='bbox 945 3599 997 3666; x_wconf 75' lang='lat'>&#39;&#39;⁴;</span> <span class='ocrx_word' id='word_1_323' title='bbox 1016 3597 1103 3671; x_wconf 89' lang='lat' dir='ltr'>Jesus</span> <span class='ocrx_word' id='word_1_324' title='bbox 1116 3607 1214 3656; x_wconf 89' lang='lat' dir='ltr'>autem</span> 
     </span>
     <span class='ocr_line' id='line_1_38' title="bbox 114 3685 1216 3774; baseline -0.005 -26"><span class='ocrx_word' id='word_1_325' title='bbox 114 3689 248 3774; x_wconf 80' lang='lat' dir='ltr'>animam</span> <span class='ocrx_word' id='word_1_326' title='bbox 261 3707 345 3746; x_wconf 90' lang='lat' dir='ltr'>suam</span> <span class='ocrx_word' id='word_1_327' title='bbox 357 3690 442 3749; x_wconf 91' lang='lat' dir='ltr'>dedit</span> <span class='ocrx_word' id='word_1_328' title='bbox 455 3709 509 3762; x_wconf 89' lang='lat' dir='ltr'>pro</span> <span class='ocrx_word' id='word_1_329' title='bbox 522 3690 649 3747; x_wconf 86' lang='lat' dir='ltr'>inimicis</span> <span class='ocrx_word' id='word_1_330' title='bbox 663 3691 738 3747; x_wconf 91' lang='lat' dir='ltr'>suis!</span> <span class='ocrx_word' id='word_1_331' title='bbox 776 3690 825 3747; x_wconf 88' lang='lat' dir='ltr'>Sic</span> <span class='ocrx_word' id='word_1_332' title='bbox 838 3706 893 3745; x_wconf 92' lang='lat' dir='ltr'>nos</span> <span class='ocrx_word' id='word_1_333' title='bbox 906 3696 1055 3744; x_wconf 87' lang='lat' dir='ltr'>amantem</span> <span class='ocrx_word' id='word_1_334' title='bbox 1070 3685 1136 3756; x_wconf 89' lang='lat' dir='ltr'>quis</span> <span class='ocrx_word' id='word_1_335' title='bbox 1155 3703 1216 3742; x_wconf 92' lang='lat' dir='ltr'>non</span> 
     </span>
     <span class='ocr_line' id='line_1_39' title="bbox 114 3776 328 3835; baseline 0 -1"><span class='ocrx_word' id='word_1_336' title='bbox 114 3776 328 3835; x_wconf 78' lang='lat' dir='ltr'>redamaretr·</span> 
     </span>
    </p>
   </div>
   <div class='ocr_carea' id='block_1_5' title="bbox 112 3919 1218 4346">
    <p class='ocr_par' dir='ltr' id='par_1_6' title="bbox 112 3919 1218 4167">
     <span class='ocr_line' id='line_1_40' title="bbox 151 3919 1216 3994; baseline -0.014 -10"><span class='ocrx_word' id='word_1_337' title='bbox 151 3927 214 3983; x_wconf 87' lang='lat' dir='ltr'><strong>¹Cf.</strong></span> <span class='ocrx_word' id='word_1_338' title='bbox 230 3927 392 3994; x_wconf 82' lang='lat' dir='ltr'>Contonson,</span> <span class='ocrx_word' id='word_1_339' title='bbox 410 3928 456 3980; x_wconf 91' lang='lat' dir='ltr'>De</span> <span class='ocrx_word' id='word_1_340' title='bbox 471 3927 534 3980; x_wconf 89' lang='lat' dir='ltr'>Deo</span> <span class='ocrx_word' id='word_1_341' title='bbox 551 3926 753 3988; x_wconf 87' lang='lat' dir='ltr'>Conversante,</span> <span class='ocrx_word' id='word_1_342' title='bbox 771 3922 838 3975; x_wconf 90' lang='lat' dir='ltr'>diss.</span> <span class='ocrx_word' id='word_1_343' title='bbox 855 3922 877 3984; x_wconf 92' lang='lat' dir='ltr'>l,</span> <span class='ocrx_word' id='word_1_344' title='bbox 891 3920 995 3988; x_wconf 89' lang='lat' dir='ltr'>specul.</span> <span class='ocrx_word' id='word_1_345' title='bbox 1010 3933 1038 3985; x_wconf 82' lang='lat'>33</span> <span class='ocrx_word' id='word_1_346' title='bbox 1068 3919 1216 3986; x_wconf 74' lang='lat' dir='ltr'>Stentrup,</span> 
     </span>
     <span class='ocr_line' id='line_1_41' title="bbox 114 4004 1218 4081; baseline -0.012 -10"><span class='ocrx_word' id='word_1_347' title='bbox 114 4013 246 4072; x_wconf 83' lang='lat' dir='ltr'>Soteriol.</span> <span class='ocrx_word' id='word_1_348' title='bbox 265 4014 305 4068; x_wconf 92' lang='lat' dir='ltr'>th.</span> <span class='ocrx_word' id='word_1_349' title='bbox 327 4013 458 4081; x_wconf 84' lang='lat'>133·136;</span> <span class='ocrx_word' id='word_1_350' title='bbox 487 4012 568 4080; x_wconf 83' lang='lat' dir='ltr'>J.B.</span> <span class='ocrx_word' id='word_1_351' title='bbox 585 4009 770 4078; x_wconf 84' lang='lat' dir='ltr'>Soz&#39;nt-Jure,</span> <span class='ocrx_word' id='word_1_352' title='bbox 785 4011 829 4061; x_wconf 88' lang='lat' dir='ltr'>De</span> <span class='ocrx_word' id='word_1_353' title='bbox 849 4010 878 4060; x_wconf 88' lang='lat' dir='ltr'>Ia</span> <span class='ocrx_word' id='word_1_354' title='bbox 901 4006 1116 4061; x_wconf 73' lang='lat' dir='ltr'>connaissance</span> <span class='ocrx_word' id='word_1_355' title='bbox 1135 4014 1163 4058; x_wconf 87' lang='lat' dir='ltr'>et</span> <span class='ocrx_word' id='word_1_356' title='bbox 1182 4004 1218 4058; x_wconf 85' lang='lat' dir='ltr'>de</span> 
     </span>
     <span class='ocr_line' id='line_1_42' title="bbox 112 4095 887 4167; baseline -0.01 -10"><span class='ocrx_word' id='word_1_357' title='bbox 112 4105 244 4159; x_wconf 85' lang='lat' dir='ltr'>l&#39;Amour</span> <span class='ocrx_word' id='word_1_358' title='bbox 256 4100 294 4154; x_wconf 89' lang='lat' dir='ltr'>du</span> <span class='ocrx_word' id='word_1_359' title='bbox 307 4101 367 4154; x_wconf 87' lang='lat' dir='ltr'>Fils</span> <span class='ocrx_word' id='word_1_360' title='bbox 380 4099 416 4154; x_wconf 87' lang='lat' dir='ltr'>de</span> <span class='ocrx_word' id='word_1_361' title='bbox 431 4100 513 4165; x_wconf 90' lang='lat' dir='ltr'>Dieu,</span> <span class='ocrx_word' id='word_1_362' title='bbox 527 4115 598 4167; x_wconf 91' lang='lat' dir='ltr'>opus</span> <span class='ocrx_word' id='word_1_363' title='bbox 611 4095 722 4165; x_wconf 87' lang='lat' dir='ltr'>anglice</span> <span class='ocrx_word' id='word_1_364' title='bbox 736 4095 887 4150; x_wconf 89' lang='lat' dir='ltr'>redditum.</span> 
     </span>
    </p>

    <p class='ocr_par' dir='ltr' id='par_1_7' title="bbox 148 4184 891 4256">
     <span class='ocr_line' id='line_1_43' title="bbox 148 4184 891 4256; baseline -0.011 -13"><span class='ocrx_word' id='word_1_365' title='bbox 148 4190 219 4244; x_wconf 80' lang='lat' dir='ltr'>²Ps.</span> <span class='ocrx_word' id='word_1_366' title='bbox 236 4189 341 4254; x_wconf 86' lang='lat' dir='ltr'>XLIV,</span> <span class='ocrx_word' id='word_1_367' title='bbox 354 4202 379 4256; x_wconf 91' lang='lat'>3.</span> <span class='ocrx_word' id='word_1_368' title='bbox 394 4189 506 4241; x_wconf 81' lang='lat' dir='ltr'>-³1)e</span> <span class='ocrx_word' id='word_1_369' title='bbox 520 4184 718 4240; x_wconf 80' lang='lat' dir='ltr'>catechizand.</span> <span class='ocrx_word' id='word_1_370' title='bbox 733 4184 803 4248; x_wconf 87' lang='lat' dir='ltr'>rud,</span> <span class='ocrx_word' id='word_1_371' title='bbox 817 4184 834 4236; x_wconf 92' lang='lat' dir='ltr'>l.</span> <span class='ocrx_word' id='word_1_372' title='bbox 854 4184 891 4235; x_wconf 93' lang='lat' dir='ltr'>ll.</span> 
     </span>
    </p>

    <p class='ocr_par' dir='ltr' id='par_1_8' title="bbox 149 4275 370 4346">
     <span class='ocr_line' id='line_1_44' title="bbox 149 4275 370 4346; baseline -0.018 -15"><span class='ocrx_word' id='word_1_373' title='bbox 149 4276 240 4346; x_wconf 80' lang='lat' dir='ltr'>⁴Joa,</span> <span class='ocrx_word' id='word_1_374' title='bbox 252 4275 314 4340; x_wconf 91' lang='lat' dir='ltr'>XV,</span> <span class='ocrx_word' id='word_1_375' title='bbox 330 4286 370 4340; x_wconf 83' lang='lat'>13.</span> 
     </span>
    </p>
   </div>
   <div class='ocr_carea' id='block_1_6' title="bbox 0 0 1355 4634">
    <p class='ocr_par' dir='ltr' id='par_1_9' title="bbox 0 0 1355 4634">
     <span class='ocr_line' id='line_1_45' title="bbox 0 0 1355 4634; baseline 0 0"><span class='ocrx_word' id='word_1_376' title='bbox 0 0 1355 4634; x_wconf 95' lang='lat' dir='ltr'> </span> 
     </span>
    </p>
   </div>
  </div>
 </body>
</html>
