2684 4634
119 170 185 222 626
559 170 700 222 CAPUT
717 171 771 220 1v.
887 169 890 178 '

87 336 90 344 ¹
117 351 300 432 imaginum
328 370 406 413 usus
429 359 463 413 et
486 351 656 413 veneratio
679 347 967 423 commendantur,
984 367 1045 410 cur
1071 369 1091 409 a
1110 349 1216 409 Prote·

118 455 284 517 stantibus
300 455 348 517 uti
365 454 614 535 superstitiosus
631 473 744 515 earum
761 452 869 516 cultus
885 450 1057 532 rejicitur?

159 620 229 685 314.
278 602 344 691 (B)
357 606 483 669 Tradit.
504 608 506 613 ’
529 605 579 687 (a)
593 606 631 667 ln
645 603 860 669 Catacumbis
871 604 1091 682 inveniuntur
1104 601 1207 682 imagi·

118 729 176 771 nes
192 708 323 784 Christi,
340 710 375 771 B.
387 708 504 771 Mariae
520 717 554 770 et
572 707 793 788 quorumdam
813 703 1024 782 Sanctorum,
1036 705 1205 787 praesertim

118 811 360 893 Apostolorum
371 821 405 874 et
419 811 615 891 Martyrum,
626 831 700 892 quae
711 811 952 891 antiquissimae
963 821 1053 886 sunt,
1063 819 1098 872 et
1108 809 1202 890 aliquo

118 915 174 995 pio
190 915 280 978 cultu
302 914 562 991 venerabantur;
586 934 663 976 nam
681 912 836 996 quaedam
854 932 897 974 ex
916 911 980 974 illis
1004 912 1201 975 inveniuntur
1248 914 1249 927 ¹

118 1018 151 1077 in
168 1017 301 1098 cryptis,
314 1018 346 1078 in
360 1015 481 1097 quibus
496 1016 610 1079 Missae
621 1017 827 1081 Sacrificium
839 1014 1059 1093 oflerebatur3
1086 1017 1199 1096 insuper
1248 1019 1249 1024 ’

119 1120 281 1202 imagines
297 1140 363 1182 non
381 1140 496 1202 paucae
509 1121 631 1183 nimbis
647 1142 704 1182 seu
715 1119 856 1184 aureolis
869 1119 1088 1196 redimuntur,
1098 1119 1198 1200 quibus

118 1223 293 1302 peculiaris
310 1222 481 1287 veneratio
497 1222 704 1304 significatur
728 1226 794 1303 qua
810 1224 992 1303 prototypa
1013 1222 1198 1284 veneraban-

118 1335 176 1388 tur.
221 1324 272 1407 (b)
288 1325 449 1388 Eusebius
475 1327 576 1388 etiam
600 1336 745 1388 statuam
770 1346 892 1389 teneam
915 1335 1156 1388 commemorat
1175 1324 1199 1386 in

119 1429 279 1490 honorem
297 1427 419 1491 Christi
444 1426 589 1492 erettam
618 1451 677 1511 per
700 1429 881 1503 mulierem,
903 1449 979 1508 quae
1002 1449 1022 1490 a
1046 1428 1200 1510 sanguinis

119 1531 284 1614 profluvio
298 1530 437 1594 liberata
454 1531 576 1608 fuerat;
611 1534 690 1595 item
707 1533 809 1595 etiam
825 1531 925 1594 hodie
946 1533 979 1593 in
998 1529 1200 1594 Lateranensi
1241 1518 1244 1523 ’

114 1635 252 1718 ‚Museo
261 1634 494 1715 antiquissima
507 1635 725 1717 S.Hippolyti
737 1643 849 1698 statua
861 1643 1019 1698 servatur.
1053 1634 1100 1714 (c)
1115 1633 1201 1698 saa-

117 1738 213 1799 silius
230 1737 345 1818 (Epist.
361 1753 425 1816 370
440 1739 482 1799 ad
498 1738 561 1819 Jul.
576 1737 794 1820 Apostatam)
811 1737 943 1800 scribit:
970 1744 986 1770 “
1002 1735 1201 1802 Charatteres

119 1841 303 1922 imaginum
320 1860 486 1903 sacrarum
501 1840 758 1922 (Apostolorum
773 1861 811 1902 ac
823 1841 1033 1922 Martyrum),
1045 1842 1167 1904 honoro
1177 1848 1203 1901 et
1243 1852 1246 1861 ·

119 1944 296 2007 exosculor
317 1944 451 2019 eximie,
469 1964 543 2006 cum
569 1944 621 2007 hae
642 1943 687 2006 'ab
704 1943 879 2025 Apostolis
903 1946 1037 2007 traditae
1065 1945 1139 2020 sint,
1154 1962 1223 2006 nec*
1245 1954 1248 1959 '

119 2051 186 2112 sint
201 2049 387 2130 prohibitae,
404 2049 471 2109 imo
488 2051 520 2110 in
537 2049 693 2111 omnibus
711 2049 869 2111 Ecclesiis
893 2049 1014 2111 nostris
1038 2047 1175 2131 depicta
1186 2047 1204 2107 '’.

119 2153 171 2234 (d)
185 2154 253 2235 Ipsi
270 2155 392 2235 pagani
410 2153 618 2216 Christianos
635 2152 839 2217 accusabant
855 2153 945 2233 quod
962 2173 1077 2216 cruces
1100 2155 1204 2217 adora·

120 2265 208 2334 rent;
232 2257 278 2318 ita
287 2256 465 2339 Julianus1
482 2255 636 2319 dicebat:
660 2257 802 2321 “Crucis
818 2255 945 2338 lignum
962 2255 1121 2333 adoratis,
1133 2255 1206 2337 ejus·
1247 2298 1249 2337 3

119 2380 183 2440 que
196 2361 290 2439 signa
307 2359 339 2419 in
357 2358 464 2420 fronte
482 2358 641 2434 formatis
654 2369 688 2422 et
700 2359 852 2440 postibus
869 2359 991 2422 aedium
1003 2358 1208 2441 insculpitis”.

121 2465 176 2525 Ex
203 2463 254 2524 his
278 2462 433 2524 omnibus
451 2471 584 2524 constat
601 2461 725 2543 primos
743 2461 951 2525 Christianos
976 2462 1141 2544 imagines
1163 2482 1208 2523 co-

119 2567 226 2643 luisse,
242 2574 275 2628 et
291 2567 318 2627 si
337 2565 500 2629 Catholici
519 2565 705 2628 idololatrae
721 2574 808 2642 sunt,
830 2576 866 2629 ut
885 2568 1115 2629 Protestantes
1131 2587 1209 2628 asse-

119 2680 203 2745 runt,
219 2671 307 2732 idem
325 2670 406 2731 vitio
423 2669 537 2749 primis
555 2668 753 2731 Christianis
771 2668 967 2732 vertendum
985 2680 1043 2732 est.

160 2831 229 2898 315.
276 2821 334 2904 (C)
350 2822 426 2884 leat.
450 2821 551 2883 Tlreol.
597 2821 648 2902 (a)
666 2821 767 2902 Apud
792 2842 908 2885 omnes
934 2824 1086 2904 populos,
1103 2825 1209 2906 imagi·
1247 2816 1249 2827 '

119 2946 186 3001 nes,
201 2927 270 2987 sive
296 2934 483 3006 parentum,
500 2926 569 2987 sive
595 2945 757 3000 carorum,
778 2927 847 2987 sive
871 2926 1048 2989 illustrium
1073 2928 1208 2990 virorum
1246 2882 1249 2957 l

119 3027 243 3088 honore
259 3029 369 3108 dignae
387 3028 586 3108 judicantur,
603 3028 646 3089 ob
664 3028 735 3089 illas
752 3049 834 3108 quas
852 3041 1091 3110 repraesentant
1107 3052 1209 3113 perso-

120 3150 194 3206 nas;
226 3132 317 3210 atqui
335 3131 362 3192 si
379 3131 566 3210 hujusmodi
591 3132 797 3193 honorantur
821 3133 992 3213 imagines
1009 3154 1067 3195 cur
1086 3135 1209 3208 Christi,

120 3234 155 3295 B.
175 3234 319 3314 Virginis
336 3255 374 3295 ac
392 3233 590 3299 Sanctorum
608 3236 730 3315 pariter
755 3256 820 3297 non
848 3237 1110 3300 honorarentur?
1154 3237 1209 3302 “Si

119 3355 233 3416 regum
262 3337 409 3400 laureata
432 3346 465 3400 et
490 3339 601 3399 iconas
626 3340 743 3401 missas
768 3341 810 3402 ad
828 3341 979 3403 civitates
996 3341 1047 3403 vel
1066 3344 1209 3424 regiones

118 3439 205 3501 obvii
224 3441 348 3502 adeunt
365 3441 478 3522 populi
496 3462 571 3502 cum
590 3443 690 3504 cereis
707 3453 740 3505 et
758 3443 910 3520 incensis
926 3464 992 3505 non
1010 3448 1086 3507 cera
1110 3445 1182 3528 pers
1202 3481 1211 3490 ·

119 3563 188 3604 sam
207 3544 365 3620 tabulam,
382 3545 439 3606 sed
459 3546 693 3626 imperatorem
714 3547 934 3625 honorantes;
966 3558 1095 3628 quanto
1112 3551 1212 3631 magis

118 3656 250 3727 oportet
268 3648 299 3707 in
319 3647 476 3709 Ecclesiis
495 3648 617 3711 Christi
637 3651 773 3712 Domini
791 3651 922 3713 iconam
947 3654 1086 3734 depingi
1105 3653 1213 3717 Salva-

118 3752 197 3811 toris
223 3751 285 3810 Dei
315 3753 428 3825 nostri,
454 3762 486 3813 et
515 3753 723 3816 intemeratae
756 3755 869 3816 matris
896 3754 977 3836 ejus,
1001 3757 1214 3837 omniumque

119 3852 178 3915 SS.
195 3863 228 3913 et
245 3853 423 3915 Beatorum
444 3856 578 3917 Patrum
591 3857 624 3917 ’'?
641 3856 690 3937 (C.
713 3858 879 3919 (Ecumen.
907 3857 981 3933 VII,
997 3856 1058 3920 aet.
1081 3859 1119 3941 l).

117 3955 168 4034 (b)
183 3957 321 4036 Insuper
338 3957 402 4018 illae
420 3959 581 4038 imagines
599 3961 640 4022 ad
659 3960 863 4021 instruendos
876 3961 1060 4040 praesertim
1074 3962 1217 4026 illittera-

117 4068 177 4128 tos
193 4059 247 4137 qui
265 4060 311 4119 eis
328 4062 421 4138 quasi
439 4062 637 4140 quibusdam
656 4063 745 4124 libris
762 4064 951 4138 edocentur,
968 4064 1009 4124 ad
1028 4066 1215 4146 augendam

944 4195 1217 4206 ..ρ’---ηι-

145 4253 246 4326 ¹Apud
262 4254 290 4311 S.
307 4249 508 4327 Cy1·ll.,Cont.
524 4253 685 4324 tumul.
