2684 4634
345 175 401 224 DE
421 174 668 223 DIVINITATE
687 174 870 223 CHRISTI.
1094 170 1161 219 44³

53 356 231 419 creditum.
272 356 517 438 Argumentum
530 367 642 419 autem
656 357 702 418 sic
716 355 856 436 proponi
874 361 985 434 potest
1000 376 1006 414 :
1023 351 1160 413 historia

55 467 193 520 constat
221 459 291 540 jam
323 481 342 520 a
374 461 487 541 primis
520 460 680 521 Ecclesiae
711 458 916 537 temporibus
952 454 1159 516 divinitatem

58 560 186 623 Christi
208 561 307 624 fuisse
326 583 346 624 a
370 563 560 625 Pastoribus
578 560 731 625 edodtam
749 571 782 623 et
801 558 969 622 Fidelibus
985 558 1143 618 creditam
1154 579 1160 632 ;

57 665 152 744 atqui
182 665 238 728 illa
263 667 421 730 Ecclesiae
449 667 530 729 fides
557 665 716 747 explicari
743 665 856 745 nequit
881 665 941 724 nisi
965 663 1162 724 admittatur

58 767 186 848 dogma
203 769 283 831 illud
301 770 400 832 fuisse
417 771 597 833 revelatum
612 792 620 846 ;
643 790 729 851 ergo

93 905 134 968 69.
177 902 201 958 Ι.
243 904 346 975 Major
355 908 466 960 constat
476 919 512 957 ex
525 900 681 957 testtinom'o
690 922 700 955 .·
716 919 743 956 10
755 899 896 956 Ecclesiae
910 897 1043 963 ducentas·
1062 910 1091 952 20
1105 896 1159 953 Ec-

61 987 158 1044 clesiae
171 990 300 1055 oranti&
316 1004 346 1061 3⁰
358 987 501 1047 Ecclesiae
508 987 656 1058 patt'cntis.

99 1084 126 1129 1⁰
140 1075 186 1130 Ex
198 1076 369 1133 testimonio
382 1073 514 1132 Ecclesia
525 1073 653 1129 docento.
695 1072 829 1129 Ecclesia
847 1072 936 1129 docet
955 1088 1008 1141 per
1025 1068 1157 1139 symbolo,

62 1161 189 1218 Parrum
197 1171 225 1220 et
233 1165 391 1221 Doliorum
402 1181 500 1235 opera,
512 1161 624 1218 modum
634 1159 740 1232 agendi
750 1177 819 1215 cum
832 1157 976 1215 haereticis
986 1166 1015 1215 et
1026 1157 1157 1227 paganis,

98 1248 146 1320 (A)
171 1250 210 1306 ln
234 1251 372 1321 symbolis.
418 1248 634 1319 Antiquissima
664 1245 805 1318 Symbola
837 1244 991 1301 manifeste
1022 1242 1160 1314 profiten-

64 1344 110 1390 tur
125 1336 310 1396 divinitatem
326 1337 458 1397 Christi:
481 1338 521 1407 (a)
540 1335 634 1391 sonna
651 1334 787 1390 Romana
810 1331 941 1404 Symboli
962 1330 1026 1388 haec
1048 1329 1136 1387 habet
1154 1353 1159 1389 :

68 1421 193 1481 “Credo
210 1424 240 1480 in
259 1425 358 1482 Deum
379 1425 495 1483 Patrem
515 1421 761 1492 omnipotentem,
780 1428 809 1476 et
829 1419 857 1474 in
877 1418 978 1490 Jesum
998 1417 1157 1488 Christum,

65 1508 157 1572 filium
176 1510 237 1581 ejus
256 1511 369 1567 unt'cum
388 1509 549 1567 Donu'num
568 1519 702 1565 nostrum
713 1507 750 1577 ”3
768 1505 850 1577 atqui
869 1523 956 1562 voces
973 1506 988 1532 “
999 1504 1111 1560 unt'cum
1131 1515 1161 1561 et

65 1586 224 1652 Dominum
235 1597 250 1622 ''
264 1598 425 1657 ostendunt
438 1597 486 1653 hic
498 1595 545 1666 agi
559 1595 597 1652 de
611 1595 672 1651 filio
685 1594 802 1665 proprie
821 1593 911 1661 dieto,
925 1610 985 1649 non
1003 1602 1102 1648 autem
1122 1592 1160 1648 de

65 1680 124 1736 filio
141 1681 293 1753 adoptivo.
332 1683 420 1740 Idem
440 1682 587 1740 invenitur
606 1682 634 1738 in
654 1681 748 1738 forma
766 1679 919 1743 Africano,
958 1679 997 1749 (b)
1011 1679 1047 1734 In
1066 1678 1161 1733 forma

64 1767 227 1838 Hispanico
241 1779 270 1827 et
286 1770 442 1828 Gallicano
460 1769 579 1828 additur
599 1769 718 1839 insuper
737 1767 888 1825 Christum
907 1784 971 1823 esse
988 1767 1110 1822 “Deum
1130 1785 1163 1822 oc

55 1853 225 1914 ,Dominum
238 1862 367 1912 nostrum
378 1856 402 1913 ²².
443 1855 481 1926 (c)
496 1856 603 1912 Forma
615 1853 822 1910 Alexandrina
842 1862 909 1925 post
927 1853 1016 1910 verba
1031 1856 1047 1882 “
1057 1853 1070 1924 J
1077 1870 1160 1910 esum

64 1939 216 1998 Christum
225 1941 241 1967 ⁷³
255 1941 319 1999 haec
334 1942 425 1999 habet
438 1963 444 1999 z
461 1942 542 2012 “per
552 1959 632 2010 quem
645 1941 742 1996 artenia
754 1940 867 1996 condita
879 1946 1023 2010 srcrthuae
1036 1939 1065 1994 in
1078 1939 1160 1995 coelis

64 2027 135 2084 etin
149 2027 340 2086 terrasunt’'.
379 2029 492 2086 Similia
511 2027 600 2085 verba
616 2027 805 2085 inveniuntur
823 2027 852 2083 in
872 2027 966 2085 forma
984 2026 1161 2083 Antiocheno

64 2123 92 2170 et
108 2114 393 2186 Ht'erosolymitand;
410 2133 445 2173 ac
464 2114 590 2186 proinde
605 2114 760 2172 indubium
776 2124 820 2171 est
833 2114 1008 2172 Christianis
1021 2113 1161 2171 omnibus

63 2201 248 2260 divinitatem
262 2202 370 2262 Christi
385 2202 567 2274 propositam
581 2203 669 2260 fuisse
682 2213 823 2274 tanquam
837 2203 993 2260 articulum
1007 2202 1075 2259 fidei
1085 2208 1102 2258 1.

95 2334 136 2390 70.
176 2323 225 2394 (Β)
237 2323 291 2380 Ex
303 2324 464 2381 Patribus:
477 2325 516 2395 (a)
532 2324 630 2382 Primo
643 2325 759 2393 saeculo,
777 2324 806 2380 S.
822 2322 965 2380 Clemens²
977 2323 1160 2381 divinitatem

63 2409 173 2468 Christi
191 2410 298 2482 probat
316 2428 351 2468 ex
369 2411 420 2468 illo
440 2421 520 2469 textu
540 2412 719 2483 Scripturae:
742 2411 863 2467 “Filius
887 2429 970 2467 meus
989 2430 1020 2468 es
1038 2422 1083 2482 tu,
1105 2430 1161 2481 ego

63 2495 155 2554 hodie
167 2496 258 2568 genui
270 2507 299 2554 te
309 2497 334 2552 ’'.
374 2498 451 2555 Item
465 2498 496 2556 S.
511 2499 647 2570 Ignatius
666 2509 773 2570 martyr
786 2497 936 2556 Christum
951 2507 1037 2554 vocat
1052 2498 1161 2564 Deum;

63 2581 196 2640 scribens
216 2582 295 2640 eninr
312 2583 352 2642 ad
370 2584 524 2642 Romanos
544 2584 615 2641 dicit
634 2589 674 2654 (n.
696 2587 724 2655 6)
742 2607 747 2640 ε
770 2584 960 2641 “Permittite
981 2593 1011 2640 ut
1030 2602 1087 2654 ego
1106 2585 1160 2640 sim

63 2669 194 2727 imitator
214 2669 358 2741 passionis
379 2671 442 2728 Dei
460 2671 561 2739 mei'',·
583 2673 652 2728 item
677 2672 778 2729 fideles
801 2672 933 2728 hortatur
955 2680 986 2727 ut
1008 2689 1160 2742 nunquam

62 2756 227 2813 avellantur
244 2776 262 2813 a
281 2757 371 2814 “Deo
381 2757 456 2830 Jesu
476 2758 592 2814 Chrism
603 2758 626 2815 ''.
667 2759 779 2817 Iterum
797 2759 933 2828 Hermas,
949 2758 1032 2827 cujus
1045 2757 1160 2813 liberio

62 2843 164 2900 multis
177 2844 309 2902 ecclesiis
326 2844 487 2916 legebatur,
503 2845 654 2903 Christum
674 2856 759 2902 vocat
779 2845 887 2901 Ratun
901 2844 967 2914 Dei,
988 2845 1066 2915 “qui
1080 2846 1161 2902 omni

63 2927 198 2985 creatura
209 2927 357 2999 antiquior
369 2939 422 2998 est,
435 2929 506 2986 etin
519 2930 643 2987 consilio
657 2929 735 2986 Patri
748 2947 802 2985 suo
815 2929 909 2986 adsuit
922 2928 959 2985 ad
973 2929 1162 2986 condendam
1216 2928 1219 2935 '

63 3024 237 3081 creaturam,
250 3013 362 3086 quique
375 3024 470 3072 totum
485 3025 630 3072 sustentat
644 3014 746 3072 orbem
756 3015 771 3040 ”
780 3010 797 3070 ³.

64 3103 102 3168 (b)
123 3099 265 3157 Secundo
286 3092 396 3158 saeculo
422 3103 451 3159 S.
466 3102 606 3173 lustinus
625 3112 733 3173 martyr
755 3100 904 3160 declarat‘¹
926 3101 1076 3159 Christum
1099 3121 1163 3161 esse

67 3185 215 3253 “Filium,
231 3186 282 3258 qui
300 3188 380 3245 solus
398 3189 516 3260 proprie
536 3189 627 3245 Filius
642 3189 764 3258 dicatur,
782 3199 810 3245 et
825 3188 957 3245 Verbum
971 3200 1039 3246 ante
1052 3204 1162 3247 creatu-

64 3292 108 3331 ras
120 3273 265 3346 genitum,
282 3291 437 3346 perquem
452 3276 535 3333 Deus
548 3275 586 3332 ab
600 3276 684 3332 initio
698 3277 799 3333 omnia
811 3277 920 3333 creavit
931 3276 953 3331 ²¹.
986 3278 1062 3334 Item
1076 3278 1163 3334 Arae-

64 3357 210 3433 nagoras⁰
221 3361 281 3419 ait:
302 3363 428 3420 “Deum
448 3362 575 3420 dicimus
594 3373 624 3420 et
644 3364 751 3419 Filium
765 3363 898 3419 Verbum
912 3365 1007 3433 ejus’'‚
1020 3364 1163 3435 additque

64 3448 166 3505 omnia
178 3465 231 3520 per
245 3448 323 3505 Eum
337 3449 413 3506 satta
426 3467 499 3507 esse.
541 3450 605 3506 Nec
623 3450 707 3507 aliter
721 3451 750 3507 S.
766 3449 902 3519 Irenaens,
920 3451 991 3507 dum
1012 3462 1163 3522 comparat

64 3535 240 3593 sacrificium
255 3553 315 3607 quo
329 3535 479 3593 Abraham
495 3537 673 3607 unrgrem'tum
687 3553 715 3593 et
729 3537 870 3594 dilettum
885 3536 977 3592 fitium
997 3555 1082 3592 suum
1098 3538 1163 3595 Deo

64 3623 219 3682 immolare
232 3634 349 3696 paratus
362 3635 423 3682 erat
442 3624 587 3681 sacrificio
606 3643 667 3696 quo
688 3625 769 3681 Deus
789 3623 931 3681 dilettunr
944 3635 972 3680 et
986 3624 1163 3694 rortganitron

64 3712 172 3769 Filium
184 3729 238 3784 pro
248 3711 349 3770 nostra
357 3713 564 3785 redemptione
574 3713 746 3780 immolavit,
757 3723 806 3769 aut
817 3712 918 3768 asserit
929 3713 1035 3782 Magos
1050 3713 1164 3769 Christo

63 3800 218 3857 incensum
233 3798 375 3856 obtulisse
389 3809 530 3871 tanquam
544 3800 615 3855 Deo.

63 3887 101 3958 (c)
110 3886 216 3944 Tertio
224 3885 343 3952 saecuIO,
359 3887 566 3957 Tertullianus,
579 3895 642 3942 tum
654 3887 683 3941 in
694 3886 769 3943 libro
780 3886 818 3942 de
829 3886 990 3958 Praescript.
1003 3888 1077 3957 (cap.
1090 3886 1161 3956 ΙΙΙ),

97 4105 106 4135 ¹
120 4104 260 4175 Denaing,
272 4121 300 4159 n.
317 4118 391 4174 2433
411 4105 456 4159 cfr.
473 4105 593 4170 Batiffot
610 4104 734 4157 Litte‘rat.
749 4121 878 4173 grecque‚
895 4104 981 4171 Paris,
1002 4107 1074 4169 1897,
1086 4121 1111 4171 p.
1121 4103 1163 4171 69.

96 4193 140 4245 ²]
150 4191 288 4257 Con'ntlr„
302 4208 327 4243 n.
343 4192 383 4258 36.
398 4222 432 4229 —
444 4197 454 4229 3
467 4189 584 4245 Similia
605 4193 654 4256 IX,
671 4209 709 4260 14.
725 4222 755 4228 -
770 4189 911 4259 ⁴Apolog.
932 4193 970 4253 ΙΙ,
987 4209 1013 4242 n.
1031 4193 1055 4244 6.

95 4276 219 4349 ⁶Legat.
235 4296 281 4332 nn.
295 4292 319 4347 7,
333 4293 357 4346 9,
374 4297 412 4333 ιο.
452 4280 566 4333 Advers.
582 4280 678 4332 haeres.
694 4281 711 4331 l.
730 4280 784 4343 ΙΙΙ,
798 4293 833 4343 9;
854 4280 868 4332 Ι.
888 4280 934 4344 IV,
951 4293 971 4343 5.
