2684 4634
296 108 351 157 DE
371 110 591 160 MYSTERIO
610 112 960 162 INCARNATmNts.
1112 109 1175 159 477

71 287 289 351 exhiberetur
313 289 439 352 homini
463 302 496 354 et
520 294 576 373 qui
600 294 766 355 videretur
789 292 830 353 ab
854 295 997 367 homine,
1021 301 1053 354 et
1077 311 1175 371 quem

70 389 177 452 homo
192 402 391 472 sequeretur,
409 395 501 456 Deus
517 393 623 458 factus
640 406 689 458 est
705 396 806 458 homo
820 397 834 421 '’
849 409 868 458 ¹.

69 495 124 576 (b)
149 496 315 559 Removet
336 498 436 560 etiam
460 499 628 562 hominem
653 521 674 560 a
699 499 793 574 attala,
816 518 891 558 eum
916 497 1111 557 instruendo
1135 516 1176 556 ne

69 601 135 662 sibi
162 601 315 682 praeierat
340 603 519 676 diabolum,
540 600 708 665 auetorem
736 602 871 683 peccati,
895 600 950 679 qui
975 598 1018 659 ab
1040 598 1175 659 homine

70 705 149 766 Deo
166 715 340 786 superatus
356 715 427 783 est;
454 707 687 767 Incarnatione
710 706 874 786 siquidem
892 713 1013 765 nostrae
1030 702 1173 782 dignita-

68 809 114 869 tis
130 809 256 869 conscii
274 807 352 872 laeti
369 829 492 884 sumne,
506 810 605 889 juxta
630 809 709 870 illud
729 808 764 871 S.
780 807 919 869 Leonis2
936 831 947 868 .·
970 806 1136 885 Agnosce,
1154 826 1173 865 o

68 909 269 985 Christiane,
285 912 483 991 dignitatem
501 921 603 986 tuam,
615 921 648 973 et
664 913 785 972 divina:
802 929 936 972 consors
953 905 1058 970 sanus
1075 916 1173 967 natu-

68 1033 123 1087 rae,
140 1013 208 1074 noli
225 1015 257 1075 in
275 1024 421 1076 veterem
438 1014 599 1076 vilitatem
617 1014 771 1094 degeneri
793 1011 1042 1074 conversatione
1059 1010 1171 1071 redire.

68 1116 243 1178 Memento
274 1116 367 1197 cujus
399 1119 526 1198 capitiS,
552 1127 585 1179 et
612 1118 706 1198 cujus
732 1117 877 1197 corporis
904 1117 948 1175 sis
977 1114 1170 1176 membrum.

69 1221 296 1282 Reminiscere
318 1222 407 1301 quod
432 1232 544 1283 erutus
569 1223 611 1283 de
636 1230 801 1302 potestate
823 1217 1043 1292 tenebrarum,
1067 1226 1171 1278 trans-

67 1324 156 1385 latus
179 1345 215 1384 es
238 1325 271 1385 in
297 1325 360 1386 Dei
384 1325 495 1386 lumen
520 1336 553 1387 et
574 1344 720 1405 regnum.
768 1321 845 1382 Noli
863 1331 896 1383 te
911 1320 1035 1383 diaboli
1052 1321 1170 1380 iterum

68 1427 219 1488 servituti
243 1427 412 1507 subjicere,
430 1427 508 1507 quia
532 1429 674 1507 pretium
699 1436 793 1488 tuum
818 1427 953 1505 sanguis
970 1424 1092 1487 Christi
1109 1433 1170 1505 est,

67 1531 123 1610 qui
140 1530 280 1592 veritate
296 1540 329 1591 te
343 1529 514 1610 judicabit,
525 1531 579 1610 qui
595 1530 816 1591 misericordi&
829 1537 861 1590 te
874 1528 1013 1588 redemit
1029 1525 1051 1587 ”,
1100 1526 1169 1586 Ho-

68 1635 174 1694 mines
190 1633 292 1695 etiam
309 1635 341 1694 in
359 1634 421 1695 hoc
439 1635 597 1714 mysterio
611 1635 799 1714 ,edocentur
807 1630 1121 1712 peccatifcaditatem
1137 1640 1170 1690 et

67 1737 240 1811 malitiam,
263 1758 338 1817 quae
361 1747 456 1798 tanto
479 1739 626 1799 remedio
651 1737 813 1817 indiguit;
837 1756 856 1796 a
872 1733 1120 1815 presumptione
1141 1744 1171 1795 at

65 1837 216 1918 superbiat
238 1849 458 1914 removentur,
481 1859 555 1921 quae
579 1848 656 1900 sunt
680 1839 807 1920 peccati
834 1858 960 1898 causae:
984 1838 1057 1916 quis
1080 1836 1168 1896 enim

65 1941 257 2022 superbiret,
275 1941 498 2004 humilitatem
517 1942 591 2004 Filii
610 1942 673 2003 Dei
691 1942 950 2003 considerando?

99 2091 156 2142 113.
198 2075 300 2147 Quum
313 2094 383 2134 vero
396 2086 477 2133 tanta
491 2076 570 2133 bona
588 2095 623 2134 ex
644 2076 853 2132 Incarnatione
872 2074 959 2132 nobis
977 2074 1164 2145 accreverint,

64 2163 173 2234 inquiri
185 2172 343 2234 potestcur
353 2162 486 2221 Verbum
497 2165 681 2221 incarnatum
691 2182 752 2220 non
761 2162 846 2220 fuerit
856 2161 953 2218 statim
963 2170 1031 2232 post
1040 2161 1164 2233 lapsum.

65 2249 137 2305 Hoc
162 2265 200 2304 ex
219 2247 373 2306 voluntate
399 2251 455 2308 Dei
482 2252 612 2323 pendet,
636 2262 766 2308 attamen
792 2249 918 2322 proponi
945 2259 1078 2320 possunt,
1101 2260 1168 2320 post

64 2337 92 2394 S.
107 2335 261 2400 Thamara,
277 2347 451 2407 argumenta
463 2339 680 2397 convenientiae
690 2344 716 2394 ³:
732 2341 769 2406 (a)
784 2356 819 2395 ex
832 2347 914 2409 parte
927 2337 1050 2393 hortantis
1060 2360 1070 2392 .·
1083 2337 1168 2394 dece·

63 2423 113 2480 bat
127 2423 208 2480 enim
223 2433 256 2480 ut
269 2423 369 2491 homo,
380 2426 431 2496 qui
445 2443 480 2482 ex
493 2426 631 2497 superbia
644 2435 826 2497 peccaverat,
838 2425 987 2482 humiliter
995 2436 1168 2495 agnosceret

61 2528 93 2568 se
106 2509 265 2568 liberatore
280 2510 427 2582 indigere;
440 2513 523 2584 atqui
536 2513 559 2570 si
574 2513 709 2571 Christus
722 2513 818 2569 statim
830 2520 897 2582 post
907 2520 1062 2583 peccatum
1073 2512 1167 2568 venis·

61 2609 114 2669 set,
131 2598 225 2655 homo
242 2598 331 2656 talem
350 2598 543 2670 indigentiam
562 2619 622 2657 non
642 2600 817 2672 agnovisset,
835 2599 906 2655 dum
920 2617 936 2654 e
950 2607 1062 2664 contra,
1077 2598 1167 2655 dilata

62 2686 284 2751 Incarnatione,
294 2685 386 2743 homo
399 2705 482 2744 suam
496 2687 696 2746 infirmitatem
710 2686 815 2744 melius
825 2702 1005 2756 cognoscere
1015 2685 1120 2754 potuit,
1129 2686 1166 2743 ad

60 2773 216 2831 medicum
229 2772 357 2830 clamare
369 2782 399 2829 et
411 2774 513 2844 gratiae
531 2792 662 2845 quaerere
680 2774 820 2831 auxilium
834 2793 840 2829 :
860 2773 900 2843 (b)
914 2782 1044 2843 exparte
1065 2771 1167 2828 Verbi:

60 2855 190 2914 decebat
203 2856 283 2912 enim
294 2865 326 2912 ut
334 2855 467 2913 Verbum
477 2868 597 2929 propter
606 2876 688 2915 snam
698 2859 882 2930 dignitatem,
895 2859 985 2930 longo
993 2876 1165 2930 praeconum

59 2955 88 3003 et
101 2942 318 3016 prophetarum
331 2943 450 3014 agmine
463 2947 679 3016 praecederetur
691 2967 699 3018 3
718 2949 756 3017 (c)
770 2964 805 3004 ex
818 2957 902 3018 parte
914 2947 1052 3017 Ecclesia,
1066 2965 1102 3004 ne
1112 2947 1165 3004 ser·

59 3050 111 3089 vor
124 3029 197 3088 fidei
210 3030 353 3102 temporis
367 3031 533 3103 prolixitate
547 3043 720 3105 tepesceret,
736 3052 827 3106 quum
842 3035 983 3106 paulatini
998 3035 1166 3105 refrigescat
1206 3044 1208 3048 '

58 3118 166 3174 caritas
179 3116 350 3173 multorum.

95 3203 164 3261 Nec
175 3212 275 3259 tamen
289 3203 393 3262 debuit
404 3203 573 3260 Incarnatio
586 3204 694 3261 differri
709 3207 852 3276 usquead
862 3207 952 3264 finem
966 3207 1083 3278 mundi,
1096 3225 1165 3262 nam

59 3291 99 3361 (a)
118 3289 254 3347 Verbum
272 3299 317 3346 est
334 3308 423 3348 causa
442 3290 571 3348 efficiens
591 3302 697 3348 nostrae
718 3293 838 3349 salutis:
857 3294 937 3364 atqui
959 3312 1019 3350 non
1038 3292 1165 3351 decebat

59 3393 136 3448 opus
150 3375 364 3447 redemptionis
379 3394 473 3448 usque
488 3377 527 3434 ad
544 3377 634 3434 tinem
651 3379 756 3436 mundi
774 3379 880 3436 differri
893 3400 900 3449 ;
920 3380 959 3450 (b)
979 3379 1114 3438 Christus
1128 3397 1164 3437 eo

58 3473 195 3534 tempore
207 3463 308 3521 venire
321 3461 425 3521 debuit
438 3482 499 3536 qno
510 3465 614 3521 melius
628 3475 743 3536 poterat
757 3466 919 3523 infirmitati
930 3477 1037 3524 nostrae
1047 3485 1163 3524 succur-

58 3568 140 3621 rere3
159 3550 242 3620 atqui
256 3551 279 3607 si
294 3551 464 3609 Incarnatio
479 3552 570 3610 dilata
588 3553 690 3610 suisset
710 3571 805 3624 usque
824 3554 854 3609 in
872 3554 962 3611 finem
978 3555 1092 3624 mundi,
1106 3557 1163 3614 Dei

58 3635 163 3694 notitia
176 3646 205 3693 et
218 3636 389 3709 reverentia,
399 3647 428 3694 et
442 3656 557 3694 morum
572 3637 712 3696 honestas
726 3640 853 3697 totaliter
867 3641 985 3698 abolitae
999 3642 1162 3700 fuissentin

57 3722 150 3780 terris.

89 3869 256 3926 ¹1mmerit0
270 3874 444 3928 contendunt
460 3876 581 3929 Unitarii
596 3879 724 3946 exempla
738 3877 842 3931 Christi
856 3879 948 3932 minus
961 3877 1087 3932 efficacia
1100 3897 1162 3933 esse

55 3958 180 4029 eoquod
194 3960 274 4012 Deus
287 3959 408 4025 dicatur;
428 3978 493 4014 narn
506 3979 588 4015 verus
601 3974 644 4016 est
658 3964 743 4016 homo
756 3975 783 4017 et
798 3967 947 4020 condolere
960 3978 1052 4034 potest
1067 3966 1101 4020 iis
1115 3968 1161 4036 qui

54 4046 187 4114 ignorant
199 4054 227 4098 et
239 4056 342 4112 errant,
356 4046 488 4116 quoniam
508 4059 536 4101 et
555 4050 615 4116 ipse
628 4049 818 4104 circumdatus
832 4062 874 4105 est
889 4051 1049 4106 infirmitate
1064 4053 1161 4120 (Habr.

55 4135 88 4199 V,
103 4130 140 4198 2).
179 4129 223 4187 Cf.
237 4133 357 4198 Lz'rldon,
374 4151 417 4201 op.
432 4135 478 4188 cit.
494 4135 559 4189 len.
576 4138 601 4199 8,
617 4155 642 4206 p.
657 4153 710 4206 494
724 4155 764 4207 sq.

87 4216 199 4270 ²Serm·
217 4220 234 4269 I
245 4219 282 4272 de
294 4220 411 4273 Nativit.
429 4253 464 4260 -
477 4229 489 4260 ³
501 4222 544 4280 Cf.
560 4226 587 4268 S
612 4228 639 4275 T
635 4226 672 4287 la.
686 4229 705 4284 l.
723 4246 748 4282 c.
765 4247 791 4284 a.
810 4229 868 4301 5-62
884 4228 1082 4295 Lauernam
1093 4223 1190 4282 Conl-
