2684 4634
302 125 360 174 DE
377 120 724 177 OPERATIONIBUS
742 119 916 169 mvuuts.
1100 117 1162 169 1³9

55 305 169 395 potius
186 303 343 390 perfecit:
369 303 542 385 “Quando
558 302 688 383 rogavit
703 321 782 380 crgo
798 321 840 362 ne
857 299 938 362 fides
953 299 1024 379 ejus
1041 297 1162 359 defice·

55 391 115 484 ret,⁴
130 394 215 489 quid
237 408 325 471 aliud
349 408 479 490 rogavit
504 407 566 468 nisi
589 415 629 469 >ut
650 405 790 492 haberet
812 405 844 466 in
870 403 934 491 fide
951 402 1162 472 liberrimam,

56 509 286 599 fortissimam,
296 497 927 590 invictissimam,perseverantissimam
938 490 1163 568 voluntatem?

57 599 150 675 Ecce
174 597 459 694 quemadmodum
483 613 666 675 secundum
690 603 831 693 gratiam
857 610 930 685 Dei,
950 628 1020 670 non
1048 616 1164 671 contra

58 735 144 796 eam,
160 715 298 778 libertas
312 715 503 779 defenditur
516 715 750 778 voluntatis”1.
796 712 896 795 Quod
913 714 955 774 de
967 711 1163 774 efficacitate

58 803 223 880 orationis
240 818 362 881 Christi
379 819 580 899 praedicatur
595 818 637 879 de
652 817 794 880 decretis
810 817 931 879 divinis
954 816 1078 896 pariter
1098 813 1164 874 dici

59 928 185 1001 potest.
231 919 383 983 Aliunde
395 921 485 983 Deus
508 921 709 983 determinat
731 920 866 1001 quidem
890 918 1097 985 voluntatem
1121 915 1163 976 ad

59 1025 233 1104 agendum
249 1034 286 1086 ut
298 1025 415 1107 prima
429 1045 536 1101 causa,
550 1012 608 1087 sed
629 1024 784 1086 voluntas
809 1043 881 1085 sese
905 1022 1105 1084 determinat
1127 1028 1164 1081 ut

59 1146 162 1187 causa
176 1127 323 1204 secunda,
335 1136 372 1190 et
387 1127 434 1189 ita
448 1127 595 1190 salvatur
611 1112 760 1204 libertas;
784 1126 952 1188 nonenim
966 1126 1008 1187 de
1020 1122 1165 1186 essentia

60 1248 176 1290 causae
190 1215 355 1305 sec'undae,
371 1231 472 1292 etiam
490 1230 610 1306 liberae,
625 1241 676 1293 est
698 1240 736 1293 ut
758 1240 838 1312 agat
861 1229 1125 1311 independenter
1145 1246 1165 1287 a

61 1332 174 1412 prima
189 1337 315 1396 causae

106 1507 155 1584 89.
203 1520 240 1569 20
252 1510 359 1590 Juxta
374 1509 573 1585 Molim'stas,
583 1519 704 1591 praeter
719 1511 887 1573 scientiam
900 1509 1059 1590 simplicis
1070 1507 1165 1570 intel·

62 1609 213 1690 ligentiae
230 1621 264 1673 et
277 1613 422 1690 visionis,
439 1614 504 1675 alia
520 1615 729 1677 admittenda
744 1625 803 1692 est,
819 1635 894 1695 quae
917 1623 1066 1677 versatur
1081 1613 1163 1674 circa

62 1713 178 1775 sutura
200 1717 439 1800 conditionata,
455 1728 487 1780 et
512 1717 617 1779 media
640 1727 786 1794 vocatur,
801 1719 880 1799 quia
902 1717 972 1798 ejus
996 1713 1165 1796 objectum

63 1815 151 1878 inter
168 1837 258 1880 mere
273 1819 445 1900 possibilia
459 1831 493 1906 et
509 1820 659 1883 absolute
680 1820 786 1883 sutura
808 1821 987 1901 interjacet.
1034 1820 1167 1881 Docent

62 1918 234 1998 siquidem
251 1920 360 1984 futura
376 1921 478 1985 libera
495 1944 560 1985 non
579 1925 610 1985 in
627 1925 747 1986 divinis
767 1926 908 1987 decretis
927 1924 1092 2005 cognosci,
1108 1922 1165 1985 sed

64 2020 96 2081 in
122 2021 253 2103 seipsis,
279 2024 311 2086 in
339 2029 399 2087 sua
424 2025 560 2089 veritate
588 2025 747 2106 objellivd.
794 2027 879 2102 Hoc,
909 2027 1072 2107 inquiunt,
1100 2045 1165 2087 non

64 2123 235 2206 significat
249 2146 289 2206 ea
305 2148 371 2190 non
388 2129 491 2191 videri
507 2130 539 2190 in
561 2130 705 2191 essentia
724 2130 837 2192 divina
856 2139 1017 2211 tanquam
1040 2129 1071 2190 in
1095 2148 1166 2190 me·

64 2229 121 2290 dio
131 2250 139 2305 ;
168 2230 255 2292 “sed
272 2231 446 2322 significat,
461 2233 507 2295 ait
522 2233 623 2295 Pesclz
639 2232 683 2313 (n.
701 2233 786 2313 271),
798 2253 838 2294 ea
851 2253 916 2294 non
932 2232 1036 2295 videri
1052 2233 1084 2293 in
1097 2230 1167 2294 ullo
1247 2308 1248 2313 η

64 2332 190 2406 medio,
205 2334 295 2414 quod
312 2321 480 2415 praecedat
495 2355 607 2397 eorum
624 2336 861 2412 futuritionem,
878 2337 935 2398 sed
952 2335 1055 2398 videri
1078 2335 1110 2395 in
1127 2354 1167 2395 eo

63 2444 201 2498 tantum
227 2437 328 2517 signo·
346 2439 492 2515 rationiS,
507 2441 597 2520 quod
621 2437 857 2500 simultaneum
881 2447 931 2499 est
954 2457 1028 2499 cum
1052 2457 1165 2498 eorum

64 2537 289 2602 futuritione.''
334 2540 434 2623 Quod
461 2543 550 2605 varie
576 2563 596 2603 a
621 2541 719 2604 variis
746 2539 934 2603 auetoribus
964 2539 1167 2620 explicatur;

63 2641 122 2703 sed
139 2640 243 2704 hodie
258 2645 442 2723 generatim
455 2645 502 2707 sic
514 2653 676 2726 arguunt:
696 2644 792 2706 *Deus
804 2644 848 2705 ab
860 2653 984 2705 aeterno
995 2643 1167 2722 cognoscit

64 2744 231 2824 quidquid
245 2754 299 2807 est
314 2747 534 2810 determinate
549 2767 663 2811 verum
671 2772 678 2827 ;
702 2746 795 2828 atqui
808 2746 917 2808 futura
930 2745 1033 2806 libera
1044 2755 1121 2807 sunt
1133 2745 1166 2805 in

65 2847 186 2927 seipsis
201 2847 423 2913 determinate
437 2871 531 2928 vera;
553 2850 626 2912 haec
648 2851 736 2911 enim
760 2848 940 2930 aliquando
963 2856 1059 2908 erunt
1081 2866 1167 2920 vera,

66 2949 206 3029 quando
220 2969 263 3012 sc.
280 2951 562 3033 adimplebuntur3
578 2953 669 3033 atqui
686 2952 776 3032 quod
801 2961 852 3013 est
874 2949 1095 3011 determinate
1112 2968 1167 3011 ve·

67 3073 140 3115 rum
158 3052 192 3114 in
209 3059 368 3133 tempore,
384 3062 496 3136 potest
512 3075 531 3116 a
548 3055 622 3116 Deo
638 3055 680 3117 ab
701 3063 826 3116 aeterno
845 3053 958 3128 videri,
974 3072 1076 3134 quum
1096 3051 1167 3132 ejus

101 3255 109 3278 ¹
125 3254 172 3307 De
186 3253 311 3322 Corrept.
325 3264 353 3308 et
365 3265 433 3322 grat
448 3271 471 3311 c.
485 3256 569 3322 Vlll,
583 3272 610 3308 n.
629 3267 668 3320 17.
709 3305 710 3309 ,

100 3345 112 3367 ²
126 3339 177 3392 Nil
190 3340 311 3393 dicimus
324 3340 360 3394 de
372 3341 481 3395 famosa
494 3339 675 3415 distinctione
688 3356 786 3393 sensus
800 3339 988 3407 conpositi-ac
1001 3337 1096 3402 divin,
1105 3353 1168 3405 quae

68 3426 257 3480 communiter
268 3443 286 3479 a
298 3424 454 3481 Thomistis
473 3426 595 3492 affertur,
609 3427 674 3496 quia
693 3426 753 3495 ejus
772 3425 908 3493 expositio
926 3423 1008 3477 nobis
1027 3423 1169 3491 paulisper

68 3510 191 3564 obscura
200 3508 262 3563 visa
273 3520 317 3563 est
328 3529 334 3564 :
354 3504 522 3584 principium
532 3512 560 3565 S.
572 3511 691 3563 Thomae
701 3526 785 3577 supra
796 3509 979 3573 enuntiatum,
990 3507 1082 3574 aptius
1093 3508 1168 3560 vide-

69 3606 112 3649 tur
125 3596 164 3649 ad
176 3595 371 3650 difficultatem
383 3596 557 3664 solvendam,
571 3596 599 3649 in
614 3605 750 3666 quantum
763 3594 833 3648 solvi
853 3604 952 3663 potest.
991 3592 1074 3661 Quod
1093 3591 1168 3646 retle

10 3730 15 3746 ,
68 3684 207 3739 intellexit
219 3684 339 3737 Bossuet
350 3684 458 3752 (Trait'e
471 3685 508 3737 du
523 3684 606 3738 Libre
620 3683 740 3751 Arbitre,
756 3700 779 3735 c.
794 3684 822 3748 8)
842 3682 888 3751 qui
909 3681 947 3733 ait
961 3698 1011 3733 nos
1025 3681 1088 3733 ideo
1101 3681 1168 3735 libe·

10 3765 14 3773 '
69 3789 116 3827 ros
128 3789 193 3827 esse
206 3771 273 3842 quia
286 3772 366 3826 Deus
379 3772 437 3825 vult
450 3788 503 3825 nos
515 3789 578 3825 esse
591 3771 701 3838 liberos,
719 3781 747 3825 et
760 3768 887 3823 attiones
901 3779 1011 3821 nostras
1025 3769 1089 3821 ideo
1102 3768 1168 3821 libe-

69 3875 116 3912 ras
128 3875 194 3913 esse
206 3857 272 3928 quia
285 3859 365 3913 Deus
377 3857 444 3912 facit
457 3858 574 3912 easdem
587 3875 650 3912 esse
662 3857 772 3911 liberas.
812 3857 884 3909 Haec
903 3855 1017 3925 quidem
1036 3854 1169 3921 mysterio

10 3980 12 3985 ·
68 3947 156 4016 plena
167 3956 242 4013 sunt,
256 3946 316 4010 sed,
331 3955 361 3999 ut
373 3945 413 3999 ait
426 3945 502 3999 idem
514 3944 613 3998 auctor
625 3945 702 4012 (ibid.
716 3961 739 3998 c.
754 3943 789 4009 4),
804 3943 894 4011 prima
906 3941 1005 4009 logicae
1019 3942 1114 4007 regula
1127 3951 1169 3994 est

70 4032 187 4089 tirmiter
198 4032 401 4101 adhaerendum
414 4048 478 4086 esse
490 4031 654 4086 veritatibus
667 4031 754 4084 semel
768 4029 896 4097 cognitis,
910 4027 1038 4097 quamvis
1058 4026 1169 4080 difficile

17 4152 20 4159 ·
69 4120 107 4174 sit
119 4136 169 4175 eas
181 4119 266 4174 simul
278 4118 439 4187 eonciliare;
458 4135 491 4186 ac
504 4117 652 4185 diligenter
666 4116 789 4170 tenenda
802 4132 864 4168 esse
877 4114 933 4168 duo
952 4123 1077 4167 extrema
1096 4123 1169 4173 cate·

17 4206 22 4221 .

16 4238 30 4299 i

17 4304 32 4407 l

70 4221 126 4274 πε,
137 4196 269 4279 quamuis
280 4204 488 4275 annuliquibus
501 4203 713 4269 comeduntur,
729 4203 844 4255 minime
857 4201 1012 4254 videantur.
