2684 4634
124 167 187 218 ooo
556 165 775 227 >capum
823 196 826 204 .

125 341 284 417 bonum1,
302 362 362 403 nos
378 343 477 404 etiam
495 344 676 407 avertendo
693 366 711 406 a
729 345 826 422 malo
842 367 899 426 per
915 345 1055 408 consilia
1070 355 1104 409 et
1121 366 1230 409 corre-

127 445 275 524 ptiones:
303 446 391 526 quod
408 447 543 525 quidem
561 447 666 510 facere
679 459 819 529 possunt
835 451 1029 513 immediate
1047 453 1178 532 agendo
1189 453 1223 514 in

127 566 276 627 organon
292 547 529 627 phantasiae,ut
541 551 730 614 excitentur
740 574 779 615 ea
793 555 961 616 sensibilia
977 550 1219 636 phantasmata,

128 671 201 730 quae
219 650 422 714 intellectum
439 653 482 715 ad
499 657 715 736 cogitandum
732 643 963 719 determinant.

172 752 229 834 (C)
246 752 400 817 Offerunt
411 755 485 818 Deo
502 768 631 820 nostras
647 761 822 834 orationes
832 773 890 825 aut
906 772 1020 826 nostra
1044 765 1135 826 bona
1148 783 1212 846 ope·

129 880 173 934 ra,
189 879 254 921 non
279 861 413 939 quidem
438 870 474 923 ut
501 863 593 925 Deus
617 886 656 926 ea
678 873 866 943 cognoscat,
889 886 966 927 nam
995 887 1056 947 per
1081 862 1210 948 seipsum

129 965 301 1044 cognoscit
318 965 439 1040 omnia,
455 966 512 1027 sed
530 976 567 1029 ut
583 968 644 1048 ipsi
667 988 743 1030 suas
766 988 881 1048 preces
902 969 1024 1030 nostris
1041 970 1175 1045 addant,
1187 978 1209 1031 et

129 1070 176 1130 sic
202 1068 360 1149 majorem
378 1070 444 1131 vim
469 1072 620 1151 precibus
644 1074 765 1135 nostris
781 1073 977 1136 conferant:
1000 1075 1106 1156 “Ego
1122 1073 1208 1138 obtuli
1250 1140 1252 1147 ,

84 1210 88 1214 -
130 1174 312 1235 orationem
331 1183 422 1236 tuam
441 1176 588 1238 Domino
601 1177 648 1239 ’'2.
819 1165 821 1168 ⁵

174 1276 236 1357 (D)
254 1277 471 1339 Medicinales
487 1300 602 1359 poenas
626 1281 828 1361 quandoque
851 1280 1027 1361 infligunt:
1061 1282 1125 1344 hoc
1139 1281 1209 1344 enin

130 1390 180 1442 est
203 1400 287 1460 opus
311 1381 551 1454 misericordiae‚
567 1393 600 1445 et
626 1383 723 1445 saluti
748 1392 870 1445 nostrae
895 1384 1030 1447 inservit
1043 1397 1065 1446 3.
1114 1387 1209 1447 Poena

131 1495 242 1547 autem
259 1484 468 1546 vindicativae
478 1486 661 1565 generatim
678 1485 856 1566 per‘malos
872 1485 1010 1566 angelos
1027 1486 1212 1568 infliguntur.

175 1583 240 1672 (E)
258 1588 409 1650 Tandem
432 1588 463 1648 in
481 1589 553 1669 ipso
569 1589 708 1650 articulo
725 1591 839 1652 mortis
855 1590 1044 1670 specialiter
1060 1612 1121 1652 nos
1138 1585 1213 1670 adju·

131 1702 211 1753 vant
235 1701 350 1753 contra
373 1691 506 1754 ultimas
530 1695 740 1769 tentationes
756 1704 790 1756 et
815 1695 950 1756 ultimas
973 1695 1099 1758 diaboli
1124 1693 1213 1776 impu·

132 1794 317 1875 gnationes‚
333 1803 367 1856 et
383 1797 511 1858 animas
528 1805 657 1858 nostras
674 1796 716 1857 ad
733 1797 854 1860 coelum
872 1798 923 1859 vel
941 1799 982 1859 ad
1000 1798 1214 1879 purgatorium

133 1899 287 1960 ducuntt.

215 2063 284 2120 111.
304 2060 434 2122 Officia
458 2066 589 2119 nostra
612 2074 701 2130 erga
719 2061 910 2131 Angelum
934 2062 1149 2120 custodem.

176 2207 223 2271 88.
269 2209 303 2269 A
325 2207 360 2269 S.
379 2207 545 2269 Bernardo
560 2206 611 2268 his
628 2206 736 2269 verbis
759 2216 1000 2287 exponuntur:
1029 2211 1044 2238 “
1060 2207 1215 2289 Quantam

134 2313 193 2374 tibi
211 2311 311 2373 debet
326 2311 389 2372 hoc
406 2310 541 2372 verbum
559 2309 677 2372 inferre
701 2311 927 2385 reverentiam,
944 2310 1061 2374 afferre
1083 2311 1215 2375 devotio-

136 2437 221 2491 nem,
237 2414 384 2477 conferre
401 2413 567 2500 fiduciam!
586 2415 821 2476 Reverentiam
845 2435 905 2496 pro
929 2416 1117 2496 praesentia,
1133 2418 1215 2478 devo·
1248 2406 1252 2413 ’

135 2523 259 2584 tionem
277 2540 336 2600 pro
352 2517 591 2589 benevolentia,
602 2517 757 2579 fiduciam
774 2538 834 2598 pro
846 2519 997 2580 custodia
1009 2519 1024 2544 ''
1048 2519 1177 2600 (Sermo
1188 2532 1214 2576 12

135 2627 168 2687 in
187 2624 312 2702 Psoo).
1204 2713 1207 2718 .

183 2741 214 2788 10
235 2723 463 2787 Reverentium
472 2735 536 2803 pro
544 2723 721 2803 presentia
734 2746 745 2784 .·
769 2724 933 2805 siquidem
952 2724 1103 2806 Angelus
1122 2732 1213 2788 custos

135 2841 185 2893 est
201 2849 333 2909 semper
349 2827 532 2902 nobiscum,
548 2835 581 2887 et
597 2827 675 2906 quia
691 2837 742 2888 est
757 2827 891 2915 spiritus
908 2848 1010 2908 purus
1033 2837 1067 2890 et
1090 2826 1213 2892 santus,

136 2935 238 2995 vitare
249 2932 410 2994 debemus
423 2930 584 3010 quidquid
604 2929 693 2991 illum
705 2931 900 2993 contristare
912 2941 1025 3013 posset
1040 2956 1047 2995 ε
1072 2938 1088 2963 “
1103 2934 1139 2994 ln
1152 2947 1214 3012 quo·

136 3039 184 3098 vis
212 3036 401 3110 diversorio,
425 3035 457 3095 in
482 3034 599 3114 quovis
622 3034 756 3113 angulo,
776 3034 908 3114 Angelo
935 3044 992 3097 tuo
1017 3035 1214 3098 reverentiam

137 3141 229 3202 habe.
286 3139 382 3200 Tunc
405 3139 527 3198 audeas
552 3136 607 3197 illo
631 3148 795 3218 praesente
822 3141 910 3218 quod
935 3139 1069 3202 vidente
1092 3149 1214 3201 menon

137 3244 293 3306 auderes?
317 3241 373 3303 An
386 3250 582 3321 praesentem
597 3260 668 3302 esse
679 3242 812 3303 dubitas
823 3261 921 3321 quem
934 3261 1000 3302 non
1008 3242 1120 3304 vides?
1144 3231 1215 3322 Quid

136 3348 163 3408 si
180 3346 364 3408 audiresi...
411 3344 445 3406 Si
463 3343 562 3404 fidem
587 3344 749 3420 consulas
764 3365 803 3406 ea
825 3344 884 3405 tibi
905 3343 1091 3424 angelicam
1115 3341 1216 3425 probat

136 3451 347 3533 praesentiam
366 3469 430 3509 non
448 3448 563 3509 deesse
576 3449 599 3509 ”.
649 3448 697 3527 (S.
716 3447 873 3509 Bernard.
891 3445 909 3508 l.
926 3446 967 3527 c.)

180 3569 215 3618 20
226 3553 399 3616 Fiduciam
408 3563 470 3630 pro
485 3552 628 3614 custodiri
643 3576 654 3615 .·
686 3573 763 3614 nam
775 3563 894 3633 potens
911 3561 962 3612 est
977 3552 1019 3613 ad
1034 3572 1096 3613 nos
1106 3563 1219 3614 succur-

172 3757 179 3779 ¹
193 3758 219 3808 T
216 3757 255 3808 ob.
270 3754 318 3817 Vl,
337 3754 376 3806 16.

179 3843 254 3896 2Τού.
271 3843 338 3906 Xll,
356 3858 393 3893 12.
436 3843 578 3906 lntegrum
591 3840 669 3907 legas
682 3836 712 3892 Τ
707 3840 774 3892 obice
786 3841 896 3906 librum,
908 3839 953 3892 ubi
964 3848 1023 3893 tam
1032 3837 1128 3894 vivide
1138 3832 1224 3894 descri-

135 3928 209 3980 bitur
222 3927 324 3979 divinae
338 3925 523 3978 Providentiae
538 3923 611 3977 aelio
626 3942 675 3993 per
688 3927 814 3993 Angelos
828 3927 926 3978 bonos.

170 4016 223 4066 ³Il
235 4011 305 4082 Reg.
321 4013 429 4077 XXlV,
447 4013 486 4064 16.

170 4101 255 4152 ⁴Luc.
272 4101 351 4164 XVI,
368 4116 409 4152 22.
452 4101 492 4153 Cf.
500 4101 531 4168 J.
547 4101 585 4153 H.
604 4101 752 4167 Newmarq
772 4102 879 4154 Dream
891 4100 923 4153 of
940 4099 1100 4163 Gerontius,
1117 4099 1165 4153 ubi
1184 4113 1231 4152 non

127 4189 223 4242 minus
238 4189 397 4258 theologice
407 4206 495 4260 quam
508 4188 618 4260 poetice
631 4188 796 4242 describitur
809 4186 949 4247 luctamen
964 4187 1067 4247 animae
1081 4187 1233 4257 christiana

116 4296 182 4331 cnm
198 4279 318 4335 diabolo
332 4292 401 4336 ante
418 4289 550 4336 mortem.
727 4291 729 4295 ’
