2684 4620
209 165 275 222 saa
508 187 512 193 .
558 184 578 191 ..
624 167 944 218 ..C3.PUT1.·...-
1002 170 1021 182 .,

210 353 443 432 etproprium
457 353 665 428 omniscium,
682 353 958 434 omnipotentem,
975 351 1067 463 Patri
1091 349 1295 412 consubstan-

210 453 373 517 tialemet
389 475 464 520 cum
484 456 580 518 Patre
597 455 859 537 glorificandum.

212 614 214 618 ’
266 681 270 687 .
378 612 463 690 Art
485 573 561 691 Ill.
584 613 785 690 Divinitas
805 612 956 690 Christi
985 639 1062 692 ex
1063 608 1147 713 jus

415 781 419 787 -
449 784 451 789 -
529 731 733 810 miraculis
766 730 984 832 probatur.1

213 938 215 942 ι
253 895 301 972 48.
349 895 386 956 ln
410 895 439 956 s
438 916 461 957 r
478 895 516 956 de
540 894 624 959 Vera
640 896 753 976 Relag
760 896 816 977 (ιι
826 912 882 976 173
900 897 971 978 sq)
987 896 1220 959 demonstrata
1245 895 1296 958 fuit

211 996 326 1059 asama
348 998 459 1061 missio
474 999 597 1064 Christi
620 1021 664 1062 ex
689 999 853 1063 miraculis
877 1002 951 1064 ab
943 1021 1016 1082 ipso
1039 987 1190 1103 patratis
1206 1010 1238 1063 et
1258 1021 1295 1062 ex

212 1087 274 1162 hoc
289 1102 445 1164 divinitas
461 1101 608 1201 Christi
600 1103 702 1184 ipsius
715 1102 785 1197 jain
801 1103 956 1167 inderedie
977 1101 1087 1167 inferri
1113 1096 1247 1186 potest.
1274 1103 1296 1164 si

212 1197 300 1268 enim
315 1206 466 1270 Christus
486 1192 562 1270 vere
578 1208 676 1271 suita
690 1209 798 1270 Deo
780 1209 899 1271 missus
901 1207 1008 1299 ‚eJus
1010 1204 1165 1292 dodlrina
1180 1216 1218 1270 ut
1232 1227 1297 1269 vera

214 1310 281 1375 lnto
296 1320 333 1374 ut
349 1312 461 1374 divina
476 1298 670 1393 accipienda
685 1323 752 1390 est;
786 1313 878 1402 atqui
895 1331 997 1374 unum
1021 1331 1065 1373 ex
1081 1287 1295 1415 dogmatibus

213 1424 289 1494 'qu'ae
304 1403 453 1478 Christus
469 1417 591 1492 docuit,
608 1418 658 1479 es't
674 1417 808 1508 propria
824 1415 927 1497 ipsius
942 1408 1110 1502 divinitas,
1126 1423 1163 1492 ut
1179 1420 1298 1475 constat

195 1516 274 1583 'ex
280 1519 419 1581 articulo
450 1521 691 1615 praecedenti:
727 1541 808 1602 ergo
839 1520 996 1607 divinitas
1019 1494 1144 1583 Christi
1173 1520 1297 1581 omnino

214 1610 358 1680 tenenda
373 1627 486 1682 est-
503 1621 595 1686 Sed
586 1627 721 1720 msuper
735 1620 852 1683 darelie
865 1600 1013 1715 'eamdem
1031 1616 1154 1709 thesim
1171 1617 1297 1699 probare

214 1735 390 1803 possumus
402 1727 554 1807 sequenti
567 1713 774 1808 argumento,
813 1724 874 1788 Ille
884 1707 959 1787 vere
972 1722 1087 1786 Deus
1081 1733 1134 1786 est
1146 1724 1201 1805 qui
1214 1724 1295 1785 mira-

214 1816 289 1894 e'ula
295 1819 380 1892 fecit
367 1831 522 1927 tpro'prr'o
531 1832 658 1894 nentina
669 1835 702 1893 et
710 1828 847 1911 proprid
857 1830 985 1905 certate,
994 1836 1052 1891 aut
1064 1847 1105 1915 ea
1115 1828 1257 1908 patravit
1269 1826 1295 1888 in

213 1920 484 2014 caiptranatz'anenz
510 1955 576 1998 suoe
597 1934 822 1998 divinitates:
856 1932 947 2016 atqui
970 1910 1123 2000 Christus
1151 1930 1294 1995 miracula

214 2037 369 2115 quaedam
386 2036 495 2099 effecit
519 2038 575 2100 illo
598 2038 721 2119 duplici
739 2039 866 2100 modo:
892 2057 971 2118 ergo
988 2035 1080 2098 Deus
1104 2045 1164 2098 est.
1213 2035 1296 2098 Ratio

217 2139 348 2219 majoris
364 2143 535 2204 evidenter
550 2150 688 2222 apparet
706 2164 713 2202 ε
748 2160 792 2202 ex
810 2141 881 2222 ipsa
897 2141 984 2202 enim
1002 2138 1140 2202 notione
1164 2136 1296 2202 miraculi

216 2243 304 2305 solus
320 2244 411 2305 Deus
421 2254 532 2325 potest
539 2242 675 2326 propre'd
686 2243 808 2306 virtute
821 2243 978 2306 miracula
994 2243 1109 2321 lacere,
1123 2264 1227 2326 quum
1237 2262 1298 2306 vera

216 2347 383 2425 miracula,
399 2350 467 2411 sive
484 2350 515 2412 in
533 2349 655 2426 se,sive
666 2350 791 2411 ratione
807 2347 1140 2424 circumstantiarum,
1157 2352 1299 2428 superent

215 2452 299 2512 vires
332 2453 433 2515 totius
472 2462 598 2515 naturae
630 2462 800 2515 creatae2:
838 2449 973 2513 aliunde
1003 2450 1096 2513 Deus
1120 2451 1300 2532 permittere

217 2556 331 2635 nequit
362 2555 505 2637 aliquem
529 2556 577 2619 uti
601 2565 768 2637 potestate
803 2552 999 2616 miraculosa
1031 2554 1073 2615 ad
1098 2553 1301 2635 decipiendos

217 2658 394 2722 homines:
428 2659 454 2720 si
470 2659 544 2740 quis
560 2659 660 2740 igitur
676 2657 834 2720 miracula
857 2655 956 2719 iaciat
979 2656 1021 2719 ad
1039 2657 1210 2739 propriam
1232 2657 1302 2719 divi·

218 2765 357 2826 nitatem
390 2762 661 2869 confirmandam,
685 2761 739 2824 ille
777 2771 868 2824 certo
892 2761 984 2823 Deus
1019 2770 1076 2824 est
1125 2761 1238 2824 Minor
1265 2760 1303 2821 sic

219 2868 401 2947 probatur:

257 3006 358 3082 491
375 3002 542 3067 Christus
557 3001 729 3066 miracula
744 3002 829 3066 fecit
844 3000 986 3080 propria
994 2999 1138 3066 virtute.
1172 3001 1304 3085 Quando

221 3109 404 3191 Prophetae,
428 3108 585 3191 Apostoli
607 3117 665 3171 aut
688 3103 794 3169 saneti
818 3106 977 3169 miracula
1001 3115 1227 3187 patraverunt,
1248 3122 1303 3166 non

253 3321 263 3351 ¹
275 3322 315 3375 Cf.
325 3321 464 3391 Legrand,
475 3320 511 3374 de
524 3320 676 3385 incarnat,
685 3318 752 3372 diss.
765 3317 823 3382 lll;
851 3319 982 3385 Perrone,
993 3334 1038 3387 op.
1052 3317 1100 3371 cit.
1111 3317 1130 3370 l.
1149 3318 1189 3385 11,
1203 3335 1226 3372 c.
1242 3331 1304 3385 9·10;
1336 3340 1339 3355 ι

219 3409 397 3476 Lacordaire,
411 3425 456 3476 op.
473 3408 519 3461 cit.
536 3404 599 3461 lect.
614 3407 651 3472 ΙΙ,
666 3407 727 3458 The
742 3404 836 3473 public
852 3422 944 3475 power
963 3404 995 3458 of
1009 3405 1032 3473 J.
1048 3405 1082 3457 X.
1088 3423 1096 3468 ;
1124 3404 1251 3474 Freppel,
1269 3417 1304 3470 op.

220 3499 266 3552 cit.
289 3496 355 3551 diss.
379 3497 435 3560 1113
472 3495 563 3562 Felix,
583 3494 662 3548 Conf.
686 3495 762 3559 1864,
781 3511 804 3546 c.
827 3508 884 3563 4-5;
921 3494 1035 3559 Bessan,
1059 3490 1303 3551 L’Homme·Dieu‚

224 3600 301 3638 11-12
316 3583 396 3637 Coni.

256 3669 411 3725 ²Miraculi
425 3669 501 3722 notio
515 3679 542 3723 et
556 3667 664 3737 species
678 3668 706 3721 in
723 3669 772 3721 Tr.
783 3668 816 3720 de
828 3667 857 3720 V.
869 3666 958 3736 Relig.
970 3665 1008 3732 (n.
1019 3666 1055 3720 68
1068 3665 1126 3735 sq.)
1134 3665 1304 3736 explicantur.

223 3763 255 3812 ln
270 3757 414 3827 Scriptura
427 3756 561 3810 miracula
577 3766 713 3809 vocantur
726 3747 823 3822 τέρατα
837 3753 854 3806 i.
871 3770 895 3808 e.
907 3754 1044 3824 prodagia
1058 3770 1109 3808 seu
1129 3756 1207 3807 mira
1220 3753 1305 3821 (Mart.

221 3847 328 3912 XXIV,
340 3844 393 3911 24),
404 3844 470 3913 quia
479 3842 695 3896 admirationem
704 3840 841 3906 'excitant5
862 3834 958 3903 σημεῖα
968 3857 1017 3894 seu
1025 3841 1111 3910 szgrna
1121 3840 1228 3908 (Marc.
1240 3836 1306 3899 XVl,

222 3933 276 3999 20),
285 3931 349 4002 quia
363 3929 467 3999 aliquid
481 3928 558 3982 aliud
568 3928 704 3982 denotant
718 3946 767 3982 seu
781 3928 951 3996 significant,
959 3945 984 3980 v.
995 3943 1021 3994 g.
1030 3936 1205 3995 potestatem
1218 3924 1307 3980 iacien-

223 4021 257 4074 tis
274 4022 317 4072 vel
331 4020 390 4088 ejus
404 4017 528 4071 divinam
542 4015 707 4071 missionem
715 4037 722 4081 3
751 4010 871 4079 δυνάμεις
891 4033 940 4070 seu
953 4015 1068 4068 virtutes
1081 4011 1183 4082 (Matr.
1198 4015 1248 4082 XI,
1263 4010 1307 4077 ao),

222 4106 288 4175 quia
306 4103 468 4159 exercitium
487 4114 552 4157 sunt
571 4103 675 4157 divinae
694 4103 803 4157 virtutis
823 4120 872 4157 seu
893 4101 1041 4170 potentiae3
1071 4097 1146 4172 ἔργα,
1163 4102 1182 4157 i.
1198 4121 1223 4159 e.
1238 4106 1307 4172 opera

219 4191 294 4261 (loa.
308 4192 341 4260 V,
351 4189 396 4260 36;
418 4191 484 4262 Vll,
494 4206 539 4259 213
559 4191 595 4260 X,
606 4191 662 4262 ²Sl»
672 4189 740 4262 quia
749 4201 813 4246 sunt
821 4207 907 4260 opera
920 4189 973 4244 Dei
981 4189 1103 4260 propria.
1144 4190 1188 4246 Cf.
1204 4185 1305 4248 Prema,

214 4279 279 4336 The
293 4276 436 4337 Miracles
451 4281 482 4337 oi
494 4281 531 4337 Ο.
545 4279 635 4344 iord,
650 4296 675 4335 e.
691 4295 716 4335 ι.
