<?xml version="1.0" encoding="UTF-8"?>
<!DOCTYPE html PUBLIC "-//W3C//DTD XHTML 1.0 Transitional//EN"
    "http://www.w3.org/TR/xhtml1/DTD/xhtml1-transitional.dtd">
<html xmlns="http://www.w3.org/1999/xhtml" xml:lang="en" lang="en">
 <head>
  <title>
</title>
<meta http-equiv="Content-Type" content="text/html;charset=utf-8" />
  <meta name='ocr-system' content='tesseract 3.04.00' />
  <meta name='ocr-capabilities' content='ocr_page ocr_carea ocr_par ocr_line ocrx_word'/>
</head>
<body>
  <div class='ocr_page' id='page_1' title='image "./synopsistheolog00tanqgoog_0587.png"; bbox 0 0 2684 4634; ppageno 0'>
   <div class='ocr_carea' id='block_1_1' title="bbox 138 172 795 228">
    <p class='ocr_par' dir='ltr' id='par_1_1' title="bbox 138 172 795 228">
     <span class='ocr_line' id='line_1_1' title="bbox 138 172 795 228; baseline -0.009 -2"><span class='ocrx_word' id='word_1_1' title='bbox 138 176 203 228; x_wconf 79' lang='lat'>566</span> <span class='ocrx_word' id='word_1_2' title='bbox 578 173 718 224; x_wconf 76' lang='lat' dir='ltr'>CAPUT</span> <span class='ocrx_word' id='word_1_3' title='bbox 736 172 795 221; x_wconf 90' lang='lat'>111.</span> 
     </span>
    </p>
   </div>
   <div class='ocr_carea' id='block_1_2' title="bbox 41 344 1237 1715">
    <p class='ocr_par' dir='ltr' id='par_1_2' title="bbox 65 344 1237 858">
     <span class='ocr_line' id='line_1_2' title="bbox 171 344 1237 426; baseline -0.009 -14"><span class='ocrx_word' id='word_1_4' title='bbox 171 355 328 415; x_wconf 86' lang='lat' dir='ltr'>Habentes</span> <span class='ocrx_word' id='word_1_5' title='bbox 346 355 434 426; x_wconf 83' lang='lat' dir='ltr'>igitur</span> <span class='ocrx_word' id='word_1_6' title='bbox 455 354 629 412; x_wconf 88' lang='lat' dir='ltr'>Pontificem</span> <span class='ocrx_word' id='word_1_7' title='bbox 650 370 801 424; x_wconf 83' lang='lat' dir='ltr'>magnum,</span> <span class='ocrx_word' id='word_1_8' title='bbox 817 349 868 423; x_wconf 90' lang='lat' dir='ltr'>qui</span> <span class='ocrx_word' id='word_1_9' title='bbox 887 347 1055 423; x_wconf 90' lang='lat' dir='ltr'>penetravit</span> <span class='ocrx_word' id='word_1_10' title='bbox 1072 347 1178 412; x_wconf 88' lang='lat' dir='ltr'>coelos,</span> <span class='ocrx_word' id='word_1_11' title='bbox 1193 344 1237 418; x_wconf 91' lang='lat' dir='ltr'>Je-</span> 
     </span>
     <span class='ocr_line' id='line_1_3' title="bbox 134 434 1236 511; baseline -0.01 -12"><span class='ocrx_word' id='word_1_12' title='bbox 134 459 199 498; x_wconf 93' lang='lat' dir='ltr'>sum</span> <span class='ocrx_word' id='word_1_13' title='bbox 220 441 326 499; x_wconf 87' lang='lat' dir='ltr'>Filium</span> <span class='ocrx_word' id='word_1_14' title='bbox 347 440 413 511; x_wconf 94' lang='lat' dir='ltr'>Dei,</span> <span class='ocrx_word' id='word_1_15' title='bbox 430 439 617 511; x_wconf 77' lang='lat' dir='ltr'>cumfiducid</span> <span class='ocrx_word' id='word_1_16' title='bbox 636 456 704 496; x_wconf 90' lang='lat' dir='ltr'>eum</span> <span class='ocrx_word' id='word_1_17' title='bbox 723 437 875 506; x_wconf 69' lang='lat' dir='ltr'>adeamus</span> <span class='ocrx_word' id='word_1_18' title='bbox 889 446 922 494; x_wconf 90' lang='lat' dir='ltr'>ut</span> <span class='ocrx_word' id='word_1_19' title='bbox 934 444 990 507; x_wconf 83' lang='lat' dir='ltr'>per</span> <span class='ocrx_word' id='word_1_20' title='bbox 1008 434 1114 506; x_wconf 82' lang='lat' dir='ltr'>ipsum,</span> <span class='ocrx_word' id='word_1_21' title='bbox 1133 442 1236 491; x_wconf 82' lang='lat' dir='ltr'>etcum</span> 
     </span>
     <span class='ocr_line' id='line_1_4' title="bbox 134 519 1236 600; baseline -0.009 -15"><span class='ocrx_word' id='word_1_22' title='bbox 134 528 202 600; x_wconf 82' lang='lat' dir='ltr'>ipso,</span> <span class='ocrx_word' id='word_1_23' title='bbox 215 538 244 587; x_wconf 92' lang='lat' dir='ltr'>et</span> <span class='ocrx_word' id='word_1_24' title='bbox 257 528 288 585; x_wconf 85' lang='lat' dir='ltr'>in</span> <span class='ocrx_word' id='word_1_25' title='bbox 301 528 361 600; x_wconf 82' lang='lat' dir='ltr'>ipso</span> <span class='ocrx_word' id='word_1_26' title='bbox 373 528 470 584; x_wconf 84' lang='lat' dir='ltr'>Deum</span> <span class='ocrx_word' id='word_1_27' title='bbox 482 526 630 583; x_wconf 81' lang='lat' dir='ltr'>laudemus</span> <span class='ocrx_word' id='word_1_28' title='bbox 643 534 672 584; x_wconf 89' lang='lat' dir='ltr'>et</span> <span class='ocrx_word' id='word_1_29' title='bbox 684 524 891 597; x_wconf 72' lang='lat' dir='ltr'>glorificemus</span> <span class='ocrx_word' id='word_1_30' title='bbox 905 522 1018 595; x_wconf 85' lang='lat' dir='ltr'>quippe</span> <span class='ocrx_word' id='word_1_31' title='bbox 1029 521 1081 593; x_wconf 89' lang='lat' dir='ltr'>qui</span> <span class='ocrx_word' id='word_1_32' title='bbox 1093 519 1236 577; x_wconf 90' lang='lat' dir='ltr'>inhabiles</span> 
     </span>
     <span class='ocr_line' id='line_1_5' title="bbox 65 607 1234 687; baseline -0.009 -12"><span class='ocrx_word' id='word_1_33' title='bbox 65 641 67 646; x_wconf 91' lang='lat'>·</span> <span class='ocrx_word' id='word_1_34' title='bbox 134 634 236 674; x_wconf 92' lang='lat' dir='ltr'>sumus</span> <span class='ocrx_word' id='word_1_35' title='bbox 258 635 294 673; x_wconf 95' lang='lat' dir='ltr'>ex</span> <span class='ocrx_word' id='word_1_36' title='bbox 314 615 537 687; x_wconf 88' lang='lat' dir='ltr'>nobismetipsis</span> <span class='ocrx_word' id='word_1_37' title='bbox 557 614 742 682; x_wconf 86' lang='lat' dir='ltr'>Trinitatem,</span> <span class='ocrx_word' id='word_1_38' title='bbox 763 621 851 685; x_wconf 91' lang='lat' dir='ltr'>prout</span> <span class='ocrx_word' id='word_1_39' title='bbox 871 612 965 681; x_wconf 90' lang='lat' dir='ltr'>decet,</span> <span class='ocrx_word' id='word_1_40' title='bbox 990 610 1153 667; x_wconf 92' lang='lat' dir='ltr'>honorare.</span> <span class='ocrx_word' id='word_1_41' title='bbox 1192 607 1234 665; x_wconf 86' lang='lat' dir='ltr'>Ad</span> 
     </span>
     <span class='ocr_line' id='line_1_6' title="bbox 134 695 1234 775; baseline -0.007 -15"><span class='ocrx_word' id='word_1_42' title='bbox 134 721 202 761; x_wconf 93' lang='lat' dir='ltr'>eum</span> <span class='ocrx_word' id='word_1_43' title='bbox 216 703 324 775; x_wconf 91' lang='lat' dir='ltr'>pariter</span> <span class='ocrx_word' id='word_1_44' title='bbox 336 702 544 773; x_wconf 82' lang='lat' dir='ltr'>confugiamus</span> <span class='ocrx_word' id='word_1_45' title='bbox 557 701 588 757; x_wconf 92' lang='lat' dir='ltr'>in</span> <span class='ocrx_word' id='word_1_46' title='bbox 602 701 684 757; x_wconf 85' lang='lat' dir='ltr'>rebus</span> <span class='ocrx_word' id='word_1_47' title='bbox 700 700 834 769; x_wconf 79' lang='lat' dir='ltr'>adaersis,</span> <span class='ocrx_word' id='word_1_48' title='bbox 851 708 902 757; x_wconf 93' lang='lat' dir='ltr'>aut</span> <span class='ocrx_word' id='word_1_49' title='bbox 915 697 999 756; x_wconf 91' lang='lat' dir='ltr'>variis</span> <span class='ocrx_word' id='word_1_50' title='bbox 1013 697 1128 768; x_wconf 90' lang='lat' dir='ltr'>quibus</span> <span class='ocrx_word' id='word_1_51' title='bbox 1142 695 1234 767; x_wconf 83' lang='lat' dir='ltr'>affligi·</span> 
     </span>
     <span class='ocr_line' id='line_1_7' title="bbox 134 782 1233 858; baseline -0.007 -13"><span class='ocrx_word' id='word_1_52' title='bbox 134 806 200 846; x_wconf 93' lang='lat' dir='ltr'>mur</span> <span class='ocrx_word' id='word_1_53' title='bbox 213 788 436 845; x_wconf 70' lang='lat' dir='ltr'>tentationibus:</span> <span class='ocrx_word' id='word_1_54' title='bbox 451 789 471 816; x_wconf 90' lang='lat'>“</span> <span class='ocrx_word' id='word_1_55' title='bbox 480 787 508 844; x_wconf 95' lang='lat' dir='ltr'>N</span> <span class='ocrx_word' id='word_1_56' title='bbox 511 805 551 844; x_wconf 92' lang='lat' dir='ltr'>on</span> <span class='ocrx_word' id='word_1_57' title='bbox 564 787 643 845; x_wconf 90' lang='lat' dir='ltr'>enim</span> <span class='ocrx_word' id='word_1_58' title='bbox 656 787 802 844; x_wconf 90' lang='lat' dir='ltr'>habemus</span> <span class='ocrx_word' id='word_1_59' title='bbox 816 784 989 858; x_wconf 88' lang='lat' dir='ltr'>pontificem</span> <span class='ocrx_word' id='word_1_60' title='bbox 1003 783 1058 856; x_wconf 92' lang='lat' dir='ltr'>qui</span> <span class='ocrx_word' id='word_1_61' title='bbox 1071 801 1140 846; x_wconf 63' lang='lat' dir='ltr'>non,</span> <span class='ocrx_word' id='word_1_62' title='bbox 1149 782 1233 854; x_wconf 87' lang='lat' dir='ltr'>possit</span> 
     </span>
    </p>

    <p class='ocr_par' dir='ltr' id='par_1_3' title="bbox 41 870 1233 1715">
     <span class='ocr_line' id='line_1_8' title="bbox 86 870 1233 948; baseline -0.006 -16"><span class='ocrx_word' id='word_1_63' title='bbox 86 913 89 921; x_wconf 84' lang='lat'>·</span> <span class='ocrx_word' id='word_1_64' title='bbox 133 876 262 948; x_wconf 86' lang='lat' dir='ltr'>compati</span> <span class='ocrx_word' id='word_1_65' title='bbox 285 873 506 933; x_wconf 89' lang='lat' dir='ltr'>infirmitatibus</span> <span class='ocrx_word' id='word_1_66' title='bbox 530 874 655 932; x_wconf 92' lang='lat' dir='ltr'>nostris:</span> <span class='ocrx_word' id='word_1_67' title='bbox 684 882 830 932; x_wconf 88' lang='lat' dir='ltr'>tentatum</span> <span class='ocrx_word' id='word_1_68' title='bbox 855 880 955 930; x_wconf 90' lang='lat' dir='ltr'>autem</span> <span class='ocrx_word' id='word_1_69' title='bbox 981 889 1035 943; x_wconf 92' lang='lat' dir='ltr'>per</span> <span class='ocrx_word' id='word_1_70' title='bbox 1060 870 1167 928; x_wconf 90' lang='lat' dir='ltr'>omnia</span> <span class='ocrx_word' id='word_1_71' title='bbox 1188 887 1233 940; x_wconf 91' lang='lat' dir='ltr'>pro</span> 
     </span>
     <span class='ocr_line' id='line_1_9' title="bbox 41 957 1231 1042; baseline -0.003 -24"><span class='ocrx_word' id='word_1_72' title='bbox 41 1035 44 1042; x_wconf 90' lang='lat'><em>.</em></span> <span class='ocrx_word' id='word_1_73' title='bbox 133 961 324 1020; x_wconf 90' lang='lat' dir='ltr'>similitudine</span> <span class='ocrx_word' id='word_1_74' title='bbox 336 961 448 1034; x_wconf 91' lang='lat' dir='ltr'>absque</span> <span class='ocrx_word' id='word_1_75' title='bbox 462 970 587 1033; x_wconf 89' lang='lat' dir='ltr'>peccato</span> <span class='ocrx_word' id='word_1_76' title='bbox 597 961 613 987; x_wconf 93' lang='lat'>&#39;&#39;</span> <span class='ocrx_word' id='word_1_77' title='bbox 622 958 640 1018; x_wconf 81' lang='lat'>².</span> <span class='ocrx_word' id='word_1_78' title='bbox 682 962 738 1019; x_wconf 92' lang='lat' dir='ltr'>Per</span> <span class='ocrx_word' id='word_1_79' title='bbox 750 961 847 1033; x_wconf 92' lang='lat' dir='ltr'>ipsum</span> <span class='ocrx_word' id='word_1_80' title='bbox 857 959 981 1032; x_wconf 81' lang='lat' dir='ltr'>gratias,</span> <span class='ocrx_word' id='word_1_81' title='bbox 994 958 1107 1030; x_wconf 88' lang='lat' dir='ltr'>quibus</span> <span class='ocrx_word' id='word_1_82' title='bbox 1127 957 1231 1029; x_wconf 84' lang='lat' dir='ltr'>indigc-</span> 
     </span>
     <span class='ocr_line' id='line_1_10' title="bbox 132 1046 1230 1121; baseline -0.006 -15"><span class='ocrx_word' id='word_1_83' title='bbox 132 1065 208 1117; x_wconf 77' lang='lat' dir='ltr'>muS,</span> <span class='ocrx_word' id='word_1_84' title='bbox 223 1069 240 1107; x_wconf 91' lang='lat' dir='ltr'>a</span> <span class='ocrx_word' id='word_1_85' title='bbox 261 1051 327 1108; x_wconf 94' lang='lat' dir='ltr'>Deo</span> <span class='ocrx_word' id='word_1_86' title='bbox 345 1049 532 1107; x_wconf 88' lang='lat' dir='ltr'>confidenter</span> <span class='ocrx_word' id='word_1_87' title='bbox 549 1049 753 1121; x_wconf 70' lang='lat' dir='ltr'>postulemus,</span> <span class='ocrx_word' id='word_1_88' title='bbox 773 1067 842 1105; x_wconf 91' lang='lat' dir='ltr'>nam</span> <span class='ocrx_word' id='word_1_89' title='bbox 858 1047 999 1104; x_wconf 90' lang='lat' dir='ltr'>“salvare</span> <span class='ocrx_word' id='word_1_90' title='bbox 1012 1046 1044 1103; x_wconf 93' lang='lat' dir='ltr'>in</span> <span class='ocrx_word' id='word_1_91' title='bbox 1058 1054 1230 1118; x_wconf 89' lang='lat' dir='ltr'>perpetuum</span> 
     </span>
     <span class='ocr_line' id='line_1_11' title="bbox 133 1131 1230 1210; baseline -0.005 -16"><span class='ocrx_word' id='word_1_92' title='bbox 133 1147 231 1210; x_wconf 91' lang='lat' dir='ltr'>potest</span> <span class='ocrx_word' id='word_1_93' title='bbox 251 1137 429 1195; x_wconf 89' lang='lat' dir='ltr'>accedentes</span> <span class='ocrx_word' id='word_1_94' title='bbox 451 1154 504 1208; x_wconf 90' lang='lat' dir='ltr'>per</span> <span class='ocrx_word' id='word_1_95' title='bbox 525 1137 719 1210; x_wconf 89' lang='lat' dir='ltr'>semetipsum</span> <span class='ocrx_word' id='word_1_96' title='bbox 740 1137 780 1194; x_wconf 90' lang='lat' dir='ltr'>ad</span> <span class='ocrx_word' id='word_1_97' title='bbox 803 1136 912 1204; x_wconf 90' lang='lat' dir='ltr'>Deum,</span> <span class='ocrx_word' id='word_1_98' title='bbox 935 1151 1054 1206; x_wconf 91' lang='lat' dir='ltr'>semper</span> <span class='ocrx_word' id='word_1_99' title='bbox 1075 1132 1180 1190; x_wconf 91' lang='lat' dir='ltr'>vivens</span> <span class='ocrx_word' id='word_1_100' title='bbox 1198 1131 1230 1188; x_wconf 90' lang='lat' dir='ltr'>ad</span> 
     </span>
     <span class='ocr_line' id='line_1_12' title="bbox 133 1218 1231 1296; baseline -0.005 -17"><span class='ocrx_word' id='word_1_101' title='bbox 133 1222 382 1296; x_wconf 85' lang='lat' dir='ltr'>interpellandum</span> <span class='ocrx_word' id='word_1_102' title='bbox 396 1241 450 1295; x_wconf 92' lang='lat' dir='ltr'>pro</span> <span class='ocrx_word' id='word_1_103' title='bbox 463 1223 550 1281; x_wconf 92' lang='lat' dir='ltr'>nobis</span> <span class='ocrx_word' id='word_1_104' title='bbox 559 1222 574 1249; x_wconf 87' lang='lat'>&#39;’</span> <span class='ocrx_word' id='word_1_105' title='bbox 582 1222 600 1281; x_wconf 72' lang='lat'>².</span> <span class='ocrx_word' id='word_1_106' title='bbox 635 1223 737 1296; x_wconf 91' lang='lat' dir='ltr'>Quum</span> <span class='ocrx_word' id='word_1_107' title='bbox 748 1240 817 1281; x_wconf 89' lang='lat' dir='ltr'>vero</span> <span class='ocrx_word' id='word_1_108' title='bbox 829 1223 899 1294; x_wconf 91' lang='lat' dir='ltr'>Ipse</span> <span class='ocrx_word' id='word_1_109' title='bbox 912 1220 997 1279; x_wconf 88' lang='lat' dir='ltr'>fuerit</span> <span class='ocrx_word' id='word_1_110' title='bbox 1010 1219 1102 1278; x_wconf 91' lang='lat' dir='ltr'>simul</span> <span class='ocrx_word' id='word_1_111' title='bbox 1114 1218 1231 1276; x_wconf 82' lang='lat' dir='ltr'>sacerdos</span> 
     </span>
     <span class='ocr_line' id='line_1_13' title="bbox 132 1306 1230 1382; baseline -0.005 -14"><span class='ocrx_word' id='word_1_112' title='bbox 132 1320 161 1368; x_wconf 91' lang='lat' dir='ltr'>et</span> <span class='ocrx_word' id='word_1_113' title='bbox 173 1310 299 1378; x_wconf 68' lang='lat' dir='ltr'>vt&#39;llt‘ma,</span> <span class='ocrx_word' id='word_1_114' title='bbox 308 1319 337 1368; x_wconf 92' lang='lat' dir='ltr'>et</span> <span class='ocrx_word' id='word_1_115' title='bbox 350 1328 405 1367; x_wconf 94' lang='lat' dir='ltr'>nos</span> <span class='ocrx_word' id='word_1_116' title='bbox 418 1311 510 1369; x_wconf 89' lang='lat' dir='ltr'>simus</span> <span class='ocrx_word' id='word_1_117' title='bbox 522 1329 595 1382; x_wconf 81' lang='lat' dir='ltr'>gens</span> <span class='ocrx_word' id='word_1_118' title='bbox 608 1311 720 1377; x_wconf 70' lang='lat' dir='ltr'>sancta,</span> <span class='ocrx_word' id='word_1_119' title='bbox 731 1328 825 1382; x_wconf 85' lang='lat' dir='ltr'>genus</span> <span class='ocrx_word' id='word_1_120' title='bbox 837 1309 976 1377; x_wconf 73' lang='lat' dir='ltr'>electum,</span> <span class='ocrx_word' id='word_1_121' title='bbox 989 1307 1089 1379; x_wconf 87' lang='lat' dir='ltr'>regale</span> <span class='ocrx_word' id='word_1_122' title='bbox 1102 1306 1230 1364; x_wconf 80' lang='lat' dir='ltr'>sacerdo</span> 
     </span>
     <span class='ocr_line' id='line_1_14' title="bbox 132 1393 1228 1469; baseline -0.006 -15"><span class='ocrx_word' id='word_1_123' title='bbox 132 1399 216 1468; x_wconf 91' lang='lat' dir='ltr'>tium,</span> <span class='ocrx_word' id='word_1_124' title='bbox 233 1399 391 1456; x_wconf 82' lang='lat' dir='ltr'>offeramus</span> <span class='ocrx_word' id='word_1_125' title='bbox 409 1416 478 1455; x_wconf 90' lang='lat' dir='ltr'>cum</span> <span class='ocrx_word' id='word_1_126' title='bbox 498 1398 548 1455; x_wconf 97' lang='lat' dir='ltr'>illo</span> <span class='ocrx_word' id='word_1_127' title='bbox 567 1398 744 1456; x_wconf 90' lang='lat' dir='ltr'>sacrificium</span> <span class='ocrx_word' id='word_1_128' title='bbox 765 1399 831 1456; x_wconf 94' lang='lat' dir='ltr'>Deo</span> <span class='ocrx_word' id='word_1_129' title='bbox 850 1395 1046 1469; x_wconf 88' lang='lat' dir='ltr'>acceptabile,</span> <span class='ocrx_word' id='word_1_130' title='bbox 1067 1404 1134 1452; x_wconf 91' lang='lat' dir='ltr'>turn</span> <span class='ocrx_word' id='word_1_131' title='bbox 1153 1393 1228 1450; x_wconf 78' lang='lat' dir='ltr'>inter.</span> 
     </span>
     <span class='ocr_line' id='line_1_15' title="bbox 132 1483 1229 1557; baseline -0.003 -18"><span class='ocrx_word' id='word_1_132' title='bbox 132 1502 201 1540; x_wconf 85' lang='lat' dir='ltr'>num</span> <span class='ocrx_word' id='word_1_133' title='bbox 213 1507 223 1540; x_wconf 94' lang='lat'><em>:</em></span> <span class='ocrx_word' id='word_1_134' title='bbox 246 1483 451 1542; x_wconf 90' lang='lat' dir='ltr'>“sacrificium</span> <span class='ocrx_word' id='word_1_135' title='bbox 474 1485 539 1542; x_wconf 90' lang='lat' dir='ltr'>Deo</span> <span class='ocrx_word' id='word_1_136' title='bbox 559 1485 677 1557; x_wconf 91' lang='lat' dir='ltr'>spiritus</span> <span class='ocrx_word' id='word_1_137' title='bbox 696 1484 912 1543; x_wconf 90' lang='lat' dir='ltr'>contribulatus</span> <span class='ocrx_word' id='word_1_138' title='bbox 922 1483 937 1510; x_wconf 86' lang='lat'>&#39;’</span> <span class='ocrx_word' id='word_1_139' title='bbox 948 1503 956 1554; x_wconf 92' lang='lat'>;</span> <span class='ocrx_word' id='word_1_140' title='bbox 981 1492 1047 1540; x_wconf 92' lang='lat' dir='ltr'>turn</span> <span class='ocrx_word' id='word_1_141' title='bbox 1065 1489 1229 1538; x_wconf 82' lang='lat' dir='ltr'>externum:</span> 
     </span>
     <span class='ocr_line' id='line_1_16' title="bbox 132 1566 1228 1643; baseline -0.005 -15"><span class='ocrx_word' id='word_1_142' title='bbox 132 1570 327 1629; x_wconf 89' lang='lat' dir='ltr'>“exhibeatis</span> <span class='ocrx_word' id='word_1_143' title='bbox 346 1588 471 1643; x_wconf 91' lang='lat' dir='ltr'>corpora</span> <span class='ocrx_word' id='word_1_144' title='bbox 490 1580 585 1629; x_wconf 91' lang='lat' dir='ltr'>vestra</span> <span class='ocrx_word' id='word_1_145' title='bbox 604 1572 732 1629; x_wconf 92' lang='lat' dir='ltr'>hostiam</span> <span class='ocrx_word' id='word_1_146' title='bbox 750 1572 907 1640; x_wconf 92' lang='lat' dir='ltr'>viventem,</span> <span class='ocrx_word' id='word_1_147' title='bbox 924 1569 1071 1638; x_wconf 72' lang='lat' dir='ltr'>sanctam,</span> <span class='ocrx_word' id='word_1_148' title='bbox 1090 1569 1160 1626; x_wconf 92' lang='lat' dir='ltr'>Deo</span> <span class='ocrx_word' id='word_1_149' title='bbox 1178 1566 1228 1639; x_wconf 86' lang='lat' dir='ltr'>pla-</span> 
     </span>
     <span class='ocr_line' id='line_1_17' title="bbox 132 1658 301 1715; baseline 0.006 -2"><span class='ocrx_word' id='word_1_150' title='bbox 132 1667 248 1715; x_wconf 90' lang='lat' dir='ltr'>centem</span> <span class='ocrx_word' id='word_1_151' title='bbox 258 1658 274 1683; x_wconf 89' lang='lat'>&#39;’</span> <span class='ocrx_word' id='word_1_152' title='bbox 284 1669 301 1714; x_wconf 88' lang='lat'>³.</span> 
     </span>
    </p>
   </div>
   <div class='ocr_carea' id='block_1_3' title="bbox 255 1776 1125 1835">
    <p class='ocr_par' dir='ltr' id='par_1_4' title="bbox 255 1776 1125 1835">
     <span class='ocr_line' id='line_1_18' title="bbox 255 1776 1125 1835; baseline -0.006 0"><span class='ocrx_word' id='word_1_153' title='bbox 255 1777 504 1835; x_wconf 79' lang='lat' dir='ltr'>CONTROVERSIA</span> <span class='ocrx_word' id='word_1_154' title='bbox 523 1791 566 1832; x_wconf 84' lang='lat' dir='ltr'>DE</span> <span class='ocrx_word' id='word_1_155' title='bbox 586 1792 706 1835; x_wconf 91' lang='lat' dir='ltr'>MOTIVO</span> <span class='ocrx_word' id='word_1_156' title='bbox 726 1791 831 1833; x_wconf 81' lang='lat' dir='ltr'>FlNALl</span> <span class='ocrx_word' id='word_1_157' title='bbox 852 1776 1125 1833; x_wconf 74' lang='lat' dir='ltr'>INCARNATIONIS.&#39;</span> 
     </span>
    </p>
   </div>
   <div class='ocr_carea' id='block_1_4' title="bbox 130 1894 1233 3539">
    <p class='ocr_par' dir='ltr' id='par_1_5' title="bbox 130 1894 1233 3539">
     <span class='ocr_line' id='line_1_19' title="bbox 167 1894 1229 1969; baseline -0.006 -15"><span class='ocrx_word' id='word_1_158' title='bbox 167 1908 222 1963; x_wconf 83' lang='lat'><strong>247·</strong></span> <span class='ocrx_word' id='word_1_159' title='bbox 264 1896 366 1954; x_wconf 83' lang='lat' dir='ltr'>Status</span> <span class='ocrx_word' id='word_1_160' title='bbox 377 1896 541 1967; x_wconf 82' lang='lat' dir='ltr'>quaestt&#39;onis</span> <span class='ocrx_word' id='word_1_161' title='bbox 550 1900 561 1952; x_wconf 76' lang='lat'>‘.·</span> <span class='ocrx_word' id='word_1_162' title='bbox 574 1897 640 1969; x_wconf 90' lang='lat' dir='ltr'>Jam</span> <span class='ocrx_word' id='word_1_163' title='bbox 655 1896 783 1954; x_wconf 88' lang='lat' dir='ltr'>diximus</span> <span class='ocrx_word' id='word_1_164' title='bbox 796 1895 941 1954; x_wconf 91' lang='lat' dir='ltr'>motivum</span> <span class='ocrx_word' id='word_1_165' title='bbox 954 1894 1124 1968; x_wconf 90' lang='lat' dir='ltr'>proximum</span> <span class='ocrx_word' id='word_1_166' title='bbox 1141 1895 1229 1952; x_wconf 87' lang='lat' dir='ltr'>Incar-</span> 
     </span>
     <span class='ocr_line' id='line_1_20' title="bbox 132 1985 1229 2058; baseline -0.002 -16"><span class='ocrx_word' id='word_1_167' title='bbox 132 1985 259 2043; x_wconf 92' lang='lat' dir='ltr'>nationis</span> <span class='ocrx_word' id='word_1_168' title='bbox 279 1986 368 2044; x_wconf 82' lang='lat' dir='ltr'>luisse</span> <span class='ocrx_word' id='word_1_169' title='bbox 391 1987 646 2058; x_wconf 92' lang='lat' dir='ltr'>Redemptionem</span> <span class='ocrx_word' id='word_1_170' title='bbox 668 1986 785 2058; x_wconf 83' lang='lat' dir='ltr'>generis</span> <span class='ocrx_word' id='word_1_171' title='bbox 807 1986 942 2057; x_wconf 90' lang='lat' dir='ltr'>humani,</span> <span class='ocrx_word' id='word_1_172' title='bbox 968 1985 1118 2043; x_wconf 91' lang='lat' dir='ltr'>motivum</span> <span class='ocrx_word' id='word_1_173' title='bbox 1137 1994 1229 2042; x_wconf 89' lang='lat' dir='ltr'>autem</span> 
     </span>
     <span class='ocr_line' id='line_1_21' title="bbox 131 2070 1227 2148; baseline -0.002 -20"><span class='ocrx_word' id='word_1_174' title='bbox 131 2072 269 2129; x_wconf 89' lang='lat' dir='ltr'>ultimum</span> <span class='ocrx_word' id='word_1_175' title='bbox 282 2071 371 2130; x_wconf 87' lang='lat' dir='ltr'>fuisse</span> <span class='ocrx_word' id='word_1_176' title='bbox 383 2073 507 2144; x_wconf 82' lang='lat' dir='ltr'>gloriam</span> <span class='ocrx_word' id='word_1_177' title='bbox 523 2073 586 2130; x_wconf 91' lang='lat' dir='ltr'>Dei.</span> <span class='ocrx_word' id='word_1_178' title='bbox 625 2073 684 2131; x_wconf 89' lang='lat' dir='ltr'>Sed</span> <span class='ocrx_word' id='word_1_179' title='bbox 703 2073 824 2131; x_wconf 90' lang='lat' dir='ltr'>ulterius</span> <span class='ocrx_word' id='word_1_180' title='bbox 843 2072 1073 2148; x_wconf 81' lang='lat' dir='ltr'>progrediuntur</span> <span class='ocrx_word' id='word_1_181' title='bbox 1092 2070 1227 2142; x_wconf 82' lang='lat' dir='ltr'>theologi,</span> 
     </span>
     <span class='ocr_line' id='line_1_22' title="bbox 132 2159 1229 2231; baseline -0.004 -15"><span class='ocrx_word' id='word_1_182' title='bbox 132 2168 162 2216; x_wconf 92' lang='lat' dir='ltr'>et</span> <span class='ocrx_word' id='word_1_183' title='bbox 180 2159 332 2231; x_wconf 91' lang='lat' dir='ltr'>inquirunt</span> <span class='ocrx_word' id='word_1_184' title='bbox 351 2160 504 2231; x_wconf 90' lang='lat' dir='ltr'>quodnam</span> <span class='ocrx_word' id='word_1_185' title='bbox 524 2161 610 2218; x_wconf 83' lang='lat' dir='ltr'>luerit</span> <span class='ocrx_word' id='word_1_186' title='bbox 630 2162 774 2219; x_wconf 91' lang='lat' dir='ltr'>motivum</span> <span class='ocrx_word' id='word_1_187' title='bbox 794 2161 891 2230; x_wconf 87' lang='lat' dir='ltr'>finale,</span> <span class='ocrx_word' id='word_1_188' title='bbox 904 2178 956 2218; x_wconf 89' lang='lat' dir='ltr'>seu</span> <span class='ocrx_word' id='word_1_189' title='bbox 974 2159 1229 2218; x_wconf 90' lang='lat' dir='ltr'>determinativum</span> 
     </span>
     <span class='ocr_line' id='line_1_23' title="bbox 132 2246 1231 2320; baseline -0.001 -17"><span class='ocrx_word' id='word_1_190' title='bbox 132 2246 356 2316; x_wconf 90' lang='lat' dir='ltr'>Incarnationis,</span> <span class='ocrx_word' id='word_1_191' title='bbox 369 2247 476 2303; x_wconf 83' lang='lat' dir='ltr'>ansolo</span> <span class='ocrx_word' id='word_1_192' title='bbox 489 2247 605 2318; x_wconf 86' lang='lat' dir='ltr'>generis</span> <span class='ocrx_word' id='word_1_193' title='bbox 615 2247 737 2305; x_wconf 90' lang='lat' dir='ltr'>humani</span> <span class='ocrx_word' id='word_1_194' title='bbox 748 2248 893 2320; x_wconf 90' lang='lat' dir='ltr'>reparatio</span> <span class='ocrx_word' id='word_1_195' title='bbox 904 2247 1016 2320; x_wconf 90' lang='lat' dir='ltr'>primus</span> <span class='ocrx_word' id='word_1_196' title='bbox 1026 2255 1056 2304; x_wconf 89' lang='lat' dir='ltr'>et</span> <span class='ocrx_word' id='word_1_197' title='bbox 1067 2248 1231 2318; x_wconf 77' lang='lat' dir='ltr'>praecipuus</span> 
     </span>
     <span class='ocr_line' id='line_1_24' title="bbox 132 2333 1232 2407; baseline 0.001 -18"><span class='ocrx_word' id='word_1_198' title='bbox 132 2334 217 2391; x_wconf 88' lang='lat' dir='ltr'>suerit</span> <span class='ocrx_word' id='word_1_199' title='bbox 231 2333 320 2404; x_wconf 87' lang='lat' dir='ltr'>hujus</span> <span class='ocrx_word' id='word_1_200' title='bbox 334 2334 464 2404; x_wconf 88' lang='lat' dir='ltr'>mysterii</span> <span class='ocrx_word' id='word_1_201' title='bbox 478 2335 552 2405; x_wconf 92' lang='lat' dir='ltr'>finis,</span> <span class='ocrx_word' id='word_1_202' title='bbox 566 2334 607 2392; x_wconf 91' lang='lat' dir='ltr'>ita</span> <span class='ocrx_word' id='word_1_203' title='bbox 622 2344 662 2406; x_wconf 93' lang='lat' dir='ltr'>ut,</span> <span class='ocrx_word' id='word_1_204' title='bbox 679 2337 798 2394; x_wconf 88' lang='lat' dir='ltr'>Adamo</span> <span class='ocrx_word' id='word_1_205' title='bbox 818 2353 877 2392; x_wconf 95' lang='lat' dir='ltr'>non</span> <span class='ocrx_word' id='word_1_206' title='bbox 897 2344 1050 2407; x_wconf 91' lang='lat' dir='ltr'>peccante,</span> <span class='ocrx_word' id='word_1_207' title='bbox 1064 2333 1232 2392; x_wconf 76' lang='lat' dir='ltr'>incarnatio</span> 
     </span>
     <span class='ocr_line' id='line_1_25' title="bbox 132 2421 1233 2496; baseline 0 -19"><span class='ocrx_word' id='word_1_208' title='bbox 132 2439 187 2477; x_wconf 94' lang='lat' dir='ltr'>nec</span> <span class='ocrx_word' id='word_1_209' title='bbox 207 2421 324 2478; x_wconf 90' lang='lat' dir='ltr'>decreta</span> <span class='ocrx_word' id='word_1_210' title='bbox 346 2439 402 2478; x_wconf 90' lang='lat' dir='ltr'>nec</span> <span class='ocrx_word' id='word_1_211' title='bbox 422 2422 542 2492; x_wconf 75' lang='lat' dir='ltr'>peracta</span> <span class='ocrx_word' id='word_1_212' title='bbox 564 2421 675 2480; x_wconf 88' lang='lat' dir='ltr'>fuisset.</span> <span class='ocrx_word' id='word_1_213' title='bbox 718 2438 745 2478; x_wconf 91' lang='lat'>1⁰</span> <span class='ocrx_word' id='word_1_214' title='bbox 763 2425 852 2496; x_wconf 90' lang='lat' dir='ltr'>Juxta</span> <span class='ocrx_word' id='word_1_215' title='bbox 875 2424 1044 2491; x_wconf 78' lang='lat' dir='ltr'>Thomislas,</span> <span class='ocrx_word' id='word_1_216' title='bbox 1065 2422 1233 2492; x_wconf 90' lang='lat' dir='ltr'>multosque</span> 
     </span>
     <span class='ocr_line' id='line_1_26' title="bbox 131 2508 1232 2583; baseline 0.002 -19"><span class='ocrx_word' id='word_1_217' title='bbox 131 2508 254 2565; x_wconf 90' lang='lat' dir='ltr'>aliarum</span> <span class='ocrx_word' id='word_1_218' title='bbox 268 2508 436 2566; x_wconf 91' lang='lat' dir='ltr'>scholarum</span> <span class='ocrx_word' id='word_1_219' title='bbox 451 2510 617 2581; x_wconf 85' lang='lat' dir='ltr'>theologos,</span> <span class='ocrx_word' id='word_1_220' title='bbox 631 2511 776 2569; x_wconf 89' lang='lat' dir='ltr'>motivum</span> <span class='ocrx_word' id='word_1_221' title='bbox 790 2513 863 2570; x_wconf 90' lang='lat' dir='ltr'>illud</span> <span class='ocrx_word' id='word_1_222' title='bbox 877 2512 930 2570; x_wconf 88' lang='lat' dir='ltr'>iuit</span> <span class='ocrx_word' id='word_1_223' title='bbox 945 2511 1131 2583; x_wconf 89' lang='lat' dir='ltr'>Redemptio</span> <span class='ocrx_word' id='word_1_224' title='bbox 1150 2527 1232 2582; x_wconf 82' lang='lat' dir='ltr'>gene-</span> 
     </span>
     <span class='ocr_line' id='line_1_27' title="bbox 131 2595 1233 2671; baseline 0.001 -18"><span class='ocrx_word' id='word_1_225' title='bbox 131 2597 169 2654; x_wconf 93' lang='lat' dir='ltr'>ris</span> <span class='ocrx_word' id='word_1_226' title='bbox 183 2596 314 2665; x_wconf 93' lang='lat' dir='ltr'>humani,</span> <span class='ocrx_word' id='word_1_227' title='bbox 328 2595 368 2653; x_wconf 88' lang='lat' dir='ltr'>ita</span> <span class='ocrx_word' id='word_1_228' title='bbox 381 2606 422 2666; x_wconf 92' lang='lat' dir='ltr'>ut,</span> <span class='ocrx_word' id='word_1_229' title='bbox 435 2598 555 2655; x_wconf 92' lang='lat' dir='ltr'>Adamo</span> <span class='ocrx_word' id='word_1_230' title='bbox 575 2617 636 2656; x_wconf 93' lang='lat' dir='ltr'>non</span> <span class='ocrx_word' id='word_1_231' title='bbox 655 2609 808 2671; x_wconf 90' lang='lat' dir='ltr'>peccante,</span> <span class='ocrx_word' id='word_1_232' title='bbox 823 2600 956 2658; x_wconf 94' lang='lat' dir='ltr'>Verbum</span> <span class='ocrx_word' id='word_1_233' title='bbox 973 2600 1162 2656; x_wconf 86' lang='lat' dir='ltr'>incarnatum</span> <span class='ocrx_word' id='word_1_234' title='bbox 1176 2616 1233 2655; x_wconf 92' lang='lat' dir='ltr'>non</span> 
     </span>
     <span class='ocr_line' id='line_1_28' title="bbox 131 2683 1233 2757; baseline 0.002 -17"><span class='ocrx_word' id='word_1_235' title='bbox 131 2684 240 2741; x_wconf 83' lang='lat' dir='ltr'>suisset.</span> <span class='ocrx_word' id='word_1_236' title='bbox 278 2698 308 2738; x_wconf 85' lang='lat'>20</span> <span class='ocrx_word' id='word_1_237' title='bbox 321 2683 409 2755; x_wconf 90' lang='lat' dir='ltr'>Juxta</span> <span class='ocrx_word' id='word_1_238' title='bbox 423 2684 567 2757; x_wconf 66' lang='lat' dir='ltr'>Sentinas,</span> <span class='ocrx_word' id='word_1_239' title='bbox 582 2686 728 2743; x_wconf 90' lang='lat' dir='ltr'>motivum</span> <span class='ocrx_word' id='word_1_240' title='bbox 748 2687 821 2745; x_wconf 92' lang='lat' dir='ltr'>illud</span> <span class='ocrx_word' id='word_1_241' title='bbox 841 2688 895 2744; x_wconf 85' lang='lat' dir='ltr'>fuit</span> <span class='ocrx_word' id='word_1_242' title='bbox 914 2686 1088 2746; x_wconf 88' lang='lat' dir='ltr'>excellentia</span> <span class='ocrx_word' id='word_1_243' title='bbox 1108 2696 1139 2744; x_wconf 92' lang='lat' dir='ltr'>et</span> <span class='ocrx_word' id='word_1_244' title='bbox 1157 2704 1233 2744; x_wconf 88' lang='lat' dir='ltr'>com-</span> 
     </span>
     <span class='ocr_line' id='line_1_29' title="bbox 131 2770 1233 2844; baseline 0.002 -17"><span class='ocrx_word' id='word_1_245' title='bbox 131 2771 314 2842; x_wconf 92' lang='lat' dir='ltr'>plementum</span> <span class='ocrx_word' id='word_1_246' title='bbox 328 2770 465 2843; x_wconf 89' lang='lat' dir='ltr'>universi,</span> <span class='ocrx_word' id='word_1_247' title='bbox 477 2789 513 2828; x_wconf 91' lang='lat' dir='ltr'>eo</span> <span class='ocrx_word' id='word_1_248' title='bbox 523 2790 611 2829; x_wconf 90' lang='lat' dir='ltr'>sensu</span> <span class='ocrx_word' id='word_1_249' title='bbox 625 2774 707 2844; x_wconf 91' lang='lat' dir='ltr'>quod</span> <span class='ocrx_word' id='word_1_250' title='bbox 722 2775 804 2833; x_wconf 91' lang='lat' dir='ltr'>Deus</span> <span class='ocrx_word' id='word_1_251' title='bbox 817 2775 979 2833; x_wconf 88' lang='lat' dir='ltr'>decreverit</span> <span class='ocrx_word' id='word_1_252' title='bbox 993 2774 1233 2832; x_wconf 90' lang='lat' dir='ltr'>Incarnationem</span> 
     </span>
     <span class='ocr_line' id='line_1_30' title="bbox 132 2857 1233 2935; baseline 0.005 -21"><span class='ocrx_word' id='word_1_253' title='bbox 132 2858 171 2915; x_wconf 95' lang='lat' dir='ltr'>ad</span> <span class='ocrx_word' id='word_1_254' title='bbox 182 2857 393 2928; x_wconf 89' lang='lat' dir='ltr'>complendam</span> <span class='ocrx_word' id='word_1_255' title='bbox 405 2867 434 2915; x_wconf 91' lang='lat' dir='ltr'>et</span> <span class='ocrx_word' id='word_1_256' title='bbox 445 2858 657 2930; x_wconf 89' lang='lat' dir='ltr'>perficiendam</span> <span class='ocrx_word' id='word_1_257' title='bbox 669 2863 866 2934; x_wconf 82' lang='lat' dir='ltr'>creationem3</span> <span class='ocrx_word' id='word_1_258' title='bbox 885 2863 1054 2933; x_wconf 85' lang='lat' dir='ltr'>hinc,juxta</span> <span class='ocrx_word' id='word_1_259' title='bbox 1064 2862 1157 2935; x_wconf 87' lang='lat' dir='ltr'>ipsos,</span> <span class='ocrx_word' id='word_1_260' title='bbox 1165 2865 1233 2922; x_wconf 88' lang='lat' dir='ltr'>Ver·</span> 
     </span>
     <span class='ocr_line' id='line_1_31' title="bbox 131 2944 1233 3021; baseline 0.004 -19"><span class='ocrx_word' id='word_1_261' title='bbox 131 2945 202 3002; x_wconf 94' lang='lat' dir='ltr'>bum</span> <span class='ocrx_word' id='word_1_262' title='bbox 216 2944 401 3001; x_wconf 88' lang='lat' dir='ltr'>incarnatum</span> <span class='ocrx_word' id='word_1_263' title='bbox 415 2946 526 3013; x_wconf 86' lang='lat' dir='ltr'>suisset,</span> <span class='ocrx_word' id='word_1_264' title='bbox 542 2946 657 3004; x_wconf 90' lang='lat' dir='ltr'>etiarnsi</span> <span class='ocrx_word' id='word_1_265' title='bbox 671 2948 805 3006; x_wconf 90' lang='lat' dir='ltr'>Adamus</span> <span class='ocrx_word' id='word_1_266' title='bbox 825 2968 885 3007; x_wconf 93' lang='lat' dir='ltr'>non</span> <span class='ocrx_word' id='word_1_267' title='bbox 904 2959 1076 3021; x_wconf 86' lang='lat' dir='ltr'>peccasset:</span> <span class='ocrx_word' id='word_1_268' title='bbox 1097 2951 1153 3009; x_wconf 91' lang='lat' dir='ltr'>sed</span> <span class='ocrx_word' id='word_1_269' title='bbox 1165 2962 1233 3009; x_wconf 92' lang='lat' dir='ltr'>tunc</span> 
     </span>
     <span class='ocr_line' id='line_1_32' title="bbox 130 3031 1232 3109; baseline 0.007 -22"><span class='ocrx_word' id='word_1_270' title='bbox 130 3032 258 3088; x_wconf 91' lang='lat' dir='ltr'>venisset</span> <span class='ocrx_word' id='word_1_271' title='bbox 283 3031 313 3086; x_wconf 94' lang='lat' dir='ltr'>in</span> <span class='ocrx_word' id='word_1_272' title='bbox 339 3049 426 3088; x_wconf 91' lang='lat' dir='ltr'>carne</span> <span class='ocrx_word' id='word_1_273' title='bbox 451 3033 633 3104; x_wconf 91' lang='lat' dir='ltr'>impassibili.</span> <span class='ocrx_word' id='word_1_274' title='bbox 679 3050 710 3107; x_wconf 86' lang='lat'>30</span> <span class='ocrx_word' id='word_1_275' title='bbox 734 3036 823 3109; x_wconf 90' lang='lat' dir='ltr'>Juxta</span> <span class='ocrx_word' id='word_1_276' title='bbox 847 3037 967 3105; x_wconf 79' lang='lat' dir='ltr'>Suarez,</span> <span class='ocrx_word' id='word_1_277' title='bbox 994 3038 1078 3096; x_wconf 91' lang='lat' dir='ltr'>Deus</span> <span class='ocrx_word' id='word_1_278' title='bbox 1104 3039 1232 3098; x_wconf 89' lang='lat' dir='ltr'>decrevit</span> 
     </span>
     <span class='ocr_line' id='line_1_33' title="bbox 132 3118 1232 3198; baseline 0.007 -23"><span class='ocrx_word' id='word_1_279' title='bbox 132 3118 371 3176; x_wconf 89' lang='lat' dir='ltr'>Incarnationem</span> <span class='ocrx_word' id='word_1_280' title='bbox 384 3130 504 3192; x_wconf 91' lang='lat' dir='ltr'>propter</span> <span class='ocrx_word' id='word_1_281' title='bbox 517 3120 628 3193; x_wconf 91' lang='lat' dir='ltr'>duplex</span> <span class='ocrx_word' id='word_1_282' title='bbox 640 3123 792 3194; x_wconf 91' lang='lat' dir='ltr'>motivum,</span> <span class='ocrx_word' id='word_1_283' title='bbox 809 3134 872 3182; x_wconf 91' lang='lat' dir='ltr'>tum</span> <span class='ocrx_word' id='word_1_284' title='bbox 885 3121 1006 3197; x_wconf 86' lang='lat' dir='ltr'>propter</span> <span class='ocrx_word' id='word_1_285' title='bbox 1018 3125 1232 3198; x_wconf 73' lang='lat' dir='ltr'>perfectionem</span> 
     </span>
     <span class='ocr_line' id='line_1_34' title="bbox 130 3205 1232 3285; baseline 0.009 -23"><span class='ocrx_word' id='word_1_286' title='bbox 130 3205 266 3274; x_wconf 88' lang='lat' dir='ltr'>universi,</span> <span class='ocrx_word' id='word_1_287' title='bbox 281 3216 344 3262; x_wconf 93' lang='lat' dir='ltr'>tum</span> <span class='ocrx_word' id='word_1_288' title='bbox 357 3217 478 3278; x_wconf 90' lang='lat' dir='ltr'>propter</span> <span class='ocrx_word' id='word_1_289' title='bbox 492 3208 755 3281; x_wconf 90' lang='lat' dir='ltr'>Redemptionem,</span> <span class='ocrx_word' id='word_1_290' title='bbox 765 3230 801 3269; x_wconf 91' lang='lat' dir='ltr'>ac</span> <span class='ocrx_word' id='word_1_291' title='bbox 813 3213 939 3285; x_wconf 89' lang='lat' dir='ltr'>proinde</span> <span class='ocrx_word' id='word_1_292' title='bbox 951 3212 1087 3272; x_wconf 51' lang='lat' dir='ltr'>¹Verbum</span> <span class='ocrx_word' id='word_1_293' title='bbox 1102 3215 1232 3273; x_wconf 89' lang='lat' dir='ltr'>incarna-</span> 
     </span>
     <span class='ocr_line' id='line_1_35' title="bbox 131 3291 1231 3368; baseline 0.006 -18"><span class='ocrx_word' id='word_1_294' title='bbox 131 3303 194 3350; x_wconf 91' lang='lat' dir='ltr'>tum</span> <span class='ocrx_word' id='word_1_295' title='bbox 208 3291 318 3363; x_wconf 87' lang='lat' dir='ltr'>fuisset,</span> <span class='ocrx_word' id='word_1_296' title='bbox 332 3292 419 3350; x_wconf 89' lang='lat' dir='ltr'>etiarn</span> <span class='ocrx_word' id='word_1_297' title='bbox 429 3294 548 3352; x_wconf 87' lang='lat' dir='ltr'>Adamo</span> <span class='ocrx_word' id='word_1_298' title='bbox 560 3314 619 3353; x_wconf 92' lang='lat' dir='ltr'>non</span> <span class='ocrx_word' id='word_1_299' title='bbox 631 3308 782 3368; x_wconf 90' lang='lat' dir='ltr'>peccante.</span> <span class='ocrx_word' id='word_1_300' title='bbox 818 3300 946 3359; x_wconf 92' lang='lat' dir='ltr'>Proinde</span> <span class='ocrx_word' id='word_1_301' title='bbox 959 3301 1115 3360; x_wconf 91' lang='lat' dir='ltr'>conclusio</span> <span class='ocrx_word' id='word_1_302' title='bbox 1129 3302 1231 3360; x_wconf 90' lang='lat' dir='ltr'>Suarez</span> 
     </span>
     <span class='ocr_line' id='line_1_36' title="bbox 130 3380 1230 3460; baseline 0.007 -23"><span class='ocrx_word' id='word_1_303' title='bbox 130 3380 236 3438; x_wconf 91' lang='lat' dir='ltr'>eadem</span> <span class='ocrx_word' id='word_1_304' title='bbox 250 3389 292 3437; x_wconf 90' lang='lat' dir='ltr'>est</span> <span class='ocrx_word' id='word_1_305' title='bbox 306 3381 429 3438; x_wconf 93' lang='lat' dir='ltr'>omnino</span> <span class='ocrx_word' id='word_1_306' title='bbox 442 3399 477 3437; x_wconf 89' lang='lat' dir='ltr'>ac</span> <span class='ocrx_word' id='word_1_307' title='bbox 490 3383 643 3440; x_wconf 90' lang='lat' dir='ltr'>conclusio</span> <span class='ocrx_word' id='word_1_308' title='bbox 657 3384 746 3452; x_wconf 89' lang='lat' dir='ltr'>Scoti,</span> <span class='ocrx_word' id='word_1_309' title='bbox 762 3404 817 3444; x_wconf 92' lang='lat' dir='ltr'>nec</span> <span class='ocrx_word' id='word_1_310' title='bbox 836 3388 1021 3460; x_wconf 77' lang='lat' dir='ltr'>ejus-opinio</span> <span class='ocrx_word' id='word_1_311' title='bbox 1035 3389 1230 3451; x_wconf 83' lang='lat' dir='ltr'>substantiali-</span> 
     </span>
     <span class='ocr_line' id='line_1_37' title="bbox 130 3467 701 3539; baseline 0.005 -14"><span class='ocrx_word' id='word_1_312' title='bbox 130 3477 174 3525; x_wconf 91' lang='lat' dir='ltr'>ter</span> <span class='ocrx_word' id='word_1_313' title='bbox 186 3467 282 3525; x_wconf 89' lang='lat' dir='ltr'>differt</span> <span class='ocrx_word' id='word_1_314' title='bbox 295 3467 332 3524; x_wconf 91' lang='lat' dir='ltr'>ab</span> <span class='ocrx_word' id='word_1_315' title='bbox 346 3468 488 3539; x_wconf 89' lang='lat' dir='ltr'>opinione</span> <span class='ocrx_word' id='word_1_316' title='bbox 503 3470 701 3529; x_wconf 88' lang='lat' dir='ltr'>Scotistarum.</span> 
     </span>
    </p>
   </div>
   <div class='ocr_carea' id='block_1_5' title="bbox 395 3616 967 3689">
    <p class='ocr_par' dir='ltr' id='par_1_6' title="bbox 395 3616 967 3689">
     <span class='ocr_line' id='line_1_38' title="bbox 395 3616 967 3689; baseline 0.009 -18"><span class='ocrx_word' id='word_1_317' title='bbox 395 3617 423 3671; x_wconf 92' lang='grc' dir='ltr'>Ι.</span> <span class='ocrx_word' id='word_1_318' title='bbox 449 3616 623 3689; x_wconf 83' lang='lat' dir='ltr'>systema</span> <span class='ocrx_word' id='word_1_319' title='bbox 647 3617 967 3677; x_wconf 84' lang='lat' dir='ltr'>Thomistarum⁴.</span> 
     </span>
    </p>
   </div>
   <div class='ocr_carea' id='block_1_6' title="bbox 129 3749 1230 3914">
    <p class='ocr_par' dir='ltr' id='par_1_7' title="bbox 129 3749 1230 3914">
     <span class='ocr_line' id='line_1_39' title="bbox 163 3749 1230 3833; baseline 0.014 -30"><span class='ocrx_word' id='word_1_320' title='bbox 163 3756 220 3819; x_wconf 88' lang='lat'><strong>248.</strong></span> <span class='ocrx_word' id='word_1_321' title='bbox 262 3768 289 3804; x_wconf 88' lang='lat'>10</span> <span class='ocrx_word' id='word_1_322' title='bbox 302 3749 551 3808; x_wconf 89' lang='lat' dir='ltr'>Aninradvertunt</span> <span class='ocrx_word' id='word_1_323' title='bbox 570 3751 714 3823; x_wconf 91' lang='lat' dir='ltr'>imprimis</span> <span class='ocrx_word' id='word_1_324' title='bbox 727 3753 893 3812; x_wconf 88' lang='lat' dir='ltr'>Thomistae</span> <span class='ocrx_word' id='word_1_325' title='bbox 911 3757 1108 3827; x_wconf 84' lang='lat' dir='ltr'>quaestionem</span> <span class='ocrx_word' id='word_1_326' title='bbox 1127 3779 1230 3833; x_wconf 92' lang='lat' dir='ltr'>propo·</span> 
     </span>
     <span class='ocr_line' id='line_1_40' title="bbox 129 3840 1230 3914; baseline 0.01 -19"><span class='ocrx_word' id='word_1_327' title='bbox 129 3840 212 3896; x_wconf 90' lang='lat' dir='ltr'>sitam</span> <span class='ocrx_word' id='word_1_328' title='bbox 227 3857 290 3896; x_wconf 91' lang='lat' dir='ltr'>esse</span> <span class='ocrx_word' id='word_1_329' title='bbox 304 3841 500 3900; x_wconf 77' lang='lat' dir='ltr'>Quaestionem</span> <span class='ocrx_word' id='word_1_330' title='bbox 506 3841 593 3911; x_wconf 70' lang='lat' dir='ltr'>falli,</span> <span class='ocrx_word' id='word_1_331' title='bbox 608 3860 667 3898; x_wconf 91' lang='lat' dir='ltr'>non</span> <span class='ocrx_word' id='word_1_332' title='bbox 687 3860 771 3898; x_wconf 82' lang='lat' dir='ltr'>merae</span> <span class='ocrx_word' id='word_1_333' title='bbox 783 3844 1002 3914; x_wconf 70' lang='lat' dir='ltr'>posszbilitatis;</span> <span class='ocrx_word' id='word_1_334' title='bbox 1020 3847 1151 3909; x_wconf 85' lang='lat' dir='ltr'>fatentur</span> <span class='ocrx_word' id='word_1_335' title='bbox 1164 3851 1230 3908; x_wconf 90' lang='lat' dir='ltr'>Ver-</span> 
     </span>
    </p>
   </div>
   <div class='ocr_carea' id='block_1_7' title="bbox 107 4019 1233 4363">
    <p class='ocr_par' dir='ltr' id='par_1_8' title="bbox 163 4019 994 4090">
     <span class='ocr_line' id='line_1_41' title="bbox 163 4019 994 4090; baseline 0.007 -18"><span class='ocrx_word' id='word_1_336' title='bbox 163 4019 269 4073; x_wconf 80' lang='lat' dir='ltr'>lHebr.</span> <span class='ocrx_word' id='word_1_337' title='bbox 288 4021 336 4081; x_wconf 90' lang='lat' dir='ltr'>lV,</span> <span class='ocrx_word' id='word_1_338' title='bbox 356 4031 393 4086; x_wconf 82' lang='lat'>15.</span> <span class='ocrx_word' id='word_1_339' title='bbox 408 4049 443 4056; x_wconf 96' lang='lat'>—</span> <span class='ocrx_word' id='word_1_340' title='bbox 455 4024 465 4045; x_wconf 82' lang='lat'>²</span> <span class='ocrx_word' id='word_1_341' title='bbox 478 4019 564 4070; x_wconf 83' lang='lat' dir='ltr'>Hebr.</span> <span class='ocrx_word' id='word_1_342' title='bbox 582 4020 649 4086; x_wconf 91' lang='lat' dir='ltr'>Vll,</span> <span class='ocrx_word' id='word_1_343' title='bbox 666 4033 708 4087; x_wconf 79' lang='lat'>25.</span> <span class='ocrx_word' id='word_1_344' title='bbox 725 4019 781 4058; x_wconf 68' lang='lat'>-3</span> <span class='ocrx_word' id='word_1_345' title='bbox 796 4023 872 4075; x_wconf 87' lang='lat' dir='ltr'>Rom.</span> <span class='ocrx_word' id='word_1_346' title='bbox 888 4024 956 4090; x_wconf 89' lang='lat' dir='ltr'>Xll,</span> <span class='ocrx_word' id='word_1_347' title='bbox 973 4040 994 4078; x_wconf 92' lang='lat'>1.</span> 
     </span>
    </p>

    <p class='ocr_par' dir='ltr' id='par_1_9' title="bbox 107 4107 1233 4363">
     <span class='ocr_line' id='line_1_42' title="bbox 163 4107 1229 4186; baseline 0.008 -26"><span class='ocrx_word' id='word_1_348' title='bbox 163 4108 172 4137; x_wconf 83' lang='lat'><strong>⁴</strong></span> <span class='ocrx_word' id='word_1_349' title='bbox 187 4108 226 4161; x_wconf 85' lang='lat' dir='ltr'>Cf.</span> <span class='ocrx_word' id='word_1_350' title='bbox 242 4109 272 4160; x_wconf 84' lang='lat' dir='ltr'>S.</span> <span class='ocrx_word' id='word_1_351' title='bbox 294 4107 343 4159; x_wconf 70' lang='lat' dir='ltr'>Th.</span> <span class='ocrx_word' id='word_1_352' title='bbox 360 4125 387 4175; x_wconf 91' lang='lat' dir='ltr'>q.</span> <span class='ocrx_word' id='word_1_353' title='bbox 407 4122 429 4169; x_wconf 87' lang='lat'>1,</span> <span class='ocrx_word' id='word_1_354' title='bbox 445 4124 469 4160; x_wconf 88' lang='lat' dir='ltr'>a.</span> <span class='ocrx_word' id='word_1_355' title='bbox 485 4124 512 4175; x_wconf 83' lang='lat'>3;</span> <span class='ocrx_word' id='word_1_356' title='bbox 532 4108 562 4159; x_wconf 85' lang='lat' dir='ltr'>S.</span> <span class='ocrx_word' id='word_1_357' title='bbox 579 4108 789 4176; x_wconf 76' lang='lat' dir='ltr'>Bonaventura‚</span> <span class='ocrx_word' id='word_1_358' title='bbox 805 4109 832 4162; x_wconf 93' lang='lat' dir='ltr'>in</span> <span class='ocrx_word' id='word_1_359' title='bbox 853 4124 868 4176; x_wconf 90' lang='lat'>3</span> <span class='ocrx_word' id='word_1_360' title='bbox 888 4112 953 4165; x_wconf 90' lang='lat' dir='ltr'>dist.</span> <span class='ocrx_word' id='word_1_361' title='bbox 972 4128 994 4179; x_wconf 93' lang='lat'>1,</span> <span class='ocrx_word' id='word_1_362' title='bbox 1007 4131 1031 4167; x_wconf 80' lang='lat' dir='ltr'>a</span> <span class='ocrx_word' id='word_1_363' title='bbox 1047 4129 1071 4182; x_wconf 86' lang='lat'>2,</span> <span class='ocrx_word' id='word_1_364' title='bbox 1092 4134 1119 4186; x_wconf 93' lang='lat' dir='ltr'>q.</span> <span class='ocrx_word' id='word_1_365' title='bbox 1134 4134 1161 4183; x_wconf 79' lang='lat'>23</span> <span class='ocrx_word' id='word_1_366' title='bbox 1183 4119 1229 4172; x_wconf 84' lang='lat' dir='ltr'>Ca-</span> 
     </span>
     <span class='ocr_line' id='line_1_43' title="bbox 113 4194 1230 4270; baseline 0.009 -22"><span class='ocrx_word' id='word_1_367' title='bbox 113 4197 242 4267; x_wconf 71' lang='lat' dir='ltr'>molas,</span> <span class='ocrx_word' id='word_1_368' title='bbox 258 4196 285 4251; x_wconf 93' lang='lat' dir='ltr'>in</span> <span class='ocrx_word' id='word_1_369' title='bbox 305 4212 322 4269; x_wconf 85' lang='lat'>3</span> <span class='ocrx_word' id='word_1_370' title='bbox 344 4195 408 4251; x_wconf 91' lang='lat' dir='ltr'>dist.</span> <span class='ocrx_word' id='word_1_371' title='bbox 433 4213 455 4264; x_wconf 92' lang='lat'>1,</span> <span class='ocrx_word' id='word_1_372' title='bbox 475 4213 503 4267; x_wconf 83' lang='lat' dir='ltr'>q.</span> <span class='ocrx_word' id='word_1_373' title='bbox 525 4194 600 4250; x_wconf 90' lang='lat' dir='ltr'>unic.</span> <span class='ocrx_word' id='word_1_374' title='bbox 621 4212 649 4248; x_wconf 82' lang='lat' dir='ltr'>a.</span> <span class='ocrx_word' id='word_1_375' title='bbox 671 4212 699 4260; x_wconf 84' lang='lat' dir='ltr'>r·,</span> <span class='ocrx_word' id='word_1_376' title='bbox 718 4197 879 4265; x_wconf 78' lang='lat' dir='ltr'>CcJ&#39;ctcnus,</span> <span class='ocrx_word' id='word_1_377' title='bbox 889 4198 918 4250; x_wconf 89' lang='lat' dir='ltr'>in</span> <span class='ocrx_word' id='word_1_378' title='bbox 938 4201 964 4252; x_wconf 93' lang='lat' dir='ltr'>h.</span> <span class='ocrx_word' id='word_1_379' title='bbox 987 4212 1054 4266; x_wconf 85' lang='lat' dir='ltr'>art.;</span> <span class='ocrx_word' id='word_1_380' title='bbox 1067 4204 1197 4270; x_wconf 85' lang='lat' dir='ltr'>loannes</span> <span class='ocrx_word' id='word_1_381' title='bbox 1213 4224 1230 4258; x_wconf 86' lang='lat' dir='ltr'>a</span> 
     </span>
     <span class='ocr_line' id='line_1_44' title="bbox 107 4283 1233 4363; baseline 0 -21"><span class='ocrx_word' id='word_1_382' title='bbox 107 4290 139 4342; x_wconf 76' lang='lat' dir='ltr'>S.</span> <span class='ocrx_word' id='word_1_383' title='bbox 163 4290 286 4358; x_wconf 66' lang='lat' dir='ltr'>Thema,</span> <span class='ocrx_word' id='word_1_384' title='bbox 305 4291 381 4363; x_wconf 90' lang='lat' dir='ltr'>disp.</span> <span class='ocrx_word' id='word_1_385' title='bbox 404 4291 461 4360; x_wconf 86' lang='lat' dir='ltr'>lll,</span> <span class='ocrx_word' id='word_1_386' title='bbox 484 4307 510 4344; x_wconf 85' lang='lat' dir='ltr'>a.</span> <span class='ocrx_word' id='word_1_387' title='bbox 532 4308 560 4356; x_wconf 81' lang='lat'>23</span> <span class='ocrx_word' id='word_1_388' title='bbox 584 4289 683 4354; x_wconf 81' lang='lat' dir='ltr'>Gonet,</span> <span class='ocrx_word' id='word_1_389' title='bbox 701 4286 829 4353; x_wconf 64' lang='lat' dir='ltr'>dispv,</span> <span class='ocrx_word' id='word_1_390' title='bbox 842 4283 904 4352; x_wconf 49' lang='lat' dir='ltr'>{lg</span> <span class='ocrx_word' id='word_1_391' title='bbox 923 4285 1085 4338; x_wconf 75' lang='lat' dir='ltr'>Solmmntc.</span> <span class='ocrx_word' id='word_1_392' title='bbox 1103 4291 1177 4355; x_wconf 63' lang='lat' dir='ltr'>disp.</span> <span class='ocrx_word' id='word_1_393' title='bbox 1192 4295 1233 4342; x_wconf 72' lang='lat' dir='ltr'>ll.</span> 
     </span>
    </p>
   </div>
   <div class='ocr_carea' id='block_1_8' title="bbox 0 0 1346 4634">
    <p class='ocr_par' dir='ltr' id='par_1_10' title="bbox 0 0 1346 4634">
     <span class='ocr_line' id='line_1_45' title="bbox 0 0 1346 4634; baseline 0 0"><span class='ocrx_word' id='word_1_394' title='bbox 0 0 1346 4634; x_wconf 95' lang='lat' dir='ltr'> </span> 
     </span>
    </p>
   </div>
  </div>
 </body>
</html>
