2684 4634
168 112 224 161 DE
243 112 547 164 CONSECTARIIS
564 113 811 174 UTRIUSQUE
830 113 1051 162 MYSTERII.
1099 114 1160 162 615

56 289 99 351 ad
117 309 179 352 nos
194 293 376 365 descendit,
393 313 452 373 per
467 313 541 354 eam
559 293 670 354 venire
687 292 718 354 in
735 293 877 374 gratiam
895 292 1007 373 ipsius,
1024 290 1081 370 qui
1102 309 1161 370 per

56 410 131 453 eam
150 393 182 454 in
199 403 346 457 nostram
365 395 532 456 miseriam
548 395 640 456 venit
654 395 669 419 ''
684 406 703 454 1.

58 490 114 578 (c)
129 495 192 558 Est
205 497 301 559 valde
313 497 414 559 utilzr.
456 496 531 559 Tali
548 498 636 559 enim
654 497 744 558 cultu
761 497 952 558 obtinemus
969 515 988 557 a
1005 495 1089 570 Deo,
1101 512 1162 575 per

54 599 329 664 intercessionem
348 603 383 664 B.
401 603 527 677 Mariae,
544 604 667 665 multas
690 602 814 683 gratias
838 600 880 661 ad
905 598 1046 660 salutem
1064 595 1161 658 valde

54 702 165 779 utiles,
181 725 263 784 quas
280 706 421 786 propriis
438 707 645 769 orationibus
662 727 728 769 non
746 715 815 768 tam
834 703 928 765 facile
945 720 1156 782 consequere-

52 825 139 882 mur,
168 809 254 872 sicut
278 808 312 870 in
341 809 438 870 rebus
464 809 619 873 humanis
645 810 740 872 multi
769 807 897 870 favores
923 806 1115 868 obtinentur
1142 823 1158 864 a

53 911 164 991 Rege,
191 912 360 974 mediante
389 913 529 993 Regina,
555 912 610 991 qui
638 931 732 973 secus
759 910 817 972 vix
844 908 987 970 obtineri
1016 916 1160 996 possent.

51 1012 207 1075 Aliunde
224 1014 331 1076 cultus
349 1016 383 1077 Β.
401 1015 529 1095 Virgini
547 1013 718 1076 exhibitus
742 1014 783 1075 ad
806 1010 995 1092 augendam
1012 1028 1160 1071 reveren-

52 1116 150 1192 tiam,
162 1137 237 1197 quae
254 1118 381 1179 mulieri
398 1118 546 1192 debetur,
560 1137 626 1179 non
644 1137 760 1198 parum
778 1115 929 1190 contulit,
947 1115 993 1176 ita
1009 1124 1046 1207 ut
1062 1113 1160 1175 ratio-

54 1216 189 1280 nalistae
206 1219 356 1282 nonnulli
374 1220 515 1281 libenter
530 1227 714 1300 agnoscant
731 1238 789 1299 per
805 1218 868 1279 hoc
885 1217 1031 1279 mulieris
1048 1215 1160 1277 condi-

54 1321 186 1382 tionem
205 1323 236 1382 in
253 1321 441 1385 christianis
457 1322 612 1402 gentibus
629 1322 671 1383 ad
688 1321 840 1382 altiorem
856 1320 997 1401 gradum
1011 1317 1160 1382 evectam

56 1421 160 1484 fuisse
170 1435 191 1485 2.

101 1567 172 1635 299.
221 1559 383 1623 Attamen
407 1562 512 1622 omnis
534 1579 692 1623 excessus
716 1560 784 1620 sive
806 1560 838 1620 in
862 1559 1014 1622 laudibus
1038 1559 1104 1621 sive
1128 1561 1158 1621 in

57 1660 150 1723 cultu
169 1662 203 1724 B.
223 1663 340 1725 Mariae
361 1664 477 1726 sedulo
494 1665 590 1725 vitari
606 1663 715 1737 debet,
734 1671 914 1744 nostraque
932 1662 1071 1724 facimus
1088 1661 1159 1723 haec

58 1762 218 1825 Petavu'a
234 1767 352 1828 verba:
377 1766 494 1828 “Illud
519 1787 596 1827 vero
620 1767 662 1826 ad
687 1762 875 1827 extremum
894 1785 1028 1826 monere
1044 1785 1160 1826 omnes

59 1873 192 1936 audebo
208 1875 349 1937 cultores
366 1897 403 1938 ac
421 1875 608 1938 laudatores
624 1874 772 1954 Virginis
789 1871 922 1949 sandtae,
933 1884 969 1935 ut
983 1894 1023 1934 ne
1035 1875 1160 1954 pietati,

60 1996 98 2037 ac
122 1978 291 2042 devotioni
316 1981 348 2041 in
374 1980 463 2041 illam
488 2001 556 2040 suae
581 1979 718 2041 nimium
737 1978 952 2058 indulgeant3
975 1987 1008 2040 et
1024 1989 1061 2040 ut
1077 1980 1161 2040 veris

61 2082 209 2142 contenti
237 2083 416 2165 solidisque
444 2082 625 2164 praeconiiS,
650 2080 726 2144 fieta
754 2091 787 2142 et
814 2082 1043 2144 commentitia
1066 2102 1160 2162 repu-

60 2182 190 2245 dient'*.
238 2184 337 2266 Quod
362 2187 497 2266 quidem
523 2186 686 2246 monitum
703 2184 789 2245 Pius
802 2183 862 2244 IX
875 2184 1045 2246 renovavit
1068 2187 1160 2246 dam-

61 2285 174 2348 nando
193 2291 245 2368 (13
262 2289 334 2368 Jan.
357 2290 452 2370 1875)
468 2289 535 2350 duo
557 2286 724 2368 opuscula,
741 2288 774 2348 in
797 2287 917 2367 quibus
940 2288 1162 2350 disserebatur

61 2390 103 2452 de
126 2393 350 2453 sacratissimo
371 2393 533 2472 sanguine
551 2391 584 2453 B.
602 2391 758 2470 Virginis.
805 2391 933 2453 Revera
950 2391 1099 2453 nonnulli
1116 2393 1161 2472 pii

61 2490 212 2554 auctores
228 2493 290 2555 hac
307 2495 340 2554 in
357 2515 390 2556 re
409 2494 669 2556 Protestantium
687 2490 929 2572 objectionibus
946 2513 1060 2554 ansam
1078 2515 1161 2574 prae·

62 2595 212 2671 buerunt,
222 2597 329 2659 verbis
346 2600 472 2660 utendo
488 2617 562 2677 quae
579 2596 715 2657 nimiam
734 2604 935 2676 potestatem
953 2596 1069 2657 Mariae
1084 2617 1159 2658 con-

61 2698 177 2759 cedere
199 2699 373 2760 videntur:
397 2700 578 2762 excusandi
603 2708 680 2761 sunt
703 2699 848 2778 quidem,
869 2708 1004 2780 propter
1027 2699 1160 2762 filialem

62 2818 208 2861 amorem
226 2802 281 2881 qui
298 2801 397 2862 verba
413 2802 559 2882 ipsorum
576 2799 723 2877 dictavit,
740 2810 773 2863 et
797 2821 877 2862 sane
901 2802 1010 2862 minus
1034 2803 1160 2883 vitupe-

10 2956 13 2967 .
61 2904 155 2966 randi
178 2924 278 2984 quam
303 2903 448 2966 haeretici
472 2906 537 2986 qui,
554 2905 616 2966 sub
639 2913 806 2985 praetextu
825 2905 944 2966 Filium
966 2905 1161 2980 honorandi,

62 3018 201 3069 matrem
219 3017 287 3069 tam
306 3009 440 3088 indigne
458 3006 601 3070 tractant
617 3031 624 3085 3
649 3029 714 3070 non
732 3017 809 3070 sunt
826 3019 936 3071 tamen
955 3009 1138 3070 imitandi4.

93 3241 102 3272 ¹
117 3244 152 3295 ln
165 3243 288 3297 adventu
303 3261 385 3298 serm.
403 3259 427 3309 2,
441 3260 466 3295 n.
482 3254 507 3311 5.

92 3325 273 3383 2⁴‘Mundus
294 3349 343 3399 per
361 3331 439 3384 ideas
459 3347 528 3398 quas
548 3330 602 3383 sibi
622 3329 751 3382 efformat
770 3330 895 3397 regitur;
917 3340 961 3382 ast
981 3347 1052 3392 raro,
1075 3331 1161 3385 immo

61 3431 214 3486 numquam
228 3418 283 3470 alia
296 3418 359 3471 idea
373 3419 508 3485 majorem
521 3417 659 3485 simulque
673 3418 856 3469 salubriorem
869 3415 991 3470 exercuit
1001 3416 1066 3482 vim,
1076 3435 1160 3486 quam

60 3518 123 3570 quae
136 3503 172 3556 de
185 3502 276 3556 Maria
290 3504 318 3556 in
332 3507 491 3557 mediboevo
505 3514 641 3572 concepta
653 3504 713 3557 fuit.
755 3503 849 3555 Prima
857 3503 918 3555 vice
932 3514 998 3555 tunc
1012 3504 1111 3557 mulier
1124 3506 1161 3557 ad

60 3589 228 3658 dignitatern
242 3607 305 3658 quae
324 3592 376 3660 ipsi
396 3591 559 3643 naturaliter
576 3591 694 3658 pertinet
714 3589 812 3644 evetia
830 3589 902 3651 fuit;
922 3589 1068 3642 infimtitas
1081 3608 1161 3660 aeque

59 3693 93 3730 ac
106 3676 187 3730 dolor
199 3687 335 3747 tanquam
348 3679 454 3748 aliquid
474 3677 563 3731 santii
584 3679 681 3731 habita
700 3688 773 3730 sunt.
814 3678 881 3729 Non
900 3677 1020 3745 amplius
1038 3676 1160 3730 hominis

39 3826 42 3831 Δ
59 3778 141 3816 serva
153 3773 201 3816 aut
214 3765 274 3833 ejus
288 3765 448 3829 ludibrium,
456 3781 508 3817 nec
519 3766 638 3832 amplius
649 3762 837 3832 despediionis
848 3774 876 3816 et
887 3763 1076 3815 sensualitatis
1090 3763 1160 3816 ideis

59 3851 176 3917 sociata,
189 3853 289 3919 mulier
303 3851 330 3904 in
344 3852 435 3905 Maria
448 3852 563 3919 Virgine
575 3853 611 3904 ad
626 3851 766 3904 inauditas
781 3850 962 3904 celsitudines
977 3866 1039 3902 sese
1052 3851 1158 3913 extulit,

58 3946 86 3994 et
108 3938 262 3993 reverentis
287 3938 475 3992 observantiae
498 3936 640 4006 objedtum
663 3936 738 3990 fadla
760 3947 813 4000 est,
838 3937 917 4005 cujus
941 3953 992 3988 nec
1015 3936 1159 3988 minimam

58 4023 153 4078 ideam
166 4036 275 4079 veteres
289 4027 413 4079 habuere
421 4023 443 4077 '’.
485 4025 592 4093 (Lecky,
611 4025 728 4091 History
741 4025 772 4076 of
783 4023 921 4077 Rational.
936 4024 989 4076 vol.
1009 4025 1031 4086 l,
1048 4040 1070 4090 p.
1086 4023 1160 4088 226).

92 4114 214 4167 Ῥείαν.
229 4116 246 4168 l.
264 4117 342 4181 XlV,
357 4132 379 4167 c.
398 4116 421 4166 8.

91 4199 256 4255 ⁴Nonnulla
281 4201 406 4269 exempla
432 4201 542 4267 piarum
567 4199 731 4266 huiusmodi
763 4198 1024 4268 exaggerationum
1044 4205 1185 4248 recenset
1242 4174 1264 4271 Ι
