2684 4634
119 182 185 232 568
558 182 697 234 CAPUT
715 184 773 232 111.

118 358 175 417 hoc
188 377 248 417 non
262 358 388 430 impedit
401 359 472 432 quin
486 360 669 417 incarnatum
683 360 785 417 luisset
798 360 828 416 in
842 378 929 418 carne
942 358 1132 432 impassibili,
1145 359 1208 417 Ada-

118 464 168 503 mo
188 464 250 503 non
270 455 422 517 peccante.
465 445 543 504 lllud
563 456 664 503 tamen
685 461 860 517 responsum
884 447 931 503 vix
953 447 1134 503 conciliatur
1153 464 1208 503 cum

117 532 246 590 textibus
259 532 361 603 allatis,
374 532 403 589 in
417 532 527 604 quibus
540 549 600 590 non
614 533 722 591 dicitur
732 533 864 591 Verbum
875 534 905 590 in
916 552 1006 591 carne
1015 533 1158 606 passibili,
1168 531 1209 590 sed

117 619 292 691 simpliciter,
306 619 419 691 absque
437 620 497 676 ulla
516 619 716 688 distinetione,
730 619 864 677 Verbum
884 621 1001 678 venisse
1021 630 1146 693 propter
1157 637 1210 692 pec·

118 717 183 763 cata
196 715 304 774 nostra,
317 723 372 763 nec
385 705 604 763 incarnaturum
619 704 709 763 fuisse
722 705 835 776 absque
849 716 982 778 peccato.
1049 762 1051 765 ,

119 794 158 860 (b)
171 790 320 863 Scriptura
339 800 368 849 et
388 792 497 861 Patres
510 792 627 849 addunt
644 791 788 862 Scotistae,
804 793 936 851 indicant
956 795 1055 851 solum
1076 812 1168 851 unum
1183 812 1211 850 ex

118 877 236 934 motivis
247 878 471 948 Incarnationis,
484 878 557 937 illud
567 879 628 936 scil.
640 877 722 949 quod
735 879 825 936 relate
838 880 877 938 ad
890 898 944 937 nos
957 881 1147 952 praecipuum
1158 898 1212 938 esse

118 965 252 1036 videtur,
271 965 324 1024 sed
337 983 373 1023 ex
385 965 443 1023 hoc
457 984 517 1023 non
532 967 664 1038 sequitur
677 966 791 1022 nullum
805 984 869 1025 esse
882 967 964 1025 aliud
977 967 1126 1025 motivum
1140 985 1212 1038 aeque

118 1062 168 1109 aut
187 1053 275 1110 etiarn
296 1052 390 1124 magis
410 1054 581 1124 principale,
603 1053 687 1125 quod
705 1062 826 1111 tacetur.
841 1087 876 1094 —
896 1055 967 1112 Hoc
984 1065 1089 1112 autem
1108 1054 1212 1113 admitti

119 1138 237 1210 nequit;
256 1157 325 1196 narn
339 1139 497 1212 Scriptura,
508 1158 573 1212 quae
586 1150 648 1198 tota
662 1141 721 1198 fere
734 1140 887 1198 ordinatur
899 1142 977 1198 circa
990 1142 1212 1214 explicationem
1263 1212 1265 1217 Α

120 1225 343 1298 Incarnationis,
355 1228 442 1286 valde
455 1227 649 1299 probabiliter
661 1248 722 1286 non
736 1229 802 1287 silet
814 1228 892 1286 circa
901 1230 1047 1286 motivum
1060 1228 1213 1302 principale

119 1312 207 1384 hujus
225 1315 374 1386 mysterii,
393 1324 422 1371 et
442 1314 562 1386 insuper
582 1317 691 1385 Patres,
710 1316 760 1386 qui
781 1314 961 1387 Scripturam
980 1316 1210 1387 interpretantur,

119 1399 244 1471 positive
262 1401 367 1458 dicunt
385 1401 498 1456 nullum
518 1401 599 1458 aliud
619 1419 683 1460 esse
702 1401 865 1459 motivum:
885 1402 967 1473 quod
988 1402 1115 1474 intelligi
1134 1401 1214 1459 debet
1263 1422 1265 1453 τ

119 1487 221 1544 saltem
236 1487 274 1545 de
287 1487 391 1545 ordine
404 1506 499 1545 rerum
513 1489 658 1559 praesenti.

397 1630 444 1685 ΙΙ.
468 1629 645 1701 systema
665 1628 951 1687 scotistarum¹.

153 1765 210 1821 251.
251 1766 279 1807 10
293 1755 337 1807 Ex
350 1751 500 1822 Scriptura
518 1749 579 1808 duo
598 1750 760 1822 praesertim
781 1750 910 1807 citantur
922 1759 1019 1808 textus
1037 1750 1078 1809 ad
1098 1751 1216 1824 proban-

119 1838 190 1895 dum
200 1838 344 1895 motivum
355 1838 614 1896 determinativum
626 1837 845 1895 Incarnationis
855 1855 921 1896 esse
930 1837 1138 1896 excellentiam
1149 1839 1217 1896 illius

120 1925 248 1996 mysterii
261 1937 290 1983 et
304 1925 517 1998 periedtionem
531 1925 621 1983 totius
635 1924 772 1981 universi.

155 2013 201 2082 (Α)
218 2014 330 2070 “Deus
342 2013 475 2085 possedit
488 2031 536 2070 me
550 2013 579 2068 in
594 2012 677 2069 initio
691 2012 803 2068 viarum
818 2029 947 2078 suarum,
962 2021 1127 2084 antequam
1141 2012 1218 2084 quid-

120 2119 210 2174 quam
230 2101 338 2159 faceret
355 2119 372 2158 a
392 2099 539 2173 principio
548 2100 563 2128 ’'
571 2107 589 2157 ².
630 2098 722 2157 Unde
735 2097 796 2155 sic:
818 2097 874 2155 Illa
892 2098 984 2156 verba
1003 2100 1221 2171 interpretanda

120 2201 188 2247 sunt
201 2190 240 2247 de
253 2188 404 2260 Sapientia
417 2187 578 2256 incarnata,
587 2205 639 2245 seu
653 2186 691 2244 de
705 2185 824 2245 Christo
840 2196 870 2243 ut
883 2186 1006 2243 homine
1018 2209 1025 2254 ;
1045 2187 1130 2258 atqui
1143 2187 1220 2246 Chri-

120 2288 181 2334 stus
201 2287 232 2334 ut
249 2277 341 2333 homo
359 2294 420 2333 non
436 2286 480 2333 est
498 2275 612 2332 initium
634 2291 758 2345 operum
777 2273 834 2331 Dei
852 2273 966 2330 ratione
985 2275 1140 2345 temporis,·
1157 2293 1222 2347 ergo

121 2376 164 2422 est
178 2363 293 2421 initium
308 2381 432 2434 operum
448 2362 503 2419 Dei
519 2362 632 2419 ratione
645 2361 820 2431 intentionis,
835 2379 886 2419 seu
907 2361 961 2419 fuit
981 2363 1115 2419 intentus
1131 2383 1148 2421 a
1162 2365 1223 2421 Deo

119 2461 189 2509 ante
219 2468 339 2508 omnem
372 2459 544 2517 creaturam,
576 2449 705 2520 ideoque
736 2458 805 2505 ante
838 2448 1046 2519 praevisionem
1078 2450 1225 2521 originalis

121 2549 243 2612 peccati.

155 2624 340 2697 Respondent
357 2622 542 2679 Thomistae:
569 2620 651 2691 Nego
675 2621 822 2692 rrrajorem,
848 2639 917 2677 nani
940 2621 989 2677 illa
1011 2621 1103 2679 verba
1126 2624 1226 2682 intelli-

121 2713 219 2786 genda
232 2720 300 2767 sunt
313 2710 352 2767 de
366 2708 517 2780 Sapientia
530 2708 666 2778 increata,
684 2717 716 2765 ut
730 2718 811 2780 patet
825 2726 859 2766 ex
873 2717 936 2766 toto
950 2717 1105 2779 contextu,
1120 2711 1150 2767 in
1170 2729 1227 2782 quo

122 2802 229 2861 dicitur
243 2821 248 2857 :
271 2797 337 2854 “ab
351 2807 461 2854 aeterno
475 2794 611 2853 ordinata
624 2814 731 2865 sum,...
748 2814 817 2852 cum
831 2813 867 2853 eo
881 2813 961 2853 eram
978 2795 1089 2853 cuneta
1108 2815 1227 2870 compo·

122 2880 220 2947 nens”
230 2887 297 2946 etc³
333 2885 420 2944 Circa
430 2883 488 2941 hoc
501 2883 685 2939 concordant
699 2901 804 2940 omnes
817 2884 877 2940 sere
891 2882 1027 2940 hodierni
1042 2883 1229 2958 interpretes;

123 2976 245 3050 quidam
259 2992 293 3031 ex
306 2972 434 3042 antiquis
449 2969 585 3026 Patribus
600 2969 680 3024 illum
696 2978 808 3026 textum
828 2968 1012 3040 interpretati
1032 2980 1104 3028 sunt
1124 2972 1162 3029 de
1182 2973 1228 3030 Sa·

123 3063 234 3137 pientia
252 3060 411 3128 incarnata,
425 3057 543 3129 decepti
562 3075 579 3112 a
596 3057 730 3114 versione
743 3057 848 3126 graeca,
861 3074 936 3127 quae,
954 3057 1021 3114 loco
1038 3057 1123 3115 verbi
1140 3063 1229 3131 “pos-

123 3150 232 3218 sedit'',
246 3147 376 3204 habebat
395 3144 579 3215 “creavit'’;
598 3143 651 3201 sed
671 3143 760 3200 hodie
780 3143 845 3199 talis
865 3143 1069 3214 interpretatio
1090 3144 1227 3216 reJicitur,

124 3240 193 3313 quia
206 3236 298 3295 textui
311 3234 451 3291 hebraico
464 3233 626 3304 opponitur
638 3251 645 3301 3
665 3230 785 3287 aliunde
798 3230 873 3286 Pius
884 3230 940 3286 IX
950 3230 980 3287 in
994 3231 1083 3288 Bulla
1095 3232 1230 3304 Ineffabi-

123 3329 160 3385 lis
173 3325 293 3398 praefata
306 3321 395 3379 verba
409 3319 530 3389 intelligi
546 3318 648 3375 asserit
662 3318 700 3375 de
714 3316 845 3373 increata
858 3316 1010 3388 Sapientia
1030 3326 1059 3374 et
1079 3319 1145 3389 ejus
1158 3337 1230 3376 sem-

125 3413 239 3487 piterna
252 3410 372 3480 origine.
383 3441 415 3448 --
430 3407 565 3477 Insuper,
577 3404 692 3462 etiamsi
707 3404 921 3460 concederetur
934 3404 1036 3474 major,
1049 3421 1113 3462 non
1127 3406 1232 3463 exinde

124 3497 313 3560 admittenda
338 3505 415 3553 esset
440 3493 593 3552 conclusio
620 3492 824 3560 Scotistarum,
852 3508 922 3546 nam
949 3490 1086 3548 Christus
1113 3504 1234 3550 vocatur

126 3589 241 3645 initium
262 3586 373 3641 viarum
396 3582 529 3650 Domini,
546 3581 628 3651 juxta
648 3581 756 3648 PatreS,
774 3579 844 3649 quia
865 3577 1034 3635 Incarnatio
1054 3589 1099 3635 est
1118 3580 1231 3638 initium

161 3769 170 3799 1
185 3768 239 3821 Cir.
254 3765 420 3818 Alexander
432 3763 576 3824 Halensis,
592 3778 617 3829 p.
629 3776 654 3828 3,
668 3778 692 3829 q.
704 3779 727 3826 2,
742 3761 858 3813 membr.
877 3774 920 3828 13;
933 3760 1069 3812 albertus
1081 3762 1137 3826 M,
1147 3762 1176 3813 in
1190 3762 1232 3814 lll

127 3858 190 3910 dist.
208 3869 250 3917 20,
264 3869 289 3903 a.
308 3864 333 3918 5;
354 3848 452 3903 Scotns
471 3848 499 3901 in
522 3849 564 3900 lll
585 3848 649 3900 dist.
667 3861 691 3912 7,
705 3864 730 3916 q.
746 3861 769 3913 3,
784 3856 812 3900 et
825 3845 890 3898 dist.
906 3860 932 3914 9,
948 3862 975 3914 q.
993 3844 1078 3900 unica
1089 3865 1098 3916 3
1118 3849 1234 3913 Suarea,

127 3945 198 4011 disp.
214 3938 252 4003 V;
272 3938 415 4002 Hnrtndo,
429 3936 500 4005 disp.
516 3937 602 4000 Xlll,
617 3933 684 3988 sedi.
702 3949 716 3986 2
722 3953 729 3998 ;
750 3935 779 3986 S.
796 3934 966 3985 Francracrts
985 3933 1125 3998 Salesius,
1141 3934 1235 3987 Traite

128 4030 163 4082 de
176 4029 302 4080 l'Arnour
320 4026 355 4077 de
373 4025 454 4089 Dieu,
472 4024 581 4091 nirglz'ce
594 4021 722 4075 Treatise
740 4037 775 4072 on
795 4021 843 4072 the
862 4020 925 4073 love
944 4020 975 4071 of
993 4020 1067 4084 God,
1082 4021 1099 4073 l.
1119 4023 1158 4087 ll,
1172 4040 1195 4075 c.
1213 4036 1235 4089 53

128 4116 225 4179 Faber,
246 4113 307 4164 The
328 4114 358 4163 B.
380 4113 554 4172 Sacrament,
576 4108 593 4160 l.
618 4109 667 4173 IV,
687 4106 753 4160 sedi.
772 4109 796 4171 l;
816 4107 877 4159 The
898 4106 1029 4159 Precious
1050 4108 1147 4174 blood,
1167 4126 1189 4161 c.
1210 4122 1235 4172 3;

124 4200 282 4266 Onenlznm,
299 4217 344 4270 op.
361 4197 406 4254 cit.
422 4215 445 4252 c.
464 4198 486 4266 l,
504 4215 530 4267 p.
547 4196 582 4264 <36
596 4212 639 4264 sq.

149 4296 161 4326 2
172 4294 265 4348 l’fnv.
286 4294 371 4358 Vlll,
392 4307 435 4347 22.
450 4324 486 4329 -
501 4296 510 4327 3
525 4287 571 4344 Cl.
591 4287 630 4340 De
648 4287 706 4338 Deo
725 4280 922 4345 Tr·ino,n.b7.
