<?xml version="1.0" encoding="UTF-8"?>
<!DOCTYPE html PUBLIC "-//W3C//DTD XHTML 1.0 Transitional//EN"
    "http://www.w3.org/TR/xhtml1/DTD/xhtml1-transitional.dtd">
<html xmlns="http://www.w3.org/1999/xhtml" xml:lang="en" lang="en">
 <head>
  <title>
</title>
<meta http-equiv="Content-Type" content="text/html;charset=utf-8" />
  <meta name='ocr-system' content='tesseract 3.04.00' />
  <meta name='ocr-capabilities' content='ocr_page ocr_carea ocr_par ocr_line ocrx_word'/>
</head>
<body>
  <div class='ocr_page' id='page_1' title='image "./synopsistheolog00tanqgoog_0336.png"; bbox 0 0 2684 4634; ppageno 0'>
   <div class='ocr_carea' id='block_1_1' title="bbox 511 177 1199 228">
    <p class='ocr_par' dir='ltr' id='par_1_1' title="bbox 511 177 1199 228">
     <span class='ocr_line' id='line_1_1' title="bbox 511 177 1199 228; baseline 0.001 -1"><span class='ocrx_word' id='word_1_1' title='bbox 511 178 568 227; x_wconf 77' lang='lat' dir='ltr'>DE</span> <span class='ocrx_word' id='word_1_2' title='bbox 587 177 778 227; x_wconf 83' lang='lat' dir='ltr'>ANGELIS.</span> <span class='ocrx_word' id='word_1_3' title='bbox 1135 177 1199 228; x_wconf 80' lang='lat'>315·</span> 
     </span>
    </p>
   </div>
   <div class='ocr_carea' id='block_1_2' title="bbox 100 355 1197 1061">
    <p class='ocr_par' dir='ltr' id='par_1_2' title="bbox 100 355 1197 1061">
     <span class='ocr_line' id='line_1_2' title="bbox 100 355 1196 442; baseline -0.003 -22"><span class='ocrx_word' id='word_1_4' title='bbox 100 358 169 442; x_wconf 83' lang='lat' dir='ltr'>lege</span> <span class='ocrx_word' id='word_1_5' title='bbox 185 369 220 425; x_wconf 90' lang='lat' dir='ltr'>et</span> <span class='ocrx_word' id='word_1_6' title='bbox 236 359 618 442; x_wconf 80' lang='lat' dir='ltr'>sempetpermissurum</span> <span class='ocrx_word' id='word_1_7' title='bbox 635 379 707 421; x_wconf 88' lang='lat' dir='ltr'>esse</span> <span class='ocrx_word' id='word_1_8' title='bbox 720 357 932 428; x_wconf 77' lang='lat' dir='ltr'>¹daemonibus</span> <span class='ocrx_word' id='word_1_9' title='bbox 944 365 980 419; x_wconf 95' lang='lat' dir='ltr'>ut</span> <span class='ocrx_word' id='word_1_10' title='bbox 993 376 1086 418; x_wconf 88' lang='lat' dir='ltr'>suam</span> <span class='ocrx_word' id='word_1_11' title='bbox 1105 355 1196 417; x_wconf 93' lang='lat' dir='ltr'>mali·</span> 
     </span>
     <span class='ocr_line' id='line_1_3' title="bbox 100 460 1197 544; baseline -0.004 -20"><span class='ocrx_word' id='word_1_12' title='bbox 100 464 178 525; x_wconf 89' lang='lat' dir='ltr'>tiam</span> <span class='ocrx_word' id='word_1_13' title='bbox 198 473 231 526; x_wconf 90' lang='lat' dir='ltr'>et</span> <span class='ocrx_word' id='word_1_14' title='bbox 247 472 448 544; x_wconf 89' lang='lat' dir='ltr'>potestatem</span> <span class='ocrx_word' id='word_1_15' title='bbox 465 474 653 538; x_wconf 85' lang='lat' dir='ltr'>exerceant,</span> <span class='ocrx_word' id='word_1_16' title='bbox 669 464 944 544; x_wconf 87' lang='lat' dir='ltr'>quotiescumque</span> <span class='ocrx_word' id='word_1_17' title='bbox 968 460 1197 522; x_wconf 85' lang='lat' dir='ltr'>determinatis</span> 
     </span>
     <span class='ocr_line' id='line_1_4' title="bbox 103 563 1197 648; baseline -0.003 -22"><span class='ocrx_word' id='word_1_18' title='bbox 103 566 202 646; x_wconf 85' lang='lat' dir='ltr'>signis</span> <span class='ocrx_word' id='word_1_19' title='bbox 219 569 308 648; x_wconf 86' lang='lat' dir='ltr'>magi</span> <span class='ocrx_word' id='word_1_20' title='bbox 325 568 374 629; x_wconf 94' lang='lat' dir='ltr'>usi</span> <span class='ocrx_word' id='word_1_21' title='bbox 391 567 530 629; x_wconf 84' lang='lat' dir='ltr'>fuerint?</span> <span class='ocrx_word' id='word_1_22' title='bbox 553 568 701 633; x_wconf 87' lang='lat' dir='ltr'>Aliunde</span> <span class='ocrx_word' id='word_1_23' title='bbox 716 566 851 647; x_wconf 89' lang='lat' dir='ltr'>spiritus</span> <span class='ocrx_word' id='word_1_24' title='bbox 865 564 942 627; x_wconf 90' lang='lat' dir='ltr'>mali</span> <span class='ocrx_word' id='word_1_25' title='bbox 956 584 1062 645; x_wconf 89' lang='lat' dir='ltr'>neque</span> <span class='ocrx_word' id='word_1_26' title='bbox 1074 563 1197 627; x_wconf 91' lang='lat' dir='ltr'>omnis-</span> 
     </span>
     <span class='ocr_line' id='line_1_5' title="bbox 106 664 1197 752; baseline -0.002 -24"><span class='ocrx_word' id='word_1_27' title='bbox 106 669 139 728; x_wconf 90' lang='lat' dir='ltr'>cii</span> <span class='ocrx_word' id='word_1_28' title='bbox 155 689 264 750; x_wconf 92' lang='lat' dir='ltr'>neque</span> <span class='ocrx_word' id='word_1_29' title='bbox 279 671 553 752; x_wconf 87' lang='lat' dir='ltr'>omnipraesentes</span> <span class='ocrx_word' id='word_1_30' title='bbox 568 679 661 746; x_wconf 82' lang='lat' dir='ltr'>sunt;</span> <span class='ocrx_word' id='word_1_31' title='bbox 684 669 751 730; x_wconf 92' lang='lat' dir='ltr'>imo</span> <span class='ocrx_word' id='word_1_32' title='bbox 776 668 952 729; x_wconf 87' lang='lat' dir='ltr'>mendaces</span> <span class='ocrx_word' id='word_1_33' title='bbox 971 675 1049 727; x_wconf 93' lang='lat' dir='ltr'>sunt</span> <span class='ocrx_word' id='word_1_34' title='bbox 1069 674 1102 727; x_wconf 96' lang='lat' dir='ltr'>et</span> <span class='ocrx_word' id='word_1_35' title='bbox 1127 664 1197 726; x_wconf 85' lang='lat' dir='ltr'>infi-</span> 
     </span>
     <span class='ocr_line' id='line_1_6' title="bbox 108 762 1196 856; baseline 0 -25"><span class='ocrx_word' id='word_1_36' title='bbox 108 771 210 850; x_wconf 91' lang='lat' dir='ltr'>deles;</span> <span class='ocrx_word' id='word_1_37' title='bbox 232 774 326 836; x_wconf 87' lang='lat' dir='ltr'>unde</span> <span class='ocrx_word' id='word_1_38' title='bbox 341 795 430 856; x_wconf 87' lang='lat' dir='ltr'>saepe</span> <span class='ocrx_word' id='word_1_39' title='bbox 445 775 566 855; x_wconf 89' lang='lat' dir='ltr'>saepius</span> <span class='ocrx_word' id='word_1_40' title='bbox 582 774 774 855; x_wconf 85' lang='lat' dir='ltr'>contingere</span> <span class='ocrx_word' id='word_1_41' title='bbox 790 780 900 852; x_wconf 92' lang='lat' dir='ltr'>potest</span> <span class='ocrx_word' id='word_1_42' title='bbox 916 779 953 832; x_wconf 92' lang='lat' dir='ltr'>ut</span> <span class='ocrx_word' id='word_1_43' title='bbox 969 771 1064 850; x_wconf 85' lang='lat' dir='ltr'>signa</span> <span class='ocrx_word' id='word_1_44' title='bbox 1079 771 1121 831; x_wconf 92' lang='lat' dir='ltr'>ab</span> <span class='ocrx_word' id='word_1_45' title='bbox 1137 762 1196 831; x_wconf 86' lang='lat' dir='ltr'>im-</span> 
     </span>
     <span class='ocr_line' id='line_1_7' title="bbox 111 875 1196 960; baseline 0 -25"><span class='ocrx_word' id='word_1_46' title='bbox 111 875 212 954; x_wconf 87' lang='lat' dir='ltr'>probis</span> <span class='ocrx_word' id='word_1_47' title='bbox 229 877 419 940; x_wconf 91' lang='lat' dir='ltr'>hominibus</span> <span class='ocrx_word' id='word_1_48' title='bbox 435 879 552 960; x_wconf 89' lang='lat' dir='ltr'>posita,</span> <span class='ocrx_word' id='word_1_49' title='bbox 568 888 627 940; x_wconf 94' lang='lat' dir='ltr'>aut</span> <span class='ocrx_word' id='word_1_50' title='bbox 644 897 708 938; x_wconf 95' lang='lat' dir='ltr'>non</span> <span class='ocrx_word' id='word_1_51' title='bbox 726 875 912 949; x_wconf 89' lang='lat' dir='ltr'>advertant,</span> <span class='ocrx_word' id='word_1_52' title='bbox 929 883 985 936; x_wconf 93' lang='lat' dir='ltr'>aut</span> <span class='ocrx_word' id='word_1_53' title='bbox 1003 893 1069 935; x_wconf 94' lang='lat' dir='ltr'>non</span> <span class='ocrx_word' id='word_1_54' title='bbox 1088 882 1196 935; x_wconf 89' lang='lat' dir='ltr'>atten-</span> 
     </span>
     <span class='ocr_line' id='line_1_8' title="bbox 113 976 1089 1061; baseline 0.001 -24"><span class='ocrx_word' id='word_1_55' title='bbox 113 977 190 1040; x_wconf 90' lang='lat' dir='ltr'>dant.</span> <span class='ocrx_word' id='word_1_56' title='bbox 235 980 346 1061; x_wconf 84' lang='lat' dir='ltr'>Quam</span> <span class='ocrx_word' id='word_1_57' title='bbox 363 981 455 1044; x_wconf 93' lang='lat' dir='ltr'>stulti</span> <span class='ocrx_word' id='word_1_58' title='bbox 472 982 572 1061; x_wconf 86' lang='lat' dir='ltr'>igitur</span> <span class='ocrx_word' id='word_1_59' title='bbox 587 990 664 1042; x_wconf 92' lang='lat' dir='ltr'>sunt</span> <span class='ocrx_word' id='word_1_60' title='bbox 680 980 735 1059; x_wconf 95' lang='lat' dir='ltr'>qui</span> <span class='ocrx_word' id='word_1_61' title='bbox 752 978 888 1041; x_wconf 91' lang='lat' dir='ltr'>diabolo</span> <span class='ocrx_word' id='word_1_62' title='bbox 904 976 1089 1039; x_wconf 88' lang='lat' dir='ltr'>confidunt!</span> 
     </span>
    </p>
   </div>
   <div class='ocr_carea' id='block_1_3' title="bbox 109 1126 1300 3377">
    <p class='ocr_par' dir='ltr' id='par_1_3' title="bbox 109 1126 1300 3377">
     <span class='ocr_line' id='line_1_9' title="bbox 149 1126 1197 1210; baseline -0.003 -19"><span class='ocrx_word' id='word_1_63' title='bbox 149 1143 209 1206; x_wconf 87' lang='lat'>104.</span> <span class='ocrx_word' id='word_1_64' title='bbox 255 1129 304 1210; x_wconf 86' lang='lat' dir='ltr'>(c)</span> <span class='ocrx_word' id='word_1_65' title='bbox 321 1129 488 1207; x_wconf 87' lang='lat' dir='ltr'>Nonnulla</span> <span class='ocrx_word' id='word_1_66' title='bbox 503 1150 580 1192; x_wconf 91' lang='lat' dir='ltr'>vero</span> <span class='ocrx_word' id='word_1_67' title='bbox 595 1149 666 1189; x_wconf 85' lang='lat' dir='ltr'>esse</span> <span class='ocrx_word' id='word_1_68' title='bbox 679 1128 777 1206; x_wconf 67' lang='lat' dir='ltr'>falia</span> <span class='ocrx_word' id='word_1_69' title='bbox 800 1127 934 1207; x_wconf 81' lang='lat' dir='ltr'>magica,</span> <span class='ocrx_word' id='word_1_70' title='bbox 949 1147 1012 1208; x_wconf 90' lang='lat' dir='ltr'>ope</span> <span class='ocrx_word' id='word_1_71' title='bbox 1035 1126 1197 1188; x_wconf 84' lang='lat' dir='ltr'>daemonis</span> 
     </span>
     <span class='ocr_line' id='line_1_10' title="bbox 118 1230 1197 1314; baseline 0.004 -25"><span class='ocrx_word' id='word_1_72' title='bbox 118 1238 231 1306; x_wconf 86' lang='lat' dir='ltr'>patrata</span> <span class='ocrx_word' id='word_1_73' title='bbox 246 1232 304 1293; x_wconf 86' lang='lat' dir='ltr'>vix</span> <span class='ocrx_word' id='word_1_74' title='bbox 321 1232 433 1313; x_wconf 82' lang='lat' dir='ltr'>negari</span> <span class='ocrx_word' id='word_1_75' title='bbox 449 1241 569 1314; x_wconf 89' lang='lat' dir='ltr'>potest,</span> <span class='ocrx_word' id='word_1_76' title='bbox 585 1232 743 1312; x_wconf 93' lang='lat' dir='ltr'>quidquid</span> <span class='ocrx_word' id='word_1_77' title='bbox 761 1233 857 1312; x_wconf 87' lang='lat' dir='ltr'>pauci</span> <span class='ocrx_word' id='word_1_78' title='bbox 881 1230 1027 1310; x_wconf 82' lang='lat' dir='ltr'>theologi</span> <span class='ocrx_word' id='word_1_79' title='bbox 1050 1231 1197 1293; x_wconf 86' lang='lat' dir='ltr'>dixerint</span> 
     </span>
     <span class='ocr_line' id='line_1_11' title="bbox 120 1332 1196 1417; baseline 0.002 -24"><span class='ocrx_word' id='word_1_80' title='bbox 120 1341 180 1411; x_wconf 88' lang='lat' dir='ltr'>post</span> <span class='ocrx_word' id='word_1_81' title='bbox 189 1333 271 1413; x_wconf 81' lang='lat' dir='ltr'>Eug.</span> <span class='ocrx_word' id='word_1_82' title='bbox 283 1334 457 1416; x_wconf 80' lang='lat' dir='ltr'>Kliippel1.</span> <span class='ocrx_word' id='word_1_83' title='bbox 503 1336 637 1398; x_wconf 88' lang='lat' dir='ltr'>Etenim</span> <span class='ocrx_word' id='word_1_84' title='bbox 653 1335 823 1417; x_wconf 90' lang='lat' dir='ltr'>Scriptura</span> <span class='ocrx_word' id='word_1_85' title='bbox 835 1332 994 1395; x_wconf 91' lang='lat' dir='ltr'>nonnulla</span> <span class='ocrx_word' id='word_1_86' title='bbox 1007 1333 1196 1414; x_wconf 88' lang='lat' dir='ltr'>hujusmodi</span> 
     </span>
     <span class='ocr_line' id='line_1_12' title="bbox 122 1430 1198 1518; baseline 0.008 -27"><span class='ocrx_word' id='word_1_87' title='bbox 122 1430 190 1497; x_wconf 62' lang='lat' dir='ltr'>lafita</span> <span class='ocrx_word' id='word_1_88' title='bbox 213 1447 472 1501; x_wconf 89' lang='lat' dir='ltr'>commemorat:</span> <span class='ocrx_word' id='word_1_89' title='bbox 496 1439 663 1501; x_wconf 89' lang='lat' dir='ltr'>“Vocavit</span> <span class='ocrx_word' id='word_1_90' title='bbox 685 1448 797 1501; x_wconf 85' lang='lat' dir='ltr'>autem</span> <span class='ocrx_word' id='word_1_91' title='bbox 824 1438 952 1500; x_wconf 87' lang='lat' dir='ltr'>Pharao</span> <span class='ocrx_word' id='word_1_92' title='bbox 975 1438 1141 1518; x_wconf 86' lang='lat' dir='ltr'>sapientes</span> <span class='ocrx_word' id='word_1_93' title='bbox 1164 1447 1198 1500; x_wconf 92' lang='lat' dir='ltr'>et</span> 
     </span>
     <span class='ocr_line' id='line_1_13' title="bbox 124 1536 1198 1623; baseline 0.007 -29"><span class='ocrx_word' id='word_1_94' title='bbox 124 1536 278 1614; x_wconf 87' lang='lat' dir='ltr'>maleficos,</span> <span class='ocrx_word' id='word_1_95' title='bbox 294 1548 328 1601; x_wconf 92' lang='lat' dir='ltr'>et</span> <span class='ocrx_word' id='word_1_96' title='bbox 344 1538 491 1602; x_wconf 87' lang='lat' dir='ltr'>fecerunt</span> <span class='ocrx_word' id='word_1_97' title='bbox 507 1541 608 1602; x_wconf 91' lang='lat' dir='ltr'>etiam</span> <span class='ocrx_word' id='word_1_98' title='bbox 625 1542 686 1622; x_wconf 92' lang='lat' dir='ltr'>ipsi</span> <span class='ocrx_word' id='word_1_99' title='bbox 704 1562 761 1623; x_wconf 91' lang='lat' dir='ltr'>per</span> <span class='ocrx_word' id='word_1_100' title='bbox 777 1541 1020 1602; x_wconf 86' lang='lat' dir='ltr'>incantationes</span> <span class='ocrx_word' id='word_1_101' title='bbox 1037 1542 1198 1622; x_wconf 82' lang='lat' dir='ltr'>aegyptia-</span> 
     </span>
     <span class='ocr_line' id='line_1_14' title="bbox 125 1643 1197 1724; baseline 0.009 -30"><span class='ocrx_word' id='word_1_102' title='bbox 125 1654 164 1697; x_wconf 85' lang='lat' dir='ltr'>cas</span> <span class='ocrx_word' id='word_1_103' title='bbox 176 1650 206 1703; x_wconf 91' lang='lat' dir='ltr'>et</span> <span class='ocrx_word' id='word_1_104' title='bbox 221 1662 342 1704; x_wconf 85' lang='lat' dir='ltr'>arcana</span> <span class='ocrx_word' id='word_1_105' title='bbox 357 1644 511 1724; x_wconf 86' lang='lat' dir='ltr'>quaedam</span> <span class='ocrx_word' id='word_1_106' title='bbox 528 1643 734 1724; x_wconf 83' lang='lat' dir='ltr'>similiter’&#39;2;</span> <span class='ocrx_word' id='word_1_107' title='bbox 761 1645 842 1706; x_wconf 92' lang='lat' dir='ltr'>item</span> <span class='ocrx_word' id='word_1_108' title='bbox 860 1644 890 1703; x_wconf 91' lang='lat' dir='ltr'>in</span> <span class='ocrx_word' id='word_1_109' title='bbox 910 1643 950 1703; x_wconf 93' lang='lat' dir='ltr'>N.</span> <span class='ocrx_word' id='word_1_110' title='bbox 968 1643 1006 1704; x_wconf 94' lang='lat' dir='ltr'>T.</span> <span class='ocrx_word' id='word_1_111' title='bbox 1023 1643 1133 1723; x_wconf 81' lang='lat' dir='ltr'>agitur</span> <span class='ocrx_word' id='word_1_112' title='bbox 1155 1644 1197 1704; x_wconf 93' lang='lat' dir='ltr'>de</span> 
     </span>
     <span class='ocr_line' id='line_1_15' title="bbox 125 1745 1300 1829; baseline 0.003 -26"><span class='ocrx_word' id='word_1_113' title='bbox 125 1746 254 1819; x_wconf 83' lang='lat' dir='ltr'>operibus</span> <span class='ocrx_word' id='word_1_114' title='bbox 279 1748 418 1827; x_wconf 82' lang='lat' dir='ltr'>magicis</span> <span class='ocrx_word' id='word_1_115' title='bbox 441 1767 460 1808; x_wconf 91' lang='lat' dir='ltr'>a</span> <span class='ocrx_word' id='word_1_116' title='bbox 486 1747 632 1822; x_wconf 86' lang='lat' dir='ltr'>Simone,</span> <span class='ocrx_word' id='word_1_117' title='bbox 660 1748 781 1829; x_wconf 89' lang='lat' dir='ltr'>Elyma</span> <span class='ocrx_word' id='word_1_118' title='bbox 807 1755 840 1808; x_wconf 95' lang='lat' dir='ltr'>et</span> <span class='ocrx_word' id='word_1_119' title='bbox 867 1745 976 1828; x_wconf 79' lang='lat' dir='ltr'>puella</span> <span class='ocrx_word' id='word_1_120' title='bbox 1002 1745 1198 1826; x_wconf 69' lang='lat' dir='ltr'>pythonissa</span> <span class='ocrx_word' id='word_1_121' title='bbox 1271 1755 1300 1777; x_wconf 54' lang='lat'><em>³</em></span> 
     </span>
     <span class='ocr_line' id='line_1_16' title="bbox 125 1849 1198 1933; baseline 0.005 -29"><span class='ocrx_word' id='word_1_122' title='bbox 125 1849 277 1924; x_wconf 87' lang='lat' dir='ltr'>patratis3;</span> <span class='ocrx_word' id='word_1_123' title='bbox 304 1859 337 1912; x_wconf 93' lang='lat' dir='ltr'>et</span> <span class='ocrx_word' id='word_1_124' title='bbox 353 1871 372 1912; x_wconf 90' lang='lat' dir='ltr'>a</span> <span class='ocrx_word' id='word_1_125' title='bbox 388 1850 521 1914; x_wconf 89' lang='lat' dir='ltr'>Christo</span> <span class='ocrx_word' id='word_1_126' title='bbox 534 1851 703 1932; x_wconf 90' lang='lat' dir='ltr'>Pauloque</span> <span class='ocrx_word' id='word_1_127' title='bbox 716 1850 957 1933; x_wconf 67' lang='lat' dir='ltr'>praenuntiatur</span> <span class='ocrx_word' id='word_1_128' title='bbox 969 1849 1063 1928; x_wconf 81' lang='lat' dir='ltr'>signa</span> <span class='ocrx_word' id='word_1_129' title='bbox 1076 1869 1198 1928; x_wconf 87' lang='lat' dir='ltr'>magna</span> 
     </span>
     <span class='ocr_line' id='line_1_17' title="bbox 124 1952 1197 2036; baseline 0.002 -26"><span class='ocrx_word' id='word_1_130' title='bbox 124 1954 146 2005; x_wconf 85' lang='lat' dir='ltr'>et</span> <span class='ocrx_word' id='word_1_131' title='bbox 158 1952 301 2033; x_wconf 86' lang='lat' dir='ltr'>prodigia</span> <span class='ocrx_word' id='word_1_132' title='bbox 318 1952 426 2016; x_wconf 89' lang='lat' dir='ltr'>futura</span> <span class='ocrx_word' id='word_1_133' title='bbox 442 1973 514 2016; x_wconf 91' lang='lat' dir='ltr'>esse</span> <span class='ocrx_word' id='word_1_134' title='bbox 530 1962 681 2036; x_wconf 89' lang='lat' dir='ltr'>tempore</span> <span class='ocrx_word' id='word_1_135' title='bbox 697 1952 894 2017; x_wconf 88' lang='lat' dir='ltr'>A-ntichristi</span> <span class='ocrx_word' id='word_1_136' title='bbox 911 1953 983 2014; x_wconf 83' lang='lat' dir='ltr'>“ita</span> <span class='ocrx_word' id='word_1_137' title='bbox 998 1962 1032 2015; x_wconf 94' lang='lat' dir='ltr'>ut</span> <span class='ocrx_word' id='word_1_138' title='bbox 1055 1952 1086 2012; x_wconf 93' lang='lat' dir='ltr'>in</span> <span class='ocrx_word' id='word_1_139' title='bbox 1111 1972 1197 2013; x_wconf 91' lang='lat' dir='ltr'>erro-</span> 
     </span>
     <span class='ocr_line' id='line_1_18' title="bbox 123 2052 1196 2138; baseline 0 -23"><span class='ocrx_word' id='word_1_140' title='bbox 123 2064 173 2112; x_wconf 80' lang='lat' dir='ltr'>rem</span> <span class='ocrx_word' id='word_1_141' title='bbox 202 2055 401 2119; x_wconf 91' lang='lat' dir='ltr'>inducantur</span> <span class='ocrx_word' id='word_1_142' title='bbox 432 2058 470 2133; x_wconf 86' lang='lat' dir='ltr'>(si</span> <span class='ocrx_word' id='word_1_143' title='bbox 502 2055 570 2119; x_wconf 88' lang='lat' dir='ltr'>fieri</span> <span class='ocrx_word' id='word_1_144' title='bbox 608 2057 733 2138; x_wconf 90' lang='lat' dir='ltr'>potest)</span> <span class='ocrx_word' id='word_1_145' title='bbox 763 2057 863 2119; x_wconf 91' lang='lat' dir='ltr'>etiam</span> <span class='ocrx_word' id='word_1_146' title='bbox 900 2052 1051 2117; x_wconf 60' lang='lat' dir='ltr'>electi’u</span> <span class='ocrx_word' id='word_1_147' title='bbox 1107 2055 1196 2115; x_wconf 91' lang='lat' dir='ltr'>Hinc</span> 
     </span>
     <span class='ocr_line' id='line_1_19' title="bbox 124 2148 1197 2242; baseline -0.001 -24"><span class='ocrx_word' id='word_1_148' title='bbox 124 2148 147 2213; x_wconf 76' lang='lat' dir='ltr'>S.</span> <span class='ocrx_word' id='word_1_149' title='bbox 160 2157 364 2239; x_wconf 78' lang='lat' dir='ltr'>Augustinus</span> <span class='ocrx_word' id='word_1_150' title='bbox 379 2161 421 2222; x_wconf 93' lang='lat' dir='ltr'>de</span> <span class='ocrx_word' id='word_1_151' title='bbox 437 2160 527 2221; x_wconf 89' lang='lat' dir='ltr'>hisce</span> <span class='ocrx_word' id='word_1_152' title='bbox 548 2161 709 2242; x_wconf 83' lang='lat' dir='ltr'>prodigiis</span> <span class='ocrx_word' id='word_1_153' title='bbox 730 2159 869 2240; x_wconf 92' lang='lat' dir='ltr'>loquens</span> <span class='ocrx_word' id='word_1_154' title='bbox 893 2159 978 2220; x_wconf 85' lang='lat' dir='ltr'>ait5:</span> <span class='ocrx_word' id='word_1_155' title='bbox 1002 2157 1197 2219; x_wconf 86' lang='lat' dir='ltr'>“Addimus</span> 
     </span>
     <span class='ocr_line' id='line_1_20' title="bbox 120 2257 1197 2344; baseline 0.002 -25"><span class='ocrx_word' id='word_1_156' title='bbox 120 2263 143 2314; x_wconf 83' lang='lat' dir='ltr'>et</span> <span class='ocrx_word' id='word_1_157' title='bbox 155 2257 368 2338; x_wconf 90' lang='lat' dir='ltr'>humanarum</span> <span class='ocrx_word' id='word_1_158' title='bbox 385 2272 419 2325; x_wconf 91' lang='lat' dir='ltr'>et</span> <span class='ocrx_word' id='word_1_159' title='bbox 435 2264 648 2344; x_wconf 88' lang='lat' dir='ltr'>magicarum,</span> <span class='ocrx_word' id='word_1_160' title='bbox 661 2265 678 2325; x_wconf 93' lang='lat' dir='ltr'>i.</span> <span class='ocrx_word' id='word_1_161' title='bbox 691 2284 716 2325; x_wconf 88' lang='lat' dir='ltr'>e.</span> <span class='ocrx_word' id='word_1_162' title='bbox 734 2283 791 2344; x_wconf 92' lang='lat' dir='ltr'>per</span> <span class='ocrx_word' id='word_1_163' title='bbox 807 2262 959 2323; x_wconf 91' lang='lat' dir='ltr'>homines</span> <span class='ocrx_word' id='word_1_164' title='bbox 976 2262 1197 2323; x_wconf 84' lang='lat' dir='ltr'>daemoniaca-</span> 
     </span>
     <span class='ocr_line' id='line_1_21' title="bbox 119 2364 1198 2447; baseline 0.002 -24"><span class='ocrx_word' id='word_1_165' title='bbox 119 2373 173 2422; x_wconf 73' lang='lat' dir='ltr'>rum</span> <span class='ocrx_word' id='word_1_166' title='bbox 188 2367 319 2442; x_wconf 91' lang='lat' dir='ltr'>artium,</span> <span class='ocrx_word' id='word_1_167' title='bbox 335 2375 368 2428; x_wconf 94' lang='lat' dir='ltr'>et</span> <span class='ocrx_word' id='word_1_168' title='bbox 383 2367 528 2447; x_wconf 84' lang='lat' dir='ltr'>ipsorum</span> <span class='ocrx_word' id='word_1_169' title='bbox 546 2367 736 2429; x_wconf 87' lang='lat' dir='ltr'>daemonum</span> <span class='ocrx_word' id='word_1_170' title='bbox 754 2386 812 2446; x_wconf 89' lang='lat' dir='ltr'>per</span> <span class='ocrx_word' id='word_1_171' title='bbox 827 2386 862 2426; x_wconf 91' lang='lat' dir='ltr'>se</span> <span class='ocrx_word' id='word_1_172' title='bbox 878 2366 967 2446; x_wconf 91' lang='lat' dir='ltr'>ipsos</span> <span class='ocrx_word' id='word_1_173' title='bbox 984 2365 1089 2427; x_wconf 92' lang='lat' dir='ltr'>multa</span> <span class='ocrx_word' id='word_1_174' title='bbox 1101 2364 1198 2425; x_wconf 88' lang='lat' dir='ltr'>mira-</span> 
     </span>
     <span class='ocr_line' id='line_1_22' title="bbox 117 2463 1198 2551; baseline 0.006 -30"><span class='ocrx_word' id='word_1_175' title='bbox 117 2463 191 2530; x_wconf 82' lang='lat' dir='ltr'>cula.-</span> <span class='ocrx_word' id='word_1_176' title='bbox 218 2471 341 2548; x_wconf 86' lang='lat' dir='ltr'>quaesi</span> <span class='ocrx_word' id='word_1_177' title='bbox 366 2489 487 2551; x_wconf 87' lang='lat' dir='ltr'>negare</span> <span class='ocrx_word' id='word_1_178' title='bbox 510 2469 721 2545; x_wconf 89' lang='lat' dir='ltr'>voluerimus,</span> <span class='ocrx_word' id='word_1_179' title='bbox 737 2471 845 2541; x_wconf 85' lang='lat' dir='ltr'>eidem</span> <span class='ocrx_word' id='word_1_180' title='bbox 871 2469 942 2549; x_wconf 88' lang='lat' dir='ltr'>ipsi,</span> <span class='ocrx_word' id='word_1_181' title='bbox 958 2470 1009 2530; x_wconf 92' lang='lat' dir='ltr'>cui</span> <span class='ocrx_word' id='word_1_182' title='bbox 1033 2470 1198 2530; x_wconf 88' lang='lat' dir='ltr'>credimus</span> 
     </span>
     <span class='ocr_line' id='line_1_23' title="bbox 115 2571 1197 2651; baseline 0.006 -25"><span class='ocrx_word' id='word_1_183' title='bbox 115 2580 265 2634; x_wconf 83' lang='lat' dir='ltr'>sacrarum</span> <span class='ocrx_word' id='word_1_184' title='bbox 283 2572 465 2635; x_wconf 90' lang='lat' dir='ltr'>litterarum</span> <span class='ocrx_word' id='word_1_185' title='bbox 483 2573 731 2636; x_wconf 88' lang='lat' dir='ltr'>adversabimur</span> <span class='ocrx_word' id='word_1_186' title='bbox 746 2573 912 2635; x_wconf 87' lang='lat' dir='ltr'>veritati’&#39;.</span> <span class='ocrx_word' id='word_1_187' title='bbox 960 2571 1069 2634; x_wconf 87' lang='lat' dir='ltr'>Multa</span> <span class='ocrx_word' id='word_1_188' title='bbox 1085 2571 1197 2651; x_wconf 87' lang='lat' dir='ltr'>hujus-</span> 
     </span>
     <span class='ocr_line' id='line_1_24' title="bbox 115 2672 1198 2759; baseline 0.007 -29"><span class='ocrx_word' id='word_1_189' title='bbox 115 2675 189 2735; x_wconf 84' lang='lat' dir='ltr'>modi</span> <span class='ocrx_word' id='word_1_190' title='bbox 214 2672 303 2737; x_wconf 66' lang='lat' dir='ltr'>faeta</span> <span class='ocrx_word' id='word_1_191' title='bbox 326 2697 346 2738; x_wconf 88' lang='lat' dir='ltr'>a</span> <span class='ocrx_word' id='word_1_192' title='bbox 370 2676 586 2759; x_wconf 86' lang='lat' dir='ltr'>scriptoribus</span> <span class='ocrx_word' id='word_1_193' title='bbox 609 2677 840 2738; x_wconf 90' lang='lat' dir='ltr'>ecclesiasticis</span> <span class='ocrx_word' id='word_1_194' title='bbox 864 2684 1047 2749; x_wconf 86' lang='lat' dir='ltr'>narrantur,</span> <span class='ocrx_word' id='word_1_195' title='bbox 1064 2684 1097 2736; x_wconf 88' lang='lat' dir='ltr'>et</span> <span class='ocrx_word' id='word_1_196' title='bbox 1121 2677 1198 2738; x_wconf 90' lang='lat' dir='ltr'>licet</span> 
     </span>
     <span class='ocr_line' id='line_1_25' title="bbox 113 2777 1198 2860; baseline 0.004 -25"><span class='ocrx_word' id='word_1_197' title='bbox 113 2779 251 2850; x_wconf 85' lang='lat' dir='ltr'>quaedam</span> <span class='ocrx_word' id='word_1_198' title='bbox 270 2778 419 2843; x_wconf 87' lang='lat' dir='ltr'>fabulosa</span> <span class='ocrx_word' id='word_1_199' title='bbox 435 2781 509 2855; x_wconf 91' lang='lat' dir='ltr'>sint,</span> <span class='ocrx_word' id='word_1_200' title='bbox 527 2800 592 2842; x_wconf 91' lang='lat' dir='ltr'>non</span> <span class='ocrx_word' id='word_1_201' title='bbox 610 2800 716 2860; x_wconf 89' lang='lat' dir='ltr'>pauca</span> <span class='ocrx_word' id='word_1_202' title='bbox 732 2801 751 2842; x_wconf 91' lang='lat' dir='ltr'>a</span> <span class='ocrx_word' id='word_1_203' title='bbox 766 2781 843 2841; x_wconf 90' lang='lat' dir='ltr'>viris</span> <span class='ocrx_word' id='word_1_204' title='bbox 860 2777 1009 2841; x_wconf 65' lang='lat' dir='ltr'>doctrina</span> <span class='ocrx_word' id='word_1_205' title='bbox 1025 2787 1058 2839; x_wconf 91' lang='lat' dir='ltr'>et</span> <span class='ocrx_word' id='word_1_206' title='bbox 1074 2778 1198 2858; x_wconf 89' lang='lat' dir='ltr'>pietate</span> 
     </span>
     <span class='ocr_line' id='line_1_26' title="bbox 112 2880 1212 2965; baseline 0.001 -23"><span class='ocrx_word' id='word_1_207' title='bbox 112 2883 285 2963; x_wconf 74' lang='lat' dir='ltr'>conspicuis</span> <span class='ocrx_word' id='word_1_208' title='bbox 301 2883 493 2960; x_wconf 81' lang='lat' dir='ltr'>referuntur,</span> <span class='ocrx_word' id='word_1_209' title='bbox 509 2905 584 2965; x_wconf 87' lang='lat' dir='ltr'>quae</span> <span class='ocrx_word' id='word_1_210' title='bbox 600 2883 700 2946; x_wconf 88' lang='lat' dir='ltr'>fidem</span> <span class='ocrx_word' id='word_1_211' title='bbox 717 2884 779 2945; x_wconf 91' lang='lat' dir='ltr'>sibi</span> <span class='ocrx_word' id='word_1_212' title='bbox 796 2882 1034 2945; x_wconf 87' lang='lat' dir='ltr'>commendant</span> <span class='ocrx_word' id='word_1_213' title='bbox 1044 2880 1066 2944; x_wconf 83' lang='lat'>⁶.</span> <span class='ocrx_word' id='word_1_214' title='bbox 1114 2881 1212 2947; x_wconf 27' lang='lat' dir='ltr'>Haec,</span> 
     </span>
     <span class='ocr_line' id='line_1_27' title="bbox 111 2984 1196 3068; baseline 0.006 -28"><span class='ocrx_word' id='word_1_215' title='bbox 111 2987 211 3048; x_wconf 89' lang='lat' dir='ltr'>omnia</span> <span class='ocrx_word' id='word_1_216' title='bbox 226 2987 289 3049; x_wconf 94' lang='lat' dir='ltr'>sub</span> <span class='ocrx_word' id='word_1_217' title='bbox 304 2987 396 3068; x_wconf 85' lang='lat' dir='ltr'>gravi</span> <span class='ocrx_word' id='word_1_218' title='bbox 419 3008 490 3050; x_wconf 90' lang='lat' dir='ltr'>esse</span> <span class='ocrx_word' id='word_1_219' title='bbox 515 2987 628 3050; x_wconf 92' lang='lat' dir='ltr'>illicita</span> <span class='ocrx_word' id='word_1_220' title='bbox 651 2987 773 3048; x_wconf 88' lang='lat' dir='ltr'>docent</span> <span class='ocrx_word' id='word_1_221' title='bbox 797 2984 988 3048; x_wconf 85' lang='lat' dir='ltr'>Moralistae.</span> <span class='ocrx_word' id='word_1_222' title='bbox 1034 2984 1196 3047; x_wconf 89' lang='lat' dir='ltr'>Attamen</span> 
     </span>
     <span class='ocr_line' id='line_1_28' title="bbox 111 3087 1196 3171; baseline 0.005 -25"><span class='ocrx_word' id='word_1_223' title='bbox 111 3087 199 3152; x_wconf 88' lang='lat' dir='ltr'>nimia</span> <span class='ocrx_word' id='word_1_224' title='bbox 215 3090 393 3153; x_wconf 90' lang='lat' dir='ltr'>credulitas</span> <span class='ocrx_word' id='word_1_225' title='bbox 409 3090 547 3153; x_wconf 88' lang='lat' dir='ltr'>vitanda</span> <span class='ocrx_word' id='word_1_226' title='bbox 563 3101 622 3167; x_wconf 90' lang='lat' dir='ltr'>est,</span> <span class='ocrx_word' id='word_1_227' title='bbox 637 3101 671 3153; x_wconf 89' lang='lat' dir='ltr'>et</span> <span class='ocrx_word' id='word_1_228' title='bbox 694 3110 793 3171; x_wconf 93' lang='lat' dir='ltr'>quum</span> <span class='ocrx_word' id='word_1_229' title='bbox 818 3089 951 3152; x_wconf 87' lang='lat' dir='ltr'>difficile</span> <span class='ocrx_word' id='word_1_230' title='bbox 975 3090 1017 3151; x_wconf 91' lang='lat' dir='ltr'>sit</span> <span class='ocrx_word' id='word_1_231' title='bbox 1041 3088 1196 3152; x_wconf 66' lang='lat' dir='ltr'>eflectum</span> 
     </span>
     <span class='ocr_line' id='line_1_29' title="bbox 110 3191 1197 3273; baseline 0.005 -23"><span class='ocrx_word' id='word_1_232' title='bbox 110 3192 264 3271; x_wconf 81' lang='lat' dir='ltr'>magicum</span> <span class='ocrx_word' id='word_1_233' title='bbox 282 3212 301 3253; x_wconf 90' lang='lat' dir='ltr'>a</span> <span class='ocrx_word' id='word_1_234' title='bbox 317 3193 458 3255; x_wconf 89' lang='lat' dir='ltr'>naturali</span> <span class='ocrx_word' id='word_1_235' title='bbox 475 3213 652 3268; x_wconf 86' lang='lat' dir='ltr'>secernere,</span> <span class='ocrx_word' id='word_1_236' title='bbox 666 3193 697 3254; x_wconf 92' lang='lat' dir='ltr'>in</span> <span class='ocrx_word' id='word_1_237' title='bbox 715 3193 817 3255; x_wconf 91' lang='lat' dir='ltr'>dubio</span> <span class='ocrx_word' id='word_1_238' title='bbox 830 3191 953 3255; x_wconf 69' lang='lat' dir='ltr'>sadtum</span> <span class='ocrx_word' id='word_1_239' title='bbox 965 3192 1099 3273; x_wconf 91' lang='lat' dir='ltr'>aliquod</span> <span class='ocrx_word' id='word_1_240' title='bbox 1113 3205 1197 3255; x_wconf 89' lang='lat' dir='ltr'>tam-</span> 
     </span>
     <span class='ocr_line' id='line_1_30' title="bbox 109 3288 1197 3377; baseline 0.008 -28"><span class='ocrx_word' id='word_1_241' title='bbox 109 3288 756 3377; x_wconf 86' lang='lat' dir='ltr'>diuhabendumestnaturale,quamdiu</span> <span class='ocrx_word' id='word_1_242' title='bbox 768 3296 969 3358; x_wconf 88' lang='lat' dir='ltr'>contrarium</span> <span class='ocrx_word' id='word_1_243' title='bbox 981 3305 1197 3373; x_wconf 87' lang='lat' dir='ltr'>nonconstet,</span> 
     </span>
    </p>
   </div>
   <div class='ocr_carea' id='block_1_4' title="bbox 100 3490 1207 4263">
    <p class='ocr_par' dir='ltr' id='par_1_4' title="bbox 104 3490 1197 3733">
     <span class='ocr_line' id='line_1_31' title="bbox 133 3490 1197 3563; baseline 0.003 -20"><span class='ocrx_word' id='word_1_244' title='bbox 133 3490 140 3512; x_wconf 90' lang='lat'><em>¹</em></span> <span class='ocrx_word' id='word_1_245' title='bbox 153 3491 246 3544; x_wconf 90' lang='lat' dir='ltr'>Instit.</span> <span class='ocrx_word' id='word_1_246' title='bbox 258 3491 296 3544; x_wconf 88' lang='lat' dir='ltr'>th</span> <span class='ocrx_word' id='word_1_247' title='bbox 307 3491 400 3561; x_wconf 86' lang='lat' dir='ltr'>dogm.</span> <span class='ocrx_word' id='word_1_248' title='bbox 411 3492 428 3546; x_wconf 93' lang='lat' dir='ltr'>l.</span> <span class='ocrx_word' id='word_1_249' title='bbox 444 3494 466 3557; x_wconf 94' lang='lat' dir='ltr'>I,</span> <span class='ocrx_word' id='word_1_250' title='bbox 478 3490 491 3562; x_wconf 66' lang='grc' dir='ltr'>ξ</span> <span class='ocrx_word' id='word_1_251' title='bbox 508 3506 550 3559; x_wconf 90' lang='lat'>77,</span> <span class='ocrx_word' id='word_1_252' title='bbox 563 3504 620 3548; x_wconf 92' lang='lat' dir='ltr'>not.</span> <span class='ocrx_word' id='word_1_253' title='bbox 632 3508 657 3559; x_wconf 89' lang='grc'>4,</span> <span class='ocrx_word' id='word_1_254' title='bbox 671 3494 718 3546; x_wconf 92' lang='lat' dir='ltr'>ubi</span> <span class='ocrx_word' id='word_1_255' title='bbox 732 3494 800 3548; x_wconf 93' lang='lat' dir='ltr'>dicit</span> <span class='ocrx_word' id='word_1_256' title='bbox 813 3513 818 3548; x_wconf 93' lang='lat'>:</span> <span class='ocrx_word' id='word_1_257' title='bbox 841 3497 859 3520; x_wconf 90' lang='lat'>“</span> <span class='ocrx_word' id='word_1_258' title='bbox 868 3494 1045 3547; x_wconf 88' lang='lat' dir='ltr'>Arbitramur</span> <span class='ocrx_word' id='word_1_259' title='bbox 1058 3511 1197 3563; x_wconf 87' lang='lat' dir='ltr'>quaecum-</span> 
     </span>
     <span class='ocr_line' id='line_1_32' title="bbox 105 3579 1197 3648; baseline 0.005 -18"><span class='ocrx_word' id='word_1_260' title='bbox 105 3591 148 3644; x_wconf 90' lang='lat' dir='ltr'>que</span> <span class='ocrx_word' id='word_1_261' title='bbox 161 3579 198 3633; x_wconf 90' lang='lat' dir='ltr'>de</span> <span class='ocrx_word' id='word_1_262' title='bbox 212 3595 246 3632; x_wconf 88' lang='lat' dir='ltr'>eo</span> <span class='ocrx_word' id='word_1_263' title='bbox 260 3595 352 3633; x_wconf 87' lang='lat' dir='ltr'>rerum</span> <span class='ocrx_word' id='word_1_264' title='bbox 364 3597 468 3648; x_wconf 85' lang='lat' dir='ltr'>genere</span> <span class='ocrx_word' id='word_1_265' title='bbox 481 3581 669 3648; x_wconf 84' lang='lat' dir='ltr'>venditantur,</span> <span class='ocrx_word' id='word_1_266' title='bbox 683 3599 746 3636; x_wconf 89' lang='lat' dir='ltr'>esse</span> <span class='ocrx_word' id='word_1_267' title='bbox 760 3583 952 3636; x_wconf 90' lang='lat' dir='ltr'>commentitia</span> <span class='ocrx_word' id='word_1_268' title='bbox 966 3593 1012 3636; x_wconf 91' lang='lat' dir='ltr'>aut</span> <span class='ocrx_word' id='word_1_269' title='bbox 1027 3584 1136 3636; x_wconf 89' lang='lat' dir='ltr'>somnia</span> <span class='ocrx_word' id='word_1_270' title='bbox 1150 3584 1197 3635; x_wconf 89' lang='lat' dir='ltr'>de-</span> 
     </span>
     <span class='ocr_line' id='line_1_33' title="bbox 104 3661 405 3733; baseline 0.023 -20"><span class='ocrx_word' id='word_1_271' title='bbox 104 3661 203 3719; x_wconf 87' lang='lat' dir='ltr'>lirantis</span> <span class='ocrx_word' id='word_1_272' title='bbox 218 3665 375 3733; x_wconf 72' lang='lat' dir='ltr'>phantasiae</span> <span class='ocrx_word' id='word_1_273' title='bbox 384 3667 405 3720; x_wconf 87' lang='lat'>&#39;’.</span> 
     </span>
    </p>

    <p class='ocr_par' dir='ltr' id='par_1_5' title="bbox 130 3754 1053 3824">
     <span class='ocr_line' id='line_1_34' title="bbox 130 3754 1053 3824; baseline 0.003 -18"><span class='ocrx_word' id='word_1_274' title='bbox 130 3754 897 3824; x_wconf 74' lang='lat' dir='ltr'>²Exod.V111,11.-³Au.V111,9‚11;X111,8;</span> <span class='ocrx_word' id='word_1_275' title='bbox 919 3758 997 3823; x_wconf 87' lang='lat' dir='ltr'>XVl,</span> <span class='ocrx_word' id='word_1_276' title='bbox 1016 3759 1053 3810; x_wconf 86' lang='lat'>16.</span> 
     </span>
    </p>

    <p class='ocr_par' dir='ltr' id='par_1_6' title="bbox 129 3842 1194 3915">
     <span class='ocr_line' id='line_1_35' title="bbox 129 3842 1194 3915; baseline 0.003 -21"><span class='ocrx_word' id='word_1_277' title='bbox 129 3843 239 3895; x_wconf 86' lang='lat' dir='ltr'>⁴Mau.</span> <span class='ocrx_word' id='word_1_278' title='bbox 257 3842 364 3910; x_wconf 90' lang='lat' dir='ltr'>XXIV,</span> <span class='ocrx_word' id='word_1_279' title='bbox 379 3858 423 3910; x_wconf 87' lang='lat'>24;</span> <span class='ocrx_word' id='word_1_280' title='bbox 442 3845 480 3896; x_wconf 89' lang='lat' dir='ltr'>II</span> <span class='ocrx_word' id='word_1_281' title='bbox 492 3845 519 3896; x_wconf 89' lang='grc' dir='ltr'><em>Τ</em></span> <span class='ocrx_word' id='word_1_282' title='bbox 515 3845 583 3896; x_wconf 73' lang='lat' dir='ltr'>hest.</span> <span class='ocrx_word' id='word_1_283' title='bbox 601 3846 639 3915; x_wconf 87' lang='lat'>11,</span> <span class='ocrx_word' id='word_1_284' title='bbox 653 3860 678 3910; x_wconf 87' lang='lat'>9.</span> <span class='ocrx_word' id='word_1_285' title='bbox 694 3847 751 3882; x_wconf 76' lang='lat'>--5</span> <span class='ocrx_word' id='word_1_286' title='bbox 767 3847 810 3898; x_wconf 88' lang='lat' dir='ltr'>De</span> <span class='ocrx_word' id='word_1_287' title='bbox 826 3846 906 3898; x_wconf 87' lang='lat' dir='ltr'>Civit.</span> <span class='ocrx_word' id='word_1_288' title='bbox 923 3846 987 3912; x_wconf 91' lang='lat' dir='ltr'>Dei,</span> <span class='ocrx_word' id='word_1_289' title='bbox 1004 3846 1019 3897; x_wconf 93' lang='lat' dir='ltr'>l.</span> <span class='ocrx_word' id='word_1_290' title='bbox 1035 3846 1115 3912; x_wconf 88' lang='lat' dir='ltr'>XXI,</span> <span class='ocrx_word' id='word_1_291' title='bbox 1130 3862 1153 3898; x_wconf 85' lang='lat' dir='ltr'>c.</span> <span class='ocrx_word' id='word_1_292' title='bbox 1170 3845 1194 3897; x_wconf 90' lang='lat'>6.</span> 
     </span>
    </p>

    <p class='ocr_par' dir='ltr' id='par_1_7' title="bbox 100 3925 1207 4263">
     <span class='ocr_line' id='line_1_36' title="bbox 129 3925 1198 4000; baseline 0.002 -19"><span class='ocrx_word' id='word_1_293' title='bbox 129 3925 138 3956; x_wconf 83' lang='lat'><strong><em>⁶</em></strong></span> <span class='ocrx_word' id='word_1_294' title='bbox 151 3928 251 3982; x_wconf 86' lang='lat' dir='ltr'>Nostri</span> <span class='ocrx_word' id='word_1_295' title='bbox 265 3944 320 3982; x_wconf 92' lang='lat' dir='ltr'>non</span> <span class='ocrx_word' id='word_1_296' title='bbox 331 3939 374 3983; x_wconf 91' lang='lat' dir='ltr'>est</span> <span class='ocrx_word' id='word_1_297' title='bbox 384 3930 518 3999; x_wconf 90' lang='lat' dir='ltr'>propositi</span> <span class='ocrx_word' id='word_1_298' title='bbox 529 3929 604 3984; x_wconf 63' lang='lat' dir='ltr'>faeta</span> <span class='ocrx_word' id='word_1_299' title='bbox 614 3931 771 3999; x_wconf 87' lang='lat' dir='ltr'>hujusmodi</span> <span class='ocrx_word' id='word_1_300' title='bbox 783 3932 929 3999; x_wconf 90' lang='lat' dir='ltr'>discutere,</span> <span class='ocrx_word' id='word_1_301' title='bbox 942 3931 1089 4000; x_wconf 85' lang='lat' dir='ltr'>variasque</span> <span class='ocrx_word' id='word_1_302' title='bbox 1098 3931 1198 3998; x_wconf 85' lang='lat' dir='ltr'>magiae</span> 
     </span>
     <span class='ocr_line' id='line_1_37' title="bbox 100 4014 1197 4087; baseline 0.002 -19"><span class='ocrx_word' id='word_1_303' title='bbox 100 4014 199 4070; x_wconf 81' lang='lat' dir='ltr'>formas</span> <span class='ocrx_word' id='word_1_304' title='bbox 212 4032 364 4086; x_wconf 86' lang='lat' dir='ltr'>exponere;</span> <span class='ocrx_word' id='word_1_305' title='bbox 383 4017 437 4071; x_wconf 73' lang='lat' dir='ltr'>hac</span> <span class='ocrx_word' id='word_1_306' title='bbox 450 4017 486 4071; x_wconf 91' lang='lat' dir='ltr'>de</span> <span class='ocrx_word' id='word_1_307' title='bbox 500 4035 528 4070; x_wconf 91' lang='lat' dir='ltr'>re</span> <span class='ocrx_word' id='word_1_308' title='bbox 542 4019 604 4086; x_wconf 87' lang='lat' dir='ltr'>lege</span> <span class='ocrx_word' id='word_1_309' title='bbox 620 4019 728 4084; x_wconf 75' lang='lat' dir='ltr'>Girrei,</span> <span class='ocrx_word' id='word_1_310' title='bbox 740 4019 785 4072; x_wconf 91' lang='lat' dir='ltr'>die</span> <span class='ocrx_word' id='word_1_311' title='bbox 801 4019 968 4074; x_wconf 73' lang='lat' dir='ltr'>christliche</span> <span class='ocrx_word' id='word_1_312' title='bbox 979 4020 1093 4087; x_wconf 86' lang='lat' dir='ltr'>Mystik,</span> <span class='ocrx_word' id='word_1_313' title='bbox 1105 4020 1158 4072; x_wconf 92' lang='lat' dir='ltr'>vol.</span> <span class='ocrx_word' id='word_1_314' title='bbox 1169 4035 1197 4085; x_wconf 85' lang='lat'>4;</span> 
     </span>
     <span class='ocr_line' id='line_1_38' title="bbox 100 4102 1196 4173; baseline 0.004 -19"><span class='ocrx_word' id='word_1_315' title='bbox 100 4102 181 4170; x_wconf 84' lang='lat' dir='ltr'>Ribel,</span> <span class='ocrx_word' id='word_1_316' title='bbox 203 4102 220 4156; x_wconf 90' lang='lat' dir='ltr'>l.</span> <span class='ocrx_word' id='word_1_317' title='bbox 244 4102 300 4168; x_wconf 89' lang='lat' dir='ltr'>cit.;</span> <span class='ocrx_word' id='word_1_318' title='bbox 325 4103 359 4157; x_wconf 78' lang='lat' dir='ltr'>de</span> <span class='ocrx_word' id='word_1_319' title='bbox 382 4104 523 4169; x_wconf 81' lang='lat' dir='ltr'>Mirvt&#39;lle‚</span> <span class='ocrx_word' id='word_1_320' title='bbox 545 4107 604 4158; x_wconf 92' lang='lat' dir='ltr'>Des</span> <span class='ocrx_word' id='word_1_321' title='bbox 628 4104 738 4173; x_wconf 90' lang='lat' dir='ltr'>Esprits</span> <span class='ocrx_word' id='word_1_322' title='bbox 758 4116 786 4159; x_wconf 91' lang='lat' dir='ltr'>et</span> <span class='ocrx_word' id='word_1_323' title='bbox 812 4106 847 4160; x_wconf 90' lang='lat' dir='ltr'>de</span> <span class='ocrx_word' id='word_1_324' title='bbox 867 4107 940 4160; x_wconf 91' lang='lat' dir='ltr'>leurs</span> <span class='ocrx_word' id='word_1_325' title='bbox 960 4105 1196 4171; x_wconf 85' lang='lat' dir='ltr'>manifestations;</span> 
     </span>
     <span class='ocr_line' id='line_1_39' title="bbox 100 4189 1207 4263; baseline 0.004 -21"><span class='ocrx_word' id='word_1_326' title='bbox 100 4189 249 4256; x_wconf 73' lang='lat' dir='ltr'>Bizouard,</span> <span class='ocrx_word' id='word_1_327' title='bbox 264 4191 323 4246; x_wconf 88' lang='lat' dir='ltr'>Des</span> <span class='ocrx_word' id='word_1_328' title='bbox 336 4201 466 4260; x_wconf 87' lang='lat' dir='ltr'>rapports</span> <span class='ocrx_word' id='word_1_329' title='bbox 479 4192 515 4245; x_wconf 90' lang='lat' dir='ltr'>de</span> <span class='ocrx_word' id='word_1_330' title='bbox 528 4192 658 4246; x_wconf 91' lang='lat' dir='ltr'>l&#39;homme</span> <span class='ocrx_word' id='word_1_331' title='bbox 671 4208 739 4246; x_wconf 88' lang='lat' dir='ltr'>avec</span> <span class='ocrx_word' id='word_1_332' title='bbox 753 4193 778 4246; x_wconf 93' lang='lat' dir='ltr'>le</span> <span class='ocrx_word' id='word_1_333' title='bbox 792 4189 905 4263; x_wconf 78' lang='lat' dir='ltr'>demon,</span> <span class='ocrx_word' id='word_1_334' title='bbox 918 4194 935 4248; x_wconf 82' lang='lat'>6</span> <span class='ocrx_word' id='word_1_335' title='bbox 948 4195 1004 4250; x_wconf 86' lang='lat' dir='ltr'>vol.</span> <span class='ocrx_word' id='word_1_336' title='bbox 1019 4193 1099 4258; x_wconf 64' lang='lat' dir='ltr'>&#39;ln-V,</span> <span class='ocrx_word' id='word_1_337' title='bbox 1112 4193 1207 4260; x_wconf 70' lang='lat' dir='ltr'>Varis,</span> 
     </span>
    </p>
   </div>
   <div class='ocr_carea' id='block_1_5' title="bbox 100 4277 1111 4358">
    <p class='ocr_par' dir='ltr' id='par_1_8' title="bbox 100 4277 1111 4358">
     <span class='ocr_line' id='line_1_40' title="bbox 100 4277 1111 4358; baseline 0.007 -27"><span class='ocrx_word' id='word_1_338' title='bbox 100 4277 223 4348; x_wconf 77' lang='lat'>1863-64;</span> <span class='ocrx_word' id='word_1_339' title='bbox 240 4279 365 4345; x_wconf 63' lang='lat' dir='ltr'>Purattu</span> <span class='ocrx_word' id='word_1_340' title='bbox 384 4280 421 4332; x_wconf 88' lang='lat' dir='ltr'>de</span> <span class='ocrx_word' id='word_1_341' title='bbox 436 4280 542 4345; x_wconf 85' lang='lat' dir='ltr'>Virtute</span> <span class='ocrx_word' id='word_1_342' title='bbox 556 4282 724 4354; x_wconf 85' lang='lat' dir='ltr'>Religionis,</span> <span class='ocrx_word' id='word_1_343' title='bbox 738 4303 766 4358; x_wconf 90' lang='lat' dir='ltr'>p.</span> <span class='ocrx_word' id='word_1_344' title='bbox 788 4304 829 4356; x_wconf 90' lang='lat'>11,</span> <span class='ocrx_word' id='word_1_345' title='bbox 843 4303 868 4344; x_wconf 87' lang='lat' dir='ltr'>s.</span> <span class='ocrx_word' id='word_1_346' title='bbox 887 4304 913 4358; x_wconf 83' lang='lat'>1,</span> <span class='ocrx_word' id='word_1_347' title='bbox 931 4304 955 4342; x_wconf 90' lang='lat' dir='ltr'>c.</span> <span class='ocrx_word' id='word_1_348' title='bbox 970 4304 987 4341; x_wconf 90' lang='lat'>2</span> <span class='ocrx_word' id='word_1_349' title='bbox 1001 4296 1032 4341; x_wconf 78' lang='lat' dir='ltr'>et</span> <span class='ocrx_word' id='word_1_350' title='bbox 1043 4302 1069 4339; x_wconf 85' lang='lat' dir='ltr'>s.</span> <span class='ocrx_word' id='word_1_351' title='bbox 1083 4302 1111 4339; x_wconf 83' lang='lat'>2.</span> 
     </span>
    </p>
   </div>
   <div class='ocr_carea' id='block_1_6' title="bbox 0 0 1346 4634">
    <p class='ocr_par' dir='ltr' id='par_1_9' title="bbox 0 0 1346 4634">
     <span class='ocr_line' id='line_1_41' title="bbox 0 0 1346 4634; baseline 0 2"><span class='ocrx_word' id='word_1_352' title='bbox 0 0 1346 4634; x_wconf 95' lang='lat' dir='ltr'> </span> 
     </span>
    </p>
   </div>
  </div>
 </body>
</html>
