2684 4634
200 179 267 231 526
643 178 782 228 unPUT
798 178 858 227 111.

201 359 368 424 Christum
395 359 504 422 referri
528 371 618 422 certo
641 369 772 422 constat
796 379 841 420 ex
865 357 978 420 multis
994 356 1041 420 N.
1064 357 1103 420 T.
1123 358 1213 432 locis,
1227 379 1252 420 v.
1264 378 1288 439 g.

201 464 314 544 “quod
335 465 494 545 scriptum
511 473 561 526 est
578 472 710 544 oportet
726 461 855 543 impleri
873 463 905 523 in
923 482 998 524 me:
1035 471 1070 523 et
1088 483 1169 525 cum
1187 463 1292 543 iniquis

200 566 380 647 deputatus
397 576 448 629 est
460 567 494 610 ”¹
504 589 511 643 ;
535 588 579 629 ex
597 567 742 647 antiquis
758 564 920 627 Rabbinis
935 588 947 628 :
970 564 1019 626 sic
1036 564 1219 627 Midrasclz
1233 575 1292 627 tan-

200 667 315 729 chuma
331 668 398 748 (iol.
412 669 466 749 53)
482 669 524 731 de
540 689 636 731 servo
649 669 786 732 Domini
803 668 923 730 habet:
946 672 962 700 “
978 666 1047 729 Hic
1063 678 1121 731 est
1139 689 1200 738 rex
1218 669 1294 730 Mes·

201 771 274 844 sias,
287 772 343 850 qui
353 765 514 846 excelsus,
525 772 694 835 exaltatus
707 781 741 834 et
752 772 850 834 valde
862 770 1013 833 sublimis
1027 780 1091 847 est,
1107 771 1295 835 Abrahamo
1333 778 1335 841 Ξ

201 874 369 948 excelsior,
382 875 477 936 Mose
487 873 674 950 exaltatior,
686 874 827 955 Angelis
840 873 1060 951 servientibus
1073 875 1295 951 sublimior”²;

201 996 244 1037 ex
268 976 437 1054 Patribus,
459 979 515 1058 qui
539 998 595 1039 ore
618 979 766 1040 unanimi
789 977 852 1039 hoc
878 975 1073 1038 vaticinium
1100 979 1148 1040 de
1173 978 1295 1042 Christo

201 1091 409 1161 exponunt33
432 1083 568 1144 tandem
585 1102 629 1143 ex
645 1092 707 1144 toto
722 1092 866 1143 contextu
883 1104 895 1144 .·
920 1100 997 1142 nam
1015 1079 1072 1142 ille
1089 1083 1137 1144 de
1154 1103 1222 1163 quo
1236 1084 1294 1164 agi·

201 1193 262 1258 tur,
274 1194 310 1246 ut
327 1184 440 1247 humili
457 1185 531 1248 loco
546 1195 637 1249 ortus
653 1186 850 1248 describitur
865 1183 924 1263 (2),
933 1182 1032 1244 variis
1048 1185 1253 1248 cruciatibus
1266 1195 1294 1249 et

201 1287 385 1367 opprobriis
402 1285 540 1350 affectus
556 1288 614 1370 (3),
624 1309 643 1349 a
654 1288 728 1350 Deo
739 1307 912 1368 percussus
928 1305 993 1346 non
1010 1285 1057 1347 ob
1072 1289 1214 1378 propria
1229 1309 1293 1370 pec·

201 1397 284 1463 cata,
299 1391 356 1452 sed
373 1390 418 1451 ob
433 1399 570 1471 peccata
586 1390 724 1452 aliorum
741 1400 778 1453 ut
793 1391 840 1452 eis
857 1409 973 1471 pacem
991 1409 1068 1452 cum
1088 1390 1170 1453 Deo
1186 1413 1292 1473 procu·

201 1500 287 1553 raret
302 1488 408 1575 (4-6);
435 1504 554 1574 sponte
570 1513 609 1554 ac
625 1492 726 1555 libere
741 1492 814 1554 haec
823 1491 1000 1573 opprobria
1016 1491 1201 1574 ipsamque
1217 1513 1290 1557 mor-

201 1602 268 1656 tem
291 1595 401 1671 subiit,
416 1605 458 1671 et,
475 1596 551 1658 licet
572 1617 648 1658 cum
670 1595 837 1658 sceleratis
862 1604 969 1657 morte
991 1593 1146 1669 affectus,
1163 1598 1288 1661 divitum

202 1697 369 1777 sepultura
379 1698 523 1762 donatus
539 1708 599 1774 est,
609 1700 749 1780 eoquod
761 1699 971 1780 iniquitatem
984 1717 1053 1759 non
1066 1697 1187 1763 fecerit
1204 1702 1289 1782 (79),

202 1811 276 1881 post
292 1811 432 1864 mortem
448 1802 609 1883 spirituali
626 1803 819 1883 posteritate
835 1797 951 1863 auctus
967 1809 1026 1874 est,
1041 1799 1171 1863 multos
1184 1801 1287 1883 justifi-

201 1912 254 1965 cat
269 1913 303 1966 et
318 1905 434 1980 salvat,
450 1906 606 1987 ipsosque
632 1913 786 1986 potentes
802 1902 864 1964 sibi
880 1901 1032 1963 subditos
1049 1901 1147 1966 videt
1164 1903 1287 1986 (ro-12).

203 2007 304 2068 Porro
320 2006 390 2069 haec
406 2009 519 2070 omnia
537 2008 670 2071 Christo
693 2007 843 2089 apprime
863 2004 1074 2078 conveniunt,
1093 2015 1133 2068 ut
1160 2027 1204 2069 ex
1228 2007 1287 2089 ejus

201 2108 335 2170 historin
360 2120 500 2187 constat,
517 2111 563 2172 ita
589 2120 625 2173 ut
649 2109 702 2172 hic
727 2110 819 2171 locus
843 2129 862 2169 a
889 2107 1001 2171 multis
1023 2109 1148 2171 merito
1172 2112 1289 2174 dicatur

197 2211 304 2289 passio
320 2213 361 2275 D.
384 2214 427 2276 N.
437 2214 471 2296 J.
488 2214 532 2276 X.
549 2213 721 2275 secundum
737 2211 883 2284 isaiam·
916 2210 1037 2273 frustra
1062 2211 1168 2292 igitur
1184 2215 1288 2278 Ratio-

202 2313 332 2376 nalistae
363 2335 439 2378 eum
479 2316 688 2398 interpretari
715 2325 877 2378 conantur
914 2316 956 2376 de
994 2313 1109 2395 aliquo
1142 2318 1198 2398 pio
1228 2320 1288 2380 viro

202 2417 240 2478 V.
257 2416 356 2493 Test,
371 2419 422 2481 vel
439 2421 481 2481 de
497 2420 622 2501 populo
636 2418 779 2500 judaicu,
795 2427 853 2480 aut
876 2418 918 2479 de
943 2415 1078 2479 meliore
1100 2418 1175 2498 ejus
1198 2432 1289 2502 parte,

202 2529 259 2582 aut
275 2518 316 2580 de
333 2521 568 2603 prophetarum
586 2519 780 2584 collectione
799 2543 806 2584 :
833 2520 914 2582 nulli
931 2521 1000 2582 sive
1016 2519 1202 2599 individuo,
1218 2545 1288 2606 prae·

202 2632 251 2683 ter
267 2622 444 2698 Christum,
460 2627 528 2686 sive
552 2625 692 2705 collegio
717 2644 833 2684 omnes
855 2623 927 2684 istae
947 2632 1036 2684 notae
1057 2624 1159 2687 simul
1180 2646 1287 2688 conve·

203 2727 306 2802 niunt,
331 2749 433 2808 quum
458 2750 574 2790 omnes
607 2729 681 2809 plus
705 2728 855 2789 minusve
882 2725 1099 2806 peccaverim,
1126 2749 1189 2790 nec
1214 2729 1289 2792 ullus

203 2849 261 2908 pro
284 2835 355 2892 tota
370 2843 469 2911 gente
485 2853 601 2913 passus
617 2831 723 2906 fuerit,
739 2829 957 2909 concivesque
972 2848 1049 2890 suos
1066 2832 1225 2910 passione
1239 2834 1290 2894 sut

203 2930 395 2994 liberaverit.

246 3031 375 3112 Quibus
387 3038 503 3116 positis
518 3037 564 3097 sic
576 3036 745 3115 arguimus
758 3057 764 3095 :
789 3033 849 3094 llle
861 3053 921 3114 pro
934 3033 1029 3119 nobis
1041 3055 1116 3098 vere
1130 3029 1291 3111 satisfecit,
1333 3020 1335 3043 ²

203 3143 236 3196 et
252 3155 317 3196 non
330 3136 436 3198 solum
450 3159 507 3218 per
523 3139 726 3219 exemplum,
737 3137 793 3217 qui
811 3145 947 3217 peccata
963 3147 1077 3204 nostra
1089 3139 1123 3200 in
1142 3161 1179 3203 se
1194 3161 1291 3204 susce-

203 3236 260 3314 pit,
272 3240 389 3301 eadem
402 3261 459 3322 per
469 3243 619 3323 proprios
636 3242 766 3304 dolores
783 3241 941 3321 expiavit,
951 3250 984 3303 et
1001 3240 1169 3321 perillam
1187 3245 1291 3325 expia-

203 3339 327 3401 tionem
350 3343 443 3403 nobis
458 3345 610 3424 gratiam·
625 3344 784 3423 restituit;
819 3343 911 3424 atqui
928 3343 998 3404 haec
1014 3344 1078 3420 tria
1093 3344 1292 3408 affirmantur

203 3443 244 3503 de
268 3442 401 3506 Christo
424 3447 456 3506 in
481 3445 619 3526 praefato
643 3447 751 3526 capite
776 3467 783 3509 :
822 3446 869 3526 (a)
900 3447 1039 3507 Peccata
1066 3457 1185 3511 nostra
1209 3451 1240 3511 in
1262 3468 1291 3509 se

203 3638 335 3706 scriptam
348 3639 434 3693 fuisse
447 3651 572 3709 tempore
580 3640 653 3692 exilii
668 3640 827 3708 babylonici
838 3641 898 3709 jam
911 3642 948 3694 ad
962 3642 1047 3695 finem
1061 3645 1207 3711 vergentis
1215 3665 1222 3710 ;
1248 3643 1291 3696 sed

202 3724 312 3778 etiamsi
325 3726 378 3779 hoc
392 3727 592 3792 admitteretur,
603 3725 644 3779 vis
658 3726 813 3795 argumenti
832 3727 934 3781 exinde
946 3744 1003 3780 non
1015 3727 1199 3797 minueretur,
1216 3745 1291 3802 quum

203 3812 287 3865 etiam
301 3811 329 3863 in
342 3814 395 3866 hac
408 3813 555 3882 hypothesi
569 3813 716 3880 prophetia
729 3825 860 3867 eventum
874 3816 958 3884 longe
971 3815 1157 3885 praecesserit

237 3901 322 3954 lLuc.
333 3902 430 3966 XXII,
444 3915 489 3970 37;
518 3903 550 3955 cf.
566 3903 657 3953 Μανε.
673 3901 736 3966 XV,
752 3901 795 3967 183
820 3900 888 3968 Joa.
904 3902 973 3969 XII,
987 3901 1080 3969 37·38;
1108 3903 1199 3957 Mart.
1215 3902 1288 3967 VIII,

205 4003 247 4056 ¹73
266 3990 331 4056 XX,
345 3991 389 4056 283
408 3990 470 4043 Art.
484 3992 569 4055 VIII,
584 3991 674 4058 28-353
693 3989 798 4041 [Patr.
812 4000 900 4058 22-25.

236 4075 318 4128 2ΑΙίει
330 4075 491 4129 testimonia
505 4077 565 4143 lege
576 4093 620 4142 ap.
637 4076 731 4140 Mnus,
746 4091 795 4148 op,
807 4074 866 4140 cit,
880 4092 905 4143 p.
921 4086 1048 4144 234·237.

236 4165 331 4216 ³Loca
354 4165 469 4218 Patrum
489 4173 616 4217 recenset
640 4163 746 4230 Kilber,
772 4161 906 4228 Analysis
934 4159 1046 4226 biblica,
1067 4173 1100 4218 22
1121 4161 1177 4230 ed,
1201 4161 1251 4215 vol.
1272 4159 1290 4225 l,

203 4268 228 4320 r·
242 4250 293 4322 383
306 4267 346 4322 sn·
425 4344 429 4349 Ι
