2684 4634
517 186 573 237 DE
591 186 776 238 HOMINE.
1128 192 1197 242 ³47

100 359 164 429 haec
180 371 298 430 notare
312 365 474 431 sufficiat:
496 368 580 431 visio
596 367 747 431 beatifica
759 369 909 430 esteleue
921 379 951 432 et
963 370 1118 434 r'rrtuilr'va
1133 373 1199 434 Dei

103 470 230 550 cognitio
237 482 340 552 prout
354 473 389 534 in
404 493 437 534 se
450 482 498 534 est
506 493 520 544 ,·
543 471 614 534 haec
634 482 684 534 est
703 473 828 535 donum
845 475 982 536 omnino
999 486 1198 557 supernatu-

107 573 266 655 rale,'quia
282 575 363 637 nulli
379 585 537 637 creaturae
553 575 701 637 debetur.

142 677 256 740 Gratia
272 680 304 740 in
320 699 440 761 genere
455 688 505 741 est
520 679 645 740 donum
662 679 920 759 supernaturale,
933 690 1091 757 creaturae
1104 681 1197 745 intel·

110 775 228 841 letluali
251 802 270 842 a
291 782 365 843 Deo
385 801 579 844 concessum
602 782 635 843 r'rr
652 781 762 843 ordine
783 782 835 843 ad.
848 783 952 845 vilem
973 794 1125 846 eternam
1144 807 1198 848 sere

110 881 148 942 ad
152 883 302 963 gloriam.
348 885 463 948 Gratia
482 884 668 959 habitualis
684 905 739 947 seu
762 894 869 947 status
889 887 1014 965 gratiae,
1029 896 1079 948 est
1095 888 1198 967 quali-

110 990 152 1044 tas
167 987 432 1067 supernaturalis,
449 997 681 1068 permanenter
704 996 737 1049 et
763 988 939 1050 intrinsece
960 990 1078 1050 animae
1098 989 1198 1051 inhae-

111 1104 181 1163 rens,
196 1109 255 1170 per
272 1110 371 1170 quam
388 1090 552 1152 efficimur
571 1091 693 1152 divine
707 1089 882 1170 participes
901 1101 1032 1154 natrrrce.
1081 1090 1197 1154 Gratia

112 1187 236 1252 auualis
259 1201 310 1254 est
330 1192 492 1266 auxilium
515 1195 685 1273 quoddam
707 1193 954 1274 supernaturale
977 1204 1010 1256 et
1030 1196 1198 1268 transiens

113 1307 168 1369 quo
187 1294 280 1356 Deus
301 1294 466 1357 illuminat
488 1293 693 1357 intellefitum
717 1304 750 1357 et
769 1295 976 1358 voluntatem
999 1297 1136 1377 adjuvat
1156 1298 1197 1359 ad

114 1392 278 1460 eliciendos
292 1399 384 1460 allus
396 1399 664 1479 supernaturales.
710 1397 773 1478 (cf.
796 1399 826 1460 T
824 1421 848 1460 r.
864 1399 902 1459 de
920 1398 1060 1481 Gratr'd).

138 1528 207 1614 146.
254 1529 313 1614 (C)
330 1533 423 1597 Ordo
438 1535 696 1614 supernaturalis
717 1536 763 1595 sic
782 1535 993 1597 constituitur
1014 1556 1073 1615 pro
1093 1535 1198 1597 homi·

115 1649 168 1695 ne:
188 1634 238 1715 (a)
254 1633 329 1697 finis
345 1646 394 1699 est
411 1636 558 1716 cognitio
575 1637 648 1711 Dei,
665 1657 730 1697 non
752 1634 944 1718 imperfe&o
960 1646 994 1699 et
1009 1637 1198 1715 discursiv0,

114 1739 160 1798 sed
184 1736 331 1818 perfecto
357 1749 390 1802 et
414 1740 567 1802 intuitivo
595 1741 704 1813 mod0,
729 1740 811 1801 facie
835 1741 876 1805 ad
901 1739 1030 1816 faciem,
1051 1749 1084 1801 et
1107 1762 1200 1802 amor

115 1833 166 1900 Dei
194 1840 343 1920 ejusdem
376 1843 514 1922 generis,
545 1843 622 1922 quia
653 1862 746 1917 amor
775 1843 924 1922 sequitur
954 1843 1200 1923 cognitionem

112 1938 152 2020 (b)
167 1963 268 2025 agens
284 1953 335 2026 est
352 1952 469 2006 natura
484 1944 631 2006 humana
654 1945 695 2006 ad
720 1944 870 2006 altiorem
887 1944 1045 2025 operandi
1063 1946 1198 2007 modum

110 2042 227 2106 elevata
243 2065 302 2126 per
317 2046 458 2127 gratiam
473 2035 747 2121 sandtificantem,
762 2047 900 2108 virtutes
923 2045 1047 2108 infusas
1063 2056 1096 2108 et
1111 2046 1200 2109 dona

110 2145 244 2226 Spiritus
261 2145 375 2211 Santti
391 2170 398 2224 ;
416 2148 462 2229 (c)
481 2149 627 2211 medium
644 2159 694 2210 est
710 2149 904 2210 exercitium
922 2148 1127 2224 facultatum,
1139 2149 1209 2211 sub‘

107 2247 229 2312 influxu
253 2250 510 2332 supernaturalis
533 2251 594 2312 Dei
618 2269 806 2324 concursus
825 2271 882 2312 seu
903 2241 1018 2331 gratiae
1042 2248 1200 2327 attuatis;

105 2350 149 2429 (d)
173 2351 229 2412 lex
248 2361 299 2414 est
320 2371 386 2413 non
413 2351 520 2414 solum
545 2352 741 2433 complexus
770 2352 878 2433 legum
904 2353 1117 2433 naturalium,
1142 2356 1198 2416 sed

104 2453 199 2515 etiam
217 2453 415 2537 complexus
431 2465 672 2536 praeceptorum
692 2455 919 2537 positivorum,
935 2476 1010 2536 quae
1027 2456 1119 2518 Deus
1136 2457 1199 2536 legi

103 2556 242 2618 naturali
258 2540 381 2619 addere
397 2566 515 2639 potest.

152 2724 222 2780 111.
240 2723 296 2780 De
317 2723 437 2781 variis
461 2722 628 2781 statibus
651 2721 833 2780 humanae
857 2728 1008 2781 naturae
1032 2725 1152 2782 relate

518 2819 566 2877 ad
588 2817 781 2889 granam.
1074 2832 1078 2841 ·

146 2974 213 3043 147.
260 2961 416 3046 Quinque
431 2971 508 3025 sunt
524 2971 627 3024 status
644 2962 676 3023 in
693 2962 812 3042 quibus
829 2962 976 3024 humana
992 2971 1109 3025 natura
1125 2984 1202 3026 con-

106 3065 165 3145 cipi
181 3074 293 3146 potest
309 3064 410 3127 relate
426 3065 468 3127 ad
485 3065 626 3146 gratiam
646 3087 652 3125 :

149 3181 180 3229 1⁰
198 3167 316 3229 Status
330 3177 567 3246 natureeprrroe,
580 3167 635 3246 qui
653 3165 803 3227 consistit
820 3167 852 3226 in
870 3167 1079 3246 possessione
1095 3168 1202 3248 cujus-

108 3257 181 3331 libet
196 3269 275 3331 boni
292 3269 510 3332 essentialiter
525 3269 680 3329 humanae
697 3276 824 3328 naturae
839 3268 952 3342 debiti,
962 3278 995 3330 et
1009 3269 1040 3330 in
1054 3270 1203 3332 absentia

108 3373 210 3450 omnis
235 3372 314 3434 boni
338 3371 484 3434 indebiti.
538 3368 626 3449 Hinc
650 3371 682 3431 in
708 3370 763 3431 illo
791 3379 878 3432 statu
906 3371 1008 3432 homo
1034 3371 1203 3453 habuisset

109 3473 200 3537 finem
218 3474 412 3549 naturalem,
428 3474 538 3556 media
557 3473 720 3535 naturalia
742 3474 783 3534 ad
803 3472 890 3534 hunc
912 3472 1012 3535 finem
1037 3475 1202 3554 attingen-

110 3577 191 3653 dum,
207 3586 241 3639 et
258 3575 364 3657 legem
381 3574 566 3663 naturalem
582 3601 588 3654 ;
615 3578 672 3638 sed
695 3576 809 3638 fuisset
829 3576 981 3639 subditus
998 3579 1203 3657 ignorantiae,

111 3660 388 3760 concupiscentiae,
403 3677 647 3740 infirmitatibus
670 3687 702 3739 et
724 3679 831 3752 morti,
853 3699 912 3740 nec
939 3678 1042 3741 ullum
1069 3678 1204 3741 habuis-

113 3793 151 3846 set
177 3783 232 3863 jus
263 3780 413 3846 strictum
445 3782 487 3859 ad
519 3780 679 3851 auxilium
711 3779 830 3841 efficax
861 3789 894 3841 et
925 3783 1203 3861 perseverantiam

114 3881 244 3949 finalem.
292 3884 344 3947 De
360 3881 447 3947 fatto
463 3883 518 3945 ille
534 3893 640 3946 status
657 3903 826 3963 nunquam
849 3884 988 3959 exstitit,
1004 3894 1041 3946 ut
1056 3885 1204 3946 dicemus

114 3986 193 4053 inira

135 4211 142 4242 1
159 4194 198 4249 Cf.
214 4191 330 4260 Suaree,
341 4193 376 4247 de
390 4192 496 4259 Gratia,
510 4193 661 4262 prolegom.
677 4207 692 4255 4
707 4192 741 4244 de
755 4191 874 4245 statibus
889 4202 944 4246 nat.
960 4192 1105 4258 humanae,
1127 4194 1206 4244 Moz-

112 4283 175 4348 alla,
188 4300 215 4335 n.
233 4283 284 4349 652
295 4298 349 4348 sq.,¹
368 4281 485 4346 Geurd'rr,
501 4282 537 4334 de
552 4282 650 4335 Gratia
667 4281 730 4351 Dei,
746 4300 770 4353 q.
790 4284 831 4336 ll.
