2684 4634
119 180 185 229 270
578 177 716 228 CAPUT
735 179 760 225 1.

117 360 175 415 lam
189 368 351 416 creaturam
366 369 454 430 posse
465 358 622 416 creationis
632 366 752 415 causam
762 356 1010 413 instrumentalem
1019 373 1093 414 esse.
1125 353 1211 426 Quod

118 447 159 503 sic
181 446 299 518 probari
319 456 425 519 potest,
449 447 526 505 duce
549 446 577 503 S.
600 446 752 503 Thomal‘:
780 445 879 503 Causa
902 443 1136 502 instrumentalis
1156 459 1212 498 non

118 528 216 604 potest
228 534 362 592 adhiberi
376 534 413 591 ad
427 534 539 605 aliquid
554 533 734 598 faciendum,
751 532 852 590 nisiex
866 551 897 591 se
909 532 1040 603 aliquam
1052 529 1211 602 proportio·

118 640 186 679 nem
201 622 309 679 habeat
321 623 359 680 ad
372 622 510 679 effectum
524 621 761 693 producendum,
774 630 803 678 et
813 617 987 692 peraliquid
997 618 1054 677 sibi
1064 617 1211 691 proprium

118 710 290 781 dispositive
302 709 341 766 ad
354 709 494 767 eumdem·
508 709 645 766 effectum
660 718 828 774 concurrat;
848 708 888 764 ita
908 706 1017 765 securis
1037 720 1103 763 n'on
1120 713 1212 777 potest

118 814 182 854 esse
195 815 284 854 causa
297 797 528 854 instrumentalis
542 796 581 853 ad
594 796 794 853 scindendum
809 796 864 852 uisi
878 795 909 852 in
922 804 1069 867 quantum
1090 794 1212 851 acuitate

119 884 171 939 sua
184 884 296 954 aliquid
309 893 464 940 concurrat
477 883 515 940 ad
530 883 734 941 incidendum.
775 883 868 954 Atqui
887 889 1020 940 creatura
1038 900 1076 939 ex
1094 899 1127 939 se
1145 879 1213 936 nihil

119 970 259 1041 praevium
274 971 389 1028 efficere
409 980 507 1041 potest
527 971 609 1042 quod
631 971 668 1029 sit
691 969 847 1041 dispositio
869 971 907 1028 ad
928 973 1128 1028 creationem:
1149 985 1213 1024 nam

120 1058 192 1113 nihil
205 1067 249 1115 est
270 1058 401 1115 medium
421 1058 496 1115 inter
516 1058 641 1113 uilzr'lum
661 1067 689 1114 et
709 1076 765 1127 ens,
782 1057 967 1129 proindeque
986 1056 1068 1113 nulla
1086 1065 1214 1114 creatura

120 1153 217 1216 potest
230 1145 337 1216 praevie
350 1145 508 1216 disponere
527 1144 651 1200 m'lu'lum
673 1154 703 1201 ut
723 1144 773 1201 fiat
791 1161 846 1200 ens.
888 1145 967 1215 Ergo
986 1143 1067 1200 nulla
1086 1150 1214 1200 creatura

120 1242 260 1302 tanquam
275 1250 363 1289 causa
376 1231 606 1289 instrumentalis
619 1226 776 1287 creationis
789 1221 900 1288 assumi
913 1239 1020 1302 potest.

165 1370 209 1432 18.
255 1370 427 1448 40'Omnes
449 1370 578 1438 landem
597 1379 762 1430 creaturas
782 1370 880 1432 bonas
902 1391 966 1431 esse
987 1378 1082 1450 patet
1105 1390 1149 1431 ex
1168 1367 1215 1428 his

121 1458 236 1550 verbiS,
252 1496 327 1556 quae
343 1495 431 1555 saepe
448 1475 480 1535 in
497 1474 559 1535 hoc
572 1472 680 1554 capite
693 1483 923 1555 repetuntur2:
946 1478 962 1505 “
972 1473 1017 1537 Et
1029 1472 1113 1536 vidit
1127 1474 1216 1534 Deus

121 1579 210 1658 quod
235 1588 320 1640 esset
346 1578 497 1640 bonum...
542 1577 635 1641 Vidit
661 1577 753 1639 Deus
780 1574 900 1639 cuneta
923 1597 998 1656 quae
1030 1565 1162 1651 fecerat,
1185 1583 1217 1636 ct

121 1689 215 1742 erant
230 1680 327 1743 valde
343 1680 458 1742 bona”.
506 1679 605 1762 Quod
629 1679 763 1759 quidem
787 1679 938 1742 haeresim
960 1677 1216 1741 Manz‘clrceorum

122 1784 280 1857 excludit,
296 1785 351 1864 qui
369 1791 534 1846 creaturas
551 1783 712 1862 quasdam
737 1783 841 1844 malas
863 1802 943 1857 esse,
959 1790 992 1842 et
1016 1801 1036 1841 a
1056 1781 1217 1862 principio

123 1886 211 1949 malo
238 1884 340 1948 fattas
367 1906 439 1948 esse
464 1885 564 1966 impie
595 1885 804 1951 asserebant..
842 1883 932 1945 Hinc
963 1883 997 1947 C.
1028 1883 1137 1946 Later.
1164 1883 1187 1944 J
1194 1883 1222 1945 V

123 1972 231 2053 dixit:
257 1989 444 2051 “Diabolus
468 1998 501 2051 et
526 1987 580 2050 alii
604 1988 775 2049 daemones
800 2009 819 2050 a
845 1987 918 2049 Deo
942 1987 1078 2068 quidem
1103 1991 1219 2048 natura

123 2094 223 2161 creati
240 2102 318 2155 sunt
334 2088 422 2168 boui,¹
438 2093 495 2154 sed
513 2093 574 2173 ipsi
588 2113 692 2173 perse
705 2090 781 2155 tatii
794 2102 871 2154 sunt
885 2091 985 2153 mali''
999 2087 1124 2176 (supra,
1136 2112 1165 2153 n.
1183 2091 1218 2172 1).

125 2198 254 2257 Revera
272 2196 364 2260 Deus
380 2204 498 2276 utpote
514 2215 643 2256 summe
660 2194 782 2269 BonuS,
798 2196 922 2272 malurn
939 2196 1023 2258 velle
1045 2187 1170 2276 nequit,
1186 2206 1220 2257 ut

124 2299 201 2361 alibi
227 2297 440 2380 probavimus
466 2294 534 2383 (De
558 2299 626 2360 Deo
648 2318 718 2371 trau,
735 2319 763 2360 n.
780 2301 902 2380 92-98).
950 2300 1004 2361 Ex
1028 2299 1092 2361 hoc
1108 2310 1219 2362 tamen

125 2423 190 2464 non
208 2403 355 2482 sequitur
371 2402 532 2463 muudum
550 2423 568 2461 a
586 2402 659 2463 Deo
676 2411 822 2464 creatum
848 2423 919 2464 esse
943 2402 1093 2464 omnium
1117 2403 1194 2483 pers
1210 2443 1221 2450 -

125 2506 318 2570 {tissimum
365 2504 478 2585 Quum
500 2505 585 2565 enim
610 2502 741 2565 bonitas
765 2515 798 2566 et
821 2506 972 2586 potentia
996 2505 1059 2567 Dei
1083 2505 1222 2567 infinitae

126 2611 200 2684 sint,
227 2629 285 2690 per
315 2628 398 2689 opus
424 2607 552 2683 finitum
579 2607 745 2668 exhauriri
771 2619 942 2690 nequeunt,
964 2609 1106 2690 ideoque
1121 2601 1223 2672 'Deus

125 2717 206 2778 alias
222 2721 387 2774 creaturas
412 2708 630 2793 persedioreS,
647 2710 777 2791 alioque
802 2710 989 2793 perfedtiori
1012 2712 1123 2788 modo,
1136 2713 1222 2775 ordi-

126 2829 222 2882 natas
239 2818 344 2879 lacere
360 2826 480 2898 posset.

170 2973 214 3035 19.
264 2956 484 3020 Corollurr'um.
531 2955 586 3016 Ex
603 2952 699 3016 dictis
715 2953 825 3035 colligi
842 2961 953 3034 potest
965 2962 1128 3036 quantum
1144 2955 1224 3019 Cos-

128 3060 277 3140 mogonia
294 3059 439 3120 mosaica
454 3058 579 3132 ceteris,
592 3077 666 3139 quae
680 3061 767 3139 apud
783 3060 889 3120 varios
901 3060 1042 3142 populos
1052 3061 1224 3122 inveniun-

127 3174 187 3237 tur,
212 3161 406 3244 praecellats.
460 3162 633 3241 Siquidem
659 3162 691 3222 in
717 3161 767 3222 his
798 3163 960 3226 docentur
984 3152 1055 3225 tu'rn
1081 3164 1226 3225 araturae

126 3268 296 3342 (eternitas,
314 3275 384 3327 turn
394 3265 634 3346 polyrueismus,
651 3266 701 3327 vel
719 3265 910 3339 dualismus,
928 3265 978 3327 vel
987 3265 1224 3345 paulluut'smus,

128 3371 297 3453 multaque
315 3369 526 3430 inveniuntur
541 3389 614 3449 quae
640 3371 749 3431 Deum
776 3389 909 3449 prorsus
932 3369 1103 3433 dedecent.
1152 3371 1225 3432 Mo-

127 3477 215 3538 saica
231 3483 340 3535 autern
361 3472 606 3546 narrati0,·licet
623 3475 711 3536 rudis
725 3472 839 3555 populi
853 3472 987 3554 ingenio
999 3474 1170 3554 adaptata,
1181 3474 1225 3535 nil

128 3600 195 3660 prae
212 3600 246 3639 se
271 3578 334 3640 sert
359 3577 420 3638 nisi
446 3577 520 3638 Deo
545 3577 693 3657 dignum,
718 3576 969 3658 praecipuosque
994 3596 1118 3638 errores
1141 3577 1227 3638 inter

161 3771 171 3802 ¹
185 3778 212 3830 S.
227 3777 322 3842 theol,
339 3778 359 3842 Ι,
374 3793 399 3844 q.
413 3788 455 3843 45,
470 3794 494 3829 a.
514 3788 539 3843 5;
560 3777 590 3828 C.
607 3777 698 3840 Gent,
712 3776 728 3828 Ι.
749 3775 787 3840 ΙΙ,
801 3791 824 3827 c.
842 3789 884 3827 21.

162 3867 253 3920 rGen.
271 3867 404 3931 l‚10,12‚
425 3866 463 3930 18,
479 3879 520 3927 21,
537 3875 578 3932 25,
592 3878 633 3932 31.
992 3909 995 3913 .

162 3968 172 3998 τι
185 3952 227 4005 Cf.
250 3953 419 4020 Quarum,
438 3952 551 4002 Manuel
568 3951 627 4003 Bib.
645 3960 663 4003 t.
684 3951 705 4013 1,
722 3967 747 4001 n.
763 3950 890 4014 263-264;
911 3950 964 4002 Les
980 3949 1076 4003 Livres
1091 3949 1188 4005 Saints
1202 3961 1227 4003 et

128 4042 154 4092 la
168 4040 302 4108 Corique,
318 4049 336 4092 t.
354 4040 409 4101 ΙΙΙ,
429 4055 451 4091 c.
467 4053 490 4105 3,
512 4056 536 4092 a.
560 4056 584 4103 2,
605 4038 619 4106 ξ
645 4052 664 4090 1.
702 4035 883 4089 Traditiones
901 4036 977 4104 apud
996 4036 1088 4090 varios
1108 4039 1228 4107 populos

128 4127 254 4193 vigentes
268 4127 342 4178 circa
353 4126 489 4192 originem
504 4125 600 4178 mundi
615 4125 736 4178 referunt
752 4124 932 4189 Lenurmant,
948 4122 1022 4178 Hist.
1045 4124 1081 4178 de
1099 4124 1229 4191 l’Orient,

129 4224 146 4266 t.
166 4215 187 4279 Ι,
201 4214 216 4266 Ι.
234 4215 255 4278 Ι,
266 4231 289 4265 c.
303 4211 353 4280 ag
369 4228 392 4276 13
414 4214 467 4266 Les
479 4212 610 4279 Origines
621 4211 655 4263 de
666 4211 956 4280 l'Histoire,Append.
972 4213 994 4254 Ι·
1017 4213 1121 4280 Ger'kr'e,
1133 4215 1229 4266 Hours

129 4300 195 4353 with
210 4300 256 4353 the
272 4300 360 4368 Bibra,
376 4300 429 4353 vol.
448 4302 470 4362 Ι,
487 4317 509 4353 c.
516 4312 541 4363 3;
561 4299 663 4362 Zalun,
679 4316 723 4367 op.
740 4299 785 4352 cit.
802 4315 829 4366 p.
848 4312 896 4364 107
911 4315 953 4368 sq.
