2684 4634
122 186 190 236 532
482 207 484 212 ·
571 184 711 235 CAPUT
729 183 791 231 111.

122 363 184 425 Dei
201 373 234 426 et
250 365 376 426 donum
394 364 426 424 in
439 364 546 444 gratia
562 365 660 425 unius
676 362 821 424 hominis
833 362 912 443 Jesu
926 358 1053 424 Christi
1073 361 1108 421 in
1127 358 1227 440 plures

118 467 349 529 abundavit...’'
364 479 374 508 1

165 569 229 630 His
260 571 385 650 positis,
416 568 594 631 difficultas
626 551 798 651 proposita
828 570 875 630 sic
907 568 1074 630 solvitur:
1104 566 1229 647 justitia

120 680 210 732 vetat
237 692 279 733 ne
304 672 462 733 innocens
491 689 550 752 pro
575 691 632 732 reo
658 672 823 752 puniatur,
849 673 876 732 si
899 691 959 732 nec
988 670 1147 750 legitime,
1175 688 1229 730 nec

117 773 236 849 lubens,
254 794 314 836 nec
337 784 473 856 propter
491 794 613 855 graves
636 774 785 848 rationes,
802 775 1004 836 constitutus
1021 782 1077 835 est
1093 791 1230 853 sponsor

118 886 153 939 ct
169 887 361 957 procurator
378 898 437 959 pro
454 897 519 952 reo,
528 875 675 950 concedo,·
697 897 800 953 secus,
816 897 902 956 nege.
951 875 1061 955 Atqui
1081 875 1229 939 Christus

120 979 278 1041 innocens
294 1000 354 1060 pro
370 981 433 1041 reis
449 979 584 1060 quidem
602 1000 719 1061 passus
736 991 770 1044 et
787 991 936 1042 mortuus
952 988 1022 1058 est;
1038 980 1102 1042 sed
1121 976 1228 1041 aueto-

120 1082 217 1144 ritate
234 1082 391 1162 legitima,
402 1081 557 1144 videlicet
569 1101 589 1142 a
602 1082 677 1143 Deo
690 1083 771 1163 ips0,
785 1093 886 1164 caput
899 1091 932 1144 et
944 1102 1092 1163 sponsor
1104 1081 1228 1162 generis

120 1184 256 1246 humani
273 1174 474 1246 constitutus
491 1184 616 1248 fuerat:
641 1189 711 1268 ipse
735 1187 837 1249 libere
858 1188 925 1249 tale
946 1205 1072 1248 munus
1095 1186 1226 1267 accepit,

119 1297 153 1348 et
181 1288 212 1348 in
242 1307 277 1349 se
302 1307 432 1349 reorum
461 1299 599 1369 peccata
629 1291 775 1371 suscepit
802 1292 844 1353 ad
877 1311 916 1352 ea
941 1290 1142 1370 expianda;
1172 1308 1226 1350 nec

120 1391 258 1451 deerant
274 1409 391 1469 graves
408 1409 516 1451 causae
540 1393 581 1453 ad
607 1394 640 1454 id
661 1392 874 1473 iaciendum3
899 1412 975 1455 narn
995 1413 1039 1454 ex
1058 1391 1125 1454 hoc
1142 1391 1223 1452 attri-

121 1492 201 1554 buta
226 1493 289 1553 Dei
314 1489 552 1573 perfectissime
575 1493 787 1556 manifestata
809 1505 894 1571 sunt,
910 1504 947 1557 ut
967 1494 1040 1574 jam
1066 1495 1223 1568 diximus,·
1268 1572 1270 1581 Ι

121 1596 188 1655 imo
209 1595 446 1657 detrimentum
469 1596 558 1676 quod
581 1598 705 1659 exinde
721 1597 819 1678 jesus
838 1619 955 1679 passus
971 1607 1024 1660 est
1041 1592 1219 1659 momenta-

121 1717 220 1758 neum
252 1697 322 1771 fuit,
352 1698 510 1778 brevique
541 1702 667 1761 aeterna
694 1700 800 1780 gloria
826 1709 1109 1781 compensatum
1140 1698 1219 1760 nulla

120 1801 220 1881 igitur
231 1800 393 1880 injustitia
404 1803 583 1863 commissa
594 1802 727 1879 suit,sed
740 1824 758 1864 e
771 1814 887 1865 contra
897 1803 1028 1883 justitia
1042 1803 1110 1864 Dei
1124 1803 1155 1864 in
1166 1802 1218 1862 hoc

121 1905 269 1965 maxime
296 1904 404 1966 eluxit
426 1907 516 1984 quod
541 1906 641 1987 plena
665 1917 699 1968 et
723 1905 870 1988 perfecta
893 1904 1091 1982 satisfactio
1114 1924 1218 1987 quaea

121 2028 204 2089 puro
220 2007 355 2069 homine
370 2007 453 2070 solvi
471 2009 639 2088 nequibat,
656 2010 699 2071 ab
717 2009 957 2072 Homine-Deo
973 2009 1088 2071 soluta
1105 2007 1200 2071 suerit.

166 2161 230 2224 190.
277 2157 312 2206 20
338 2143 524 2207 convenite
571 2142 631 2226 (A)
655 2145 711 2206 Ex
727 2155 824 2225 parte
847 2145 920 2219 Dei,
944 2143 1039 2224 cujus
1066 2141 1219 2225 sapientia

120 2247 247 2326 optime
265 2246 494 2308 manifestatur
511 2247 543 2307 in
562 2248 720 2327 mysterio
739 2247 1004 2327 RedernptioniS,
1021 2267 1066 2308 ex
1083 2267 1125 2308 eo
1141 2244 1219 2326 quod

118 2349 193 2428 jura
206 2349 344 2429 justitiae
361 2359 394 2411 et
411 2349 643 2410 misericordiae
661 2347 805 2430 perfecte
821 2349 997 2411 conciliare
1014 2350 1169 2429 potuerit,
1183 2367 1219 2407 ex

122 2456 187 2512 unat
218 2461 319 2531 parte,
346 2452 600 2532 aequivalentem
633 2451 894 2515 satisfactionem
923 2462 956 2515 et
984 2454 1220 2534 reparationem
1267 2444 1270 2545 l

120 2555 245 2616 ordinis
257 2556 325 2617 laesi
337 2557 514 2636 exigend0,
527 2566 614 2617 etex
625 2557 737 2632 altera,
749 2559 876 2619 miseris
886 2556 1081 2618 hominibus
1095 2575 1221 2637 parcen-

120 2659 173 2733 do,
188 2667 223 2720 ut
234 2659 448 2738 probavimus
461 2659 517 2719 ubi
531 2659 572 2719 de
583 2661 817 2721 convenientia
829 2659 1075 2721 Incarnationis
1087 2659 1132 2739 (n.
1151 2656 1221 2736 111).

165 2761 225 2840 (B)
244 2761 300 2821 Ex
310 2770 409 2840 parte
433 2759 563 2835 curun,
585 2762 640 2841 qui
664 2782 724 2841 pro
745 2762 841 2823 nobis
863 2762 1112 2838 satisfaciendo,
1138 2780 1222 2823 suam

121 2865 281 2925 eximiam
313 2864 485 2925 caritatem
518 2884 596 2943 erga
628 2885 688 2927 nos
721 2864 919 2940 manifestat,
944 2874 978 2926 et
1007 2866 1053 2927 ita
1083 2884 1223 2927 amorem

122 2976 271 3028 nostrum
289 2968 350 3027 sibi
368 2967 544 3045 conciliat,
566 2977 599 3028 et
616 2968 750 3048 insuper
766 2989 853 3029 nova
876 2988 1015 3029 munera
1033 2967 1224 3030 Mediatoris

123 3072 206 3131 inter
225 3072 334 3130 Deum
352 3080 384 3130 et
401 3070 553 3131 homines
571 3089 608 3129 ac
626 3070 781 3150 Supremi
801 3070 970 3133 Pontificis
990 3069 1225 3150 perfeetissime

121 3172 292 3251 adimplet,
309 3192 353 3232 ex
370 3174 490 3250 quibus
508 3173 570 3252 ipsi
593 3173 698 3251 gloria
715 3175 889 3235 accressit:
911 3173 1065 3234 “Nonne
1082 3173 1225 3254 oportuit

122 3275 290 3338 Christum
308 3274 386 3353 pati,
403 3284 436 3334 et
454 3275 499 3334 ita
516 3275 637 3335 intrare
655 3274 689 3334 in
707 3274 847 3354 gloriam
865 3295 959 3336 suam
974 3275 989 3300 '’
1003 3276 1042 3336 3?

168 3375 231 3460 (C)
258 3376 314 3438 Ex
331 3387 430 3456 parte
452 3377 618 3438 dorrzimrm
642 3378 698 3456 qui
725 3387 899 3459 peccatum
924 3378 1038 3458 fugere
1060 3380 1226 3449 docentur,

122 3483 266 3544 videndo
283 3491 409 3561 quanta
426 3482 590 3562 reparatio
607 3481 648 3542 sit
671 3481 854 3541 necessaria
871 3482 912 3541 ad
931 3479 1011 3541 illud
1029 3481 1226 3543 delendum:

123 3587 252 3664 “empti
270 3587 358 3647 enim
376 3587 455 3646 estis
473 3585 580 3665 pretio
597 3584 779 3664 magno’'4.
828 3584 991 3644 Praeterea
1015 3583 1079 3643 hoc
1105 3585 1148 3645 ad
1166 3602 1225 3644 ma-

120 3689 225 3766 jorem
246 3689 445 3767 dignitatem
470 3687 615 3748 hominis
640 3687 738 3747 cessit
760 3695 805 3760 ut,
822 3686 907 3746 sicut
926 3685 1029 3746 homo
1053 3706 1073 3746 a
1098 3685 1226 3749 diabolo

122 3789 229 3852 vietus
245 3791 361 3863 suerat,
379 3792 425 3852 ita
442 3791 542 3850 etiam
560 3790 662 3850 homo
684 3798 772 3850 esset
796 3789 852 3867 qui
876 3786 1050 3850 diabolum
1074 3790 1226 3855 vinceret

123 3905 156 3956 et
179 3896 225 3955 ita
247 3895 400 3955 diabolus
425 3895 609 3954 maximam
635 3891 864 3953 confusionem
886 3891 1068 3972 experitur,
1092 3913 1134 3954 eo
1156 3891 1226 3972 quia

124 3998 166 4057 ab
184 3996 238 4056 itta
255 3997 401 4057 humana
427 4000 544 4057 natura
568 3996 709 4056 vincitur
733 4015 833 4074 quarn
861 3995 894 4055 in
919 3994 1077 4074 paradiso
1100 3997 1224 4056 vicerat.

161 4194 258 4256 ¹R0m,
269 4194 303 4244 V.
321 4206 360 4258 15.
372 4223 405 4229 —
418 4194 477 4245 '²Cf.
491 4194 519 4245 S.
536 4195 562 4244 T
558 4194 630 4244 lzom.
644 4207 670 4256 3,
684 4210 711 4260 q.
727 4193 770 4258 46,
785 4210 808 4245 a.
824 4205 851 4257 33
873 4193 1027 4258 Omnium,
1041 4209 1088 4261 op.
1105 4193 1151 4247 cit.
1167 4209 1188 4245 c.
1201 4203 1222 4253 7.

160 4280 250 4332 ³Luc.
268 4281 375 4345 XXIV,
392 4280 431 4331 25.
447 4311 480 4317 -
493 4280 503 4309 ⁴
516 4281 534 4331 l
546 4280 607 4332 Cor.
626 4280 675 4341 Vl,
692 4295 731 4332 20.
