2684 4634
417 121 473 170 DE
491 121 673 171 OBJEGTO
691 121 821 169 FIDEI.
1121 121 1164 171 29

65 303 160 381 tirelli,
172 305 369 385 nostrisque
386 305 590 386 temporibus
608 304 775 366 nonnullae
794 304 1051 366 l'rotestantium
1064 300 1163 365 sedite

63 429 87 469 v.
98 429 127 488 g.
141 409 388 489 Anabaptista,
406 407 697 488 Seoeelenborgiani
710 430 748 471 ac
766 409 975 488 lrem'ngiani,
991 408 1163 470 docuerint

64 531 180 574 novam
200 533 242 574 ac
260 509 491 592 perfeetiorem
508 513 730 574 oeconomiam
748 533 767 574 a
792 512 915 592 Spiritu
941 512 972 574 S.
990 512 1162 573 instituen-

62 617 132 677 dam
158 636 263 678 esse:
286 616 329 678 de
352 614 471 696 quibus
492 616 561 696 jam
586 613 708 679 ditium
732 625 782 677 est
806 616 837 676 in
867 616 919 677 Tr.
946 615 984 677 ele
1013 613 1161 689 Ecclesia,

10 754 12 777 t
63 739 88 781 n.
114 721 186 782 106.
215 721 403 781 ¹Praeterea
434 719 568 800 quidam
602 718 949 793 Semi-Rationalistae,
980 717 1161 799 praesertim

10 826 14 907 l
66 821 266 896 Guntlrerns,
282 820 383 883 talem
400 840 611 901 progressum
630 821 661 881 in
678 823 874 901 dogmatum
893 821 1162 901 interpretatione

10 918 16 1017 l
64 925 259 999 admittunt,
275 932 313 986 ut
336 921 544 987 definitiones
569 924 726 988 Ecclesiae
751 926 889 1006 intelligi
913 926 1040 1006 possint
1064 945 1161 987 sensu
1230 937 1232 941 ’

64 1048 196 1108 prorsus
213 1028 347 1090 diverso
363 1025 406 1089 ab
422 1046 462 1088 eo
478 1046 576 1107 quem
594 1029 752 1109 primaeva
769 1029 917 1091 Ecclesia
934 1028 1076 1091 admisit.
1128 1053 1130 1058 ’

10 1142 13 1253 l
101 1177 167 1265 (B)
189 1179 262 1242 Alii
286 1189 398 1242 autem
423 1188 562 1261 peccant
577 1190 642 1259 per
661 1178 825 1258 emaum,
850 1178 976 1241 nullum
1000 1178 1051 1240 vel
1075 1189 1162 1242 certe

66 1283 268 1346 insufficiens
300 1283 538 1344 incrementum
571 1282 793 1344 admittentes.
843 1283 893 1344 lta
924 1281 1018 1343 multi
1051 1284 1162 1345 Prote·

66 1399 201 1465 stanteS,
218 1388 276 1468 qui
294 1388 500 1449 contendunt
517 1391 533 1418 “
547 1386 752 1467 Scripturam
770 1406 910 1466 eamque
927 1386 1031 1448 solam
1056 1395 1161 1449 totam

65 1512 131 1554 esse
150 1491 415 1554 Protestantium
433 1490 635 1571 religionem,
646 1489 661 1517 '¹
686 1489 843 1552 Ecclesiae
868 1489 993 1552 nullum
1015 1489 1069 1570 jus
1092 1511 1163 1552 esse

65 1597 227 1676 dogmata
254 1593 484 1657 auctoritative
512 1593 713 1674 explicandi,
740 1614 923 1677 omnesque
953 1591 1162 1656 definitiones

65 1719 131 1761 esse
142 1699 289 1761 totidem
300 1697 586 1779 corruptelasquae
597 1697 685 1777 rejici
696 1699 825 1760 debent.
872 1697 1030 1759 Nonnulli
1042 1706 1162 1770 tamen,

66 1802 250 1884 praesertim
278 1801 463 1881 Anglieani,
494 1802 681 1862 concedunt
704 1800 923 1875 definitiones
947 1821 965 1862 a
989 1801 1096 1881 primo
1120 1802 1162 1863 ad

65 1916 223 1988 quartum
239 1905 289 1967 vel
306 1905 458 1985 quintum
475 1905 632 1966 saeculum
649 1905 691 1966 ab
716 1904 864 1967 Ecclesia
888 1904 1027 1966 indivisa
1050 1904 1163 1965 condi-

65 2021 121 2086 taS,
139 2008 356 2090 accipiendas
372 2028 453 2084 esse,
470 2009 547 2089 quia
563 2017 641 2071 tunc
658 2009 817 2089 temporis
843 2007 993 2070 Ecclesia
1015 2009 1161 2089 quodum

65 2111 312 2176 infallibilitatis
327 2111 498 2194 privilegio
514 2110 690 2192 gaudebat.

104 2300 156 2370 74.
208 2299 243 2348 20
271 2285 348 2368 Quo
375 2285 491 2348 melius
522 2284 707 2348 doctrinam
740 2286 936 2349 catholicam
969 2295 1162 2363 statuamus

65 2392 222 2470 quaedam
239 2387 468 2452 distinctiones
484 2399 561 2452 sunt
577 2380 777 2453 necessariae.
824 2391 882 2472 (A)
907 2391 1077 2471 Dogmata
1101 2393 1161 2453 du-

65 2494 196 2574 pliciter
227 2513 371 2556 crescere
388 2518 390 2523 ·
402 2502 560 2575 possunt:
599 2493 649 2574 (a)
679 2505 742 2573 per
777 2516 892 2556 novam
931 2495 1162 2569 revelationem,

65 2597 204 2677 quando
220 2596 344 2659 scilicet
360 2596 439 2660 illud
456 2596 545 2678 quod
563 2606 661 2659 antea
678 2618 743 2659 non
762 2607 832 2660 erat
844 2597 1033 2672 revelatum,
1047 2607 1163 2678 postea

66 2721 84 2760 a
101 2701 179 2762 Deo
196 2699 372 2778 revelatur;
395 2710 474 2762 tunc
491 2701 585 2762 adest
594 2711 784 2781 progressas
795 2700 991 2780 simpliciter,
1003 2722 1030 2762 v.
1044 2720 1072 2780 g.
1087 2698 1162 2762 talis

66 2812 116 2865 est
143 2803 325 2865 existentia
351 2811 476 2884 septem
505 2803 805 2878 Sacramentorum,
832 2824 906 2884 quae
938 2804 970 2864 in
1003 2803 1043 2864 A.
1072 2803 1163 2883 Lege

66 2905 274 2981 abscondita,
290 2915 406 2987 postea
422 2927 441 2968 a
458 2905 590 2969 Christo
607 2908 749 2969 revelata
762 2916 827 2987 est;
850 2906 900 2988 (b)
909 2917 973 2986 per
983 2907 1162 2988 explicitam

59 3010 311 3091 propositionem
335 3009 471 3090 alicujus
495 3011 640 3073 veritatis
664 3021 763 3074 antea
786 3011 924 3074 obscure
947 3020 980 3073 et
1004 3011 1162 3092 implicite

66 3113 232 3190 revelatae,
248 3123 281 3175 et
296 3123 375 3176 tunc
391 3113 485 3174 adest
494 3124 684 3193 progressus
699 3116 870 3177 sectandam
883 3115 970 3196 qnid,
983 3123 1019 3177 ut
1036 3116 1068 3175 in
1085 3129 1176 3177 casu
1232 3193 1234 3198 Ι

66 3216 313 3279 infallibilitatis
330 3216 362 3280 S.
381 3215 559 3291 PontificiS,
575 3238 649 3298 quae
664 3219 733 3298 jam
751 3240 769 3281 a
787 3219 919 3282 Christo
944 3218 1049 3280 suerat
1073 3239 1162 3280 reve-

66 3322 142 3401 lata,
160 3323 221 3384 sed
237 3321 367 3383 nonnisi
385 3321 416 3381 in
435 3319 469 3383 C.
496 3320 648 3384 Vaticano
664 3323 749 3385 clare
766 3332 799 3385 et
815 3323 971 3404 explicite
988 3331 1023 3384 ut
1040 3323 1168 3402 dogma·

65 3425 142 3490 fidei
161 3425 332 3507 proposita
348 3424 417 3487 fuit.

107 3620 160 3689 75,
211 3599 273 3687 (Β)
301 3603 385 3665 Item
415 3603 500 3664 inter
527 3600 683 3662 veritates
715 3598 884 3672 revelatas
916 3598 965 3679 (a)
989 3598 1062 3659 aliae
1086 3607 1162 3661 sunt

63 3709 297 3772 substantiales
319 3728 376 3769 scu
392 3706 598 3787 principales
615 3723 690 3782 quae
713 3703 838 3764 scilicet
862 3704 1040 3783 respiciunt
1064 3702 1162 3764 finem

64 3812 213 3876 hominis
225 3821 259 3874 et
271 3811 381 3874 media
394 3811 435 3872 ad
449 3809 548 3871 finem
561 3808 792 3886 attingendum
806 3808 1000 3883 necessaria;
1023 3815 1163 3886 quatuor

64 3941 84 3981 a
101 3915 286 3996 Theologis
302 3921 545 3994 computantur,
562 3909 686 3972 scilicet
702 3910 777 3972 duee
796 3911 968 3989 generales,
984 3912 1163 3972 existentia

66 4022 132 4084 Dei
151 4030 185 4082 et
201 4017 272 4099 ejus
288 4015 504 4100 providentiae
521 4015 607 4076 circa
624 3995 775 4088 salutem,
792 4023 825 4074 et
843 4013 922 4073 *duae
939 4014 1163 4093 particulares,

65 4121 227 4203 mysteria
253 4118 285 4182 S.
314 4117 345 4181 S.
374 4117 547 4180 Trinitatis
574 4126 607 4178 et
635 4115 893 4191 incarnationis;
917 4112 966 4194 (b)
990 4115 1062 4176 aliae
1087 4128 1164 4180 sunt

65 4221 275 4289 accidentales
290 4242 345 4284 seu
362 4219 565 4294 secundariae,
582 4239 656 4299 quae
673 4218 714 4278 ad
732 4216 872 4281 salutem
897 4236 935 4276 er
954 4236 986 4277 se
1009 4237 1074 4279 non
1092 4239 1163 4299 per·
