2684 4634
525 175 582 225 DE
600 173 792 224 HOMINE.
932 175 935 180 ’
1142 174 1208 224 335

143 354 206 436 (A)
232 352 347 437 Script.
393 355 444 438 (a)
470 355 600 418 Direlle
622 355 655 419 in
684 355 716 418 S.
742 354 878 418 Litteris
901 355 1059 418 asseritur
1082 354 1209 417 nullum

103 459 275 521 exstitisse
289 459 460 523 hominem
476 459 614 540 quando
627 457 741 521 Adam
758 468 888 521 creatus
905 458 973 521 fuit.
1020 459 1095 520 “Et
1111 458 1210 521 homo

108 580 172 622 non
189 569 262 623 erat
276 561 334 643 qui
349 570 542 642 operaretur
556 572 678 624 terram
690 562 740 624 ’'....
786 560 901 624 “Adae
925 582 1003 623 vero
1027 582 1092 623 non
1122 563 1209 624 Inve-

111 663 262 727 niebatur
277 665 409 745 adjutor
424 665 540 727 similis
556 663 627 745 ejus
636 665 652 690 '¹
662 677 681 726 ¹.
729 665 819 726 Hinc
836 664 948 728 Adam
965 675 1102 728 vocatur
1117 675 1211 746 pater

113 767 197 829 orbis
213 775 373 829 terrarum
390 777 424 830 et
437 768 510 830 Eva
523 777 629 830 mater
638 766 833 832 cunctorum
844 769 1056 841 viventium2.
1085 771 1209 831 Iterum

118 868 144 932 S.
161 870 284 933 Paulus
299 869 423 935 directe
439 871 555 934 asserit
570 892 687 934 omnes
699 870 851 933 homines
860 892 904 934 ex
915 891 983 933 uno
992 872 1191 934 descendere
1204 895 1210 934 :

118 973 231 1036 “Fecit
246 995 290 1048 ex
308 995 374 1037 uno
397 994 497 1038 omne
521 996 626 1056 genus
652 975 824 1038 hominum
852 975 1003 1037 habitare
1027 996 1124 1057 super
1148 985 1210 1037 ter·

100 1136 102 1141 .
122 1077 233 1140 ram'’3.
281 1074 339 1164 (b)
358 1076 525 1142 Indirec'te
541 1079 629 1142 idem
645 1087 778 1141 constat
794 1099 838 1140 ex
855 1079 1013 1158 dogmate
1037 1077 1211 1141 Catholico

100 1186 104 1213 '·
125 1177 157 1239 de
168 1190 303 1260 peccato
319 1181 481 1262 originali,
491 1182 670 1245 secundum
687 1179 777 1263 quod
790 1200 907 1243 omnes
919 1189 1099 1242 nascuntur
1113 1182 1210 1261 origi·
1317 1222 1321 1230 -

100 1276 105 1337 ἶ
127 1282 181 1344 nali
196 1283 270 1346 labe
286 1281 408 1360 insecti,
423 1306 463 1347 eo
478 1285 568 1366 quod
585 1305 702 1347 omnes
717 1306 761 1346 ex
786 1286 905 1347 eodem
927 1285 1036 1366 capite
1058 1294 1210 1347 naturam

100 1406 105 1483 τε
128 1394 252 1461 peccato
267 1385 423 1450 infectam
440 1387 602 1451 trahuntu.

161 1543 223 1606 128.
270 1545 342 1607 Nec
357 1545 468 1609 valent
484 1556 681 1636 argumenta
695 1546 738 1609 ab
763 1543 878 1609 isaaco
902 1548 1042 1628 Peyrere
1066 1548 1211 1628 prolata;
1293 1608 1297 1614 .

100 1634 103 1673 ³
129 1640 166 1726 (a)
179 1647 295 1728 objicit
310 1650 454 1731 primum
471 1645 651 1725 bominem,
666 1649 759 1731 cujus
775 1649 898 1714 creatio
914 1650 1109 1713 describitur
1135 1652 1212 1716 Gen.

100 1742 104 1751 '
128 1744 145 1821 Ι,
159 1765 206 1828 27,
221 1772 287 1813 non
311 1774 383 1815 esse
407 1755 562 1817 eumdem
588 1774 626 1815 ac
651 1774 735 1829 eum,
752 1752 845 1834 cujus
868 1755 991 1816 creatio
1016 1755 1212 1817 describitur

126 1849 192 1915 Gru.
204 1853 251 1929 II,
261 1871 289 1934 7.
336 1853 403 1919 Sed
414 1865 538 1933 contra,
548 1877 591 1918 ex
604 1865 766 1919 contextu
777 1865 915 1938 apparet
927 1877 1057 1918 sacrum
1075 1859 1212 1939 scripto-

121 1970 191 2033 rem,
208 1969 388 2040 postquam
406 1961 506 2022 modo
530 1959 675 2040 generali
700 1958 874 2039 descripsit
898 1960 930 2020 ln
953 1980 1022 2041 cap.
1041 1961 1055 2021 Ι
1072 1962 1211 2023 creatio-

119 2072 189 2120 nem
206 2058 356 2123 omnium
373 2061 509 2138 entium,
525 2060 659 2123 homine
675 2081 740 2122 non
758 2070 911 2142 excepto,
927 2081 1094 2143 exponere
1111 2064 1211 2125 modo

116 2161 258 2241 speciali,
284 2162 318 2224 in
345 2184 414 2245 cap.
443 2165 487 2239 II,
514 2165 714 2227 creationem
743 2173 1024 2246 protoparentum.
1073 2168 1212 2248 Insuper

114 2264 202 2339 dato,
228 2286 294 2327 non
322 2269 488 2343 concesso,
513 2268 751 2348 discrepantias
778 2287 849 2328 esse
884 2268 969 2330 inter
999 2278 1099 2349 caput
1132 2271 1144 2332 Ι
1178 2279 1212 2334 et

113 2377 213 2449 caput
231 2366 276 2444 II,
292 2390 336 2432 ex
352 2370 414 2432 hoc
430 2391 495 2432 non
513 2368 661 2452 sequitur
673 2372 756 2433 duos
766 2370 918 2433 homines
928 2371 1026 2451 plane
1036 2371 1211 2436 distinctos

112 2471 266 2547 describi,
281 2474 338 2536 sed
356 2474 463 2536 solum
480 2474 646 2556 duplicem
664 2475 888 2536 narrationem
899 2473 1049 2554 ejusdem
1063 2475 1140 2538 sadbi
1154 2480 1219 2540 ad··

113 2575 313 2638 mittendam
329 2596 418 2640 esse:
445 2578 533 2658 quod
550 2598 662 2640 revera
673 2587 788 2640 tenent
800 2578 846 2639 illi
856 2574 912 2658 qui
924 2588 1044 2658 putant
1054 2579 1210 2645 Genesim

112 2679 210 2740 variis
227 2680 385 2744 constitui
401 2681 617 2744 documentis.
665 2681 712 2762 (b)
731 2680 854 2761 Arguit
869 2679 991 2761 pariter
1006 2701 1049 2742 ex
1066 2686 1210 2764 eoquod

114 2780 196 2843 Cain
215 2803 355 2846 uxorem
371 2783 533 2860 habuerit,
543 2803 643 2866 quam
661 2784 785 2846 exalia
801 2782 927 2844 familia
939 2783 1077 2863 seligere
1087 2786 1211 2866 debuit,

114 2903 215 2962 quum
233 2888 399 2968 propriam
416 2907 559 2951 sororem
576 2889 609 2948 in
626 2907 766 2949 uxorem
782 2888 902 2949 ducere
918 2885 1010 2947 nefas
1025 2888 1076 2950 sit.
1120 2891 1211 2970 Jam-

114 3007 191 3048 vero
206 2987 307 3070 longe
322 3000 429 3066 antea,
445 2990 472 3053 S
475 3039 481 3053 .
499 2991 710 3071 Augustinus
725 2991 1029 3054 anidmadverterat
1054 2993 1085 3054 in
1109 2994 1212 3073 initio,

115 3088 299 3170 legitimum
315 3092 415 3156 fuisse
431 3113 576 3156 sororem
590 3094 621 3155 in
634 3093 882 3155 matrimonium
893 3096 1023 3171 ducere;
1050 3093 1211 3162 hocenim

116 3211 179 3254 non
196 3196 377 3276 opponitur
389 3197 454 3276 juri
470 3197 611 3259 naturali
628 3196 793 3276 primario
804 3206 845 3271 et,
855 3196 1051 3258 necessitate
1067 3203 1211 3281 compel-

117 3293 211 3372 lente,
228 3296 353 3361 licitum
370 3299 458 3363 suits.
504 3299 551 3380 (c)
569 3298 677 3361 Addit
692 3298 792 3360 verba
810 3299 902 3373 Cain,
918 3300 1037 3379 quibus
1053 3305 1212 3384 exprimit

117 3417 149 3459 se
163 3399 281 3462 timere
296 3420 338 3464 ne
352 3402 530 3479 occidatur,
545 3403 715 3465 evidenter
741 3423 928 3483 supponere
951 3414 1029 3466 tunc
1056 3411 1212 3488 temporis

149 3667 156 3689 ¹
172 3663 239 3714 Gen.
257 3662 295 3727 II,
309 3676 334 3731 5,
351 3679 392 3716 20.
405 3693 438 3700 -
451 3663 461 3694 ²
475 3663 540 3732 Sap.
556 3664 591 3726 X,
611 3679 634 3727 13
656 3664 722 3716 Gen.
742 3665 798 3725 III,
816 3678 855 3716 zo.
868 3695 902 3701 —
914 3670 924 3700 ³
937 3664 998 3717 Aci.
1014 3665 1108 3730 XVII,
1124 3667 1164 3718 26.
1179 3698 1212 3704 ῃ

116 3749 213 3801 ⁴R0m.
232 3750 267 3812 V,
287 3764 327 3814 12;
347 3749 411 3803 vide
423 3749 503 3816 infra,
517 3767 541 3803 n.
559 3751 614 3803 182.

147 3844 158 3874 ⁵
179 3837 284 3888 “Cum
303 3835 386 3904 igitur
404 3854 494 3906 genus
513 3838 667 3891 humanum
689 3849 751 3907 post
770 3838 889 3906 primam
909 3839 1071 3904 copulam...
1093 3839 1211 3892 marium

115 3921 337 3993 feminarumque
355 3923 553 3993 conjundlione
572 3942 642 3993 opus
661 3925 777 3979 haberet
796 3936 825 3979 ut
838 3924 980 3993 gignendo
993 3926 1209 3993 mulplicaretur,

115 4027 165 4065 nec
178 4021 275 4065 essent
289 4011 336 4064 ulli
350 4011 487 4080 homines,
496 4011 550 4065 nisi
564 4013 610 4082 qui
625 4029 657 4064 ex
667 4012 722 4065 illis
732 4012 842 4065 duobus
854 4013 911 4064 nati
921 4013 1057 4066 fuissent:
1077 4013 1126 4064 viri
1137 4032 1211 4067 soro-

114 4117 157 4153 res
170 4117 239 4154 suas
252 4100 387 4169 conjuges
399 4110 576 4169 acceperunt,
590 4101 666 4169 quod
680 4099 804 4168 proletlo
818 4111 923 4169 quanto
937 4111 979 4152 est
988 4092 1211 4169 antiquius'eom·

114 4190 237 4257 pellente
250 4188 427 4254 necessitate,
437 4197 515 4242 tanto
528 4198 627 4257 postea
639 4186 745 4240 latium
759 4195 804 4241 est
814 4187 1048 4242 damnabilius...”
1063 4189 1119 4255 (De
1130 4190 1210 4243 Civit.

116 4276 180 4341 Dei,
195 4277 211 4330 l.
231 4276 297 4338 XV,-
310 4291 336 4328 c.-
356 4273 404 4342 16).
