2684 4634
520 153 575 203 DE
594 153 789 204 ANGELIS.
1141 154 1201 204 321

104 353 176 414 quae
208 336 244 398 in
276 334 404 398 circulis
430 336 600 417 spiritismi
627 337 776 399 exhiberi
805 337 1025 418 phaenomena
1053 336 1202 397 miranda

106 438 266 515 dicuntur,
282 459 353 501 esse
368 440 419 503 vel
443 441 580 503 omnino
602 441 762 503 ementita
786 451 819 503 et
842 450 1051 521 operatorum
1069 441 1153 502 inter
1168 460 1203 500 se

112 543 285 606 collusione
301 543 509 630 fraudulenta
526 544 695 627 producta,
707 547 758 608 vel
773 568 986 628 personarum
998 567 1072 628 quae
1088 547 1202 608 dicun'·

114 655 157 707 tur
173 647 283 709 media
299 649 528 728 imaginationi
545 659 578 712 et
594 647 818 731 speetatorum
835 650 1020 713 credulitati
1037 671 1108 711 esse
1121 670 1202 730 prae-

118 749 217 810 sertim
240 750 444 826 ascribenda,
460 750 510 812 vel
532 753 666 814 demum
692 753 836 814 manuali
853 753 984 815 cuidam
1001 753 1203 827 dexteritati,

120 851 210 929 qualis
233 853 322 932 apud
346 854 600 934 praestigiatores
624 875 685 916 usu
702 856 800 930 venit,
818 876 889 916 esse
905 855 1086 917 tribuenda.
1132 855 1202 916 Vix

121 953 325 1017 dubitandum
350 966 462 1018 tamen
486 958 615 1019 videtur
637 958 792 1038 quaedam
816 959 932 1021 saltem
950 979 992 1019 ex
1009 960 1055 1019 eis
1072 978 1091 1018 a
1108 957 1202 1020 Sata·

124 1059 181 1120 nico
196 1061 381 1124 interventu
397 1083 469 1126 esse
485 1065 673 1144 repetenda,
683 1085 758 1125 cum
775 1065 832 1127 vix
849 1064 914 1124 alio
931 1063 1032 1125 modo
1044 1061 1202 1141 explicari

125 1164 233 1240 possint
245 1165 269 1226 ''.

157 1339 216 1388 111.
256 1327 314 1409 (Β)
333 1329 479 1393 Ratione.
518 1331 568 1412 (a)
578 1332 699 1394 Prima
706 1343 790 1412 pars
802 1333 847 1393 sic
860 1333 1019 1412 probatur
1034 1356 1040 1394 :
1058 1331 1203 1412 Quando

127 1426 192 1491 inter
218 1429 373 1495 effeetum
405 1435 574 1514 cognitum
605 1445 639 1497 et
666 1457 795 1498 causam
824 1439 1007 1500 naturalem
1036 1438 1126 1499 nulla
1154 1447 1204 1501 est

129 1539 283 1615 proportio,
297 1534 444 1617 profecto
456 1539 688 1600 recurrendum
701 1540 803 1601 estad
817 1560 919 1620 agens
932 1540 1095 1621 superius;
1112 1541 1203 1620 atqui

129 1640 251 1718 cognitio
267 1640 485 1716 occultorum,
495 1640 742 1723 longinquorum
758 1644 993 1721 acsuturorum
1011 1645 1093 1704 vires
1109 1654 1203 1705 natu-

128 1741 191 1804 rales
212 1747 346 1808 excedit
369 1755 440 1808 tum
466 1744 729 1826 magnetizantis
747 1754 817 1806 tum
843 1744 1065 1823 magnetizati‚
1081 1744 1131 1804 vel
1149 1764 1204 1804 cu-

124 1837 300 1928 juscumque
331 1848 430 1911 fluidi.
478 1849 572 1911 Licet
599 1847 687 1908 enim
716 1866 781 1907 non
813 1866 928 1908 omnes
961 1846 1049 1927 leges
1077 1855 1203 1908 naturae

126 1948 201 2011 nobis
224 1961 302 2014 sunt
326 1962 424 2027 notae,
441 1950 583 2034 perfecie
607 1960 717 2013 tamen
743 1951 904 2026 novimuS,
921 1951 953 2010 in
971 1950 1033 2012 hoc
1049 1951 1204 2030 praesenti

123 2057 203 2129 statu,
216 2052 390 2118 facultates
408 2064 535 2117 nostras
553 2056 598 2116 ita
615 2054 772 2115 limitatas
789 2074 860 2115 esse
877 2064 912 2116 ut
929 2053 1066 2135 praefata
1083 2075 1203 2135 cogno-

122 2167 196 2218 scere
226 2178 292 2220 non
321 2157 497 2220 valeamus,
544 2157 761 2237 Cognitiones
788 2158 875 2218 enim
908 2178 973 2218 non
1005 2158 1205 2238 acquirimus

119 2259 169 2320 nisi
191 2248 422 2323 vel'sensuum
446 2281 518 2342 ope,
541 2261 592 2322 vel
620 2261 701 2322 ideis
722 2259 791 2339 jam
819 2261 987 2341 acquisitis
1014 2263 1139 2322 utendo
1162 2262 1204 2323 ad

116 2374 208 2425 novas
224 2364 457 2445 adipiscendas
474 2384 549 2445 quae
563 2363 633 2444 jam
647 2363 828 2426 virtualiter
845 2364 877 2424 in
895 2364 958 2425 illis
975 2365 1206 2440 continentur;

113 2470 197 2550 atqui
214 2489 259 2530 ex
275 2468 452 2550 hypothesi
469 2488 576 2549 neque
592 2468 815 2548 hypnotizans
839 2489 946 2548 neque
969 2468 1205 2549 hypnotizatus

111 2585 156 2632 res
179 2572 222 2634 de
245 2571 366 2653 quibus
389 2572 498 2651 agitur
521 2579 746 2653 cognoscunt;
770 2570 902 2632 aliunde
926 2591 976 2632 res
1000 2571 1138 2632 occultae
1153 2572 1204 2633 vel

109 2676 261 2738 absentes
278 2696 393 2738 sensus
409 2684 539 2737 nostros
556 2673 685 2736 afficere
702 2684 884 2754 nequeunt;
909 2684 1035 2737 secreta
1046 2695 1123 2736 vero
1136 2696 1205 2736 cor-

108 2780 198 2843 dium
222 2789 281 2842 aut
304 2779 414 2842 futura
437 2777 631 2848 nullomodo
655 2778 716 2839 sub
740 2777 1001 2858 apprehensione
1025 2780 1137 2840 nostra
1153 2799 1205 2839 ca-

107 2885 199 2960 dunt,
222 2884 284 2945 nisi
308 2872 418 2945 forsan
441 2880 720 2962 conje&urando;
754 2902 834 2962 ergo
856 2882 973 2944 horum
998 2883 1156 2963 cogniti0,
1179 2882 1206 2943 si

107 2989 211 3063 detur,
227 3008 336 3051 causae
353 2985 549 3067 intelligenti
566 2986 725 3066 superiori
742 2985 959 3048 adscribenda
976 2994 1058 3050 esta

139 3226 148 3256 ¹
164 3223 289 3278 Nomine
302 3223 471 3281 occultorum
484 3221 666 3290 designamus
684 3237 717 3273 ea
740 3237 802 3289 quae
817 3236 880 3273 vere
894 3231 957 3274 sunt
971 3221 1088 3287 occulta,
1101 3238 1152 3273 nec
1172 3222 1207 3274 ab

108 3313 221 3368 homine
241 3312 449 3381 cognoscibilia,
462 3321 544 3381 prout
562 3320 627 3364 sunt
646 3320 754 3362 secreta
771 3308 898 3362 cordium
917 3319 944 3361 et
963 3309 1017 3360 alia
1031 3309 1207 3377 hujusmodi;

108 3419 161 3458 non
175 3413 271 3457 autem
282 3417 316 3454 ea
329 3417 391 3468 quae
402 3399 497 3469 opacis
509 3399 671 3467 corporibus
682 3397 807 3450 celantur
819 3415 825 3450 ε
845 3396 902 3449 fieri
917 3396 991 3448 enim
1005 3406 1097 3462 potest
1109 3408 1136 3448 ut
1148 3397 1208 3448 lraec

108 3489 270 3544 naturaliter
282 3487 438 3550 videantur,
454 3503 507 3555 ope
521 3485 650 3539 videlicet
664 3484 805 3537 radiorum
820 3484 850 3535 X
861 3484 904 3536 vel
918 3482 972 3534 alio
986 3483 1079 3534 modo.

138 3587 149 3609 ²
163 3575 250 3646 Quod
266 3575 305 3627 sic
325 3573 445 3627 illustrat
457 3574 493 3625 D.
512 3572 652 3624 Thomas:
668 3570 688 3597 ‘⁴
699 3572 742 3622 Ex
755 3569 924 3638 quibusdam
938 3569 1035 3620 formis
1049 3569 1208 3635 imaginatis

108 3683 160 3718 non
175 3672 269 3734 potest
282 3661 363 3715 alicui
379 3660 523 3730 provenire
537 3658 732 3712 intellectualis
743 3657 866 3725 cognitio
877 3657 947 3709 ultra
958 3656 1119 3709 facultatem
1129 3666 1209 3709 natu-

108 3753 193 3807 ralem
213 3751 256 3805 vel
274 3749 441 3819 acquisitam
460 3747 502 3801 sui
519 3746 695 3810 intellectum
715 3745 790 3816 quod
805 3745 890 3799 etiam
904 3746 932 3796 in
947 3745 1063 3796 somniis
1083 3754 1166 3812 patet,
1181 3745 1209 3797 in

109 3841 208 3910 quibus
227 3837 280 3893 etsi
299 3837 334 3892 sit
350 3838 444 3906 aliqua
460 3836 651 3906 praefiguratio
670 3836 833 3899 futurorum,
853 3850 909 3885 non
929 3843 1022 3886 tamen
1042 3833 1209 3901 quicumque

109 3929 207 3982 videns
221 3924 331 3995 soumia
344 3941 441 3980 eorum
455 3924 612 3991 significata
626 3923 762 3990 intelligit.
805 3923 858 3973 Per
869 3919 1027 3988 hujusmodi
1042 3929 1137 3972 autem
1150 3918 1210 3969 visa

110 4016 150 4068 vel
163 4015 269 4077 audita,
283 4029 345 4082 quae
358 4021 495 4082 apparent
509 4011 537 4063 in
551 4009 680 4078 operibus
694 4026 848 4078 magorum,
860 4009 1021 4075 plerumque
1035 4005 1149 4059 advenit
1162 4005 1210 4057 ali-

111 4101 159 4154 cui*
174 4097 371 4155 intellectualis
393 4098 517 4166 cognitio
539 4098 696 4167 aliquorum
720 4114 782 4166 quae
807 4096 848 4148 sui
872 4092 1029 4148 intellectus
1049 4094 1210 4146 facultatem

112 4188 255 4252 excedunt,
271 4185 342 4239 sicut
355 4184 489 4239 revelatio
502 4184 673 4238 occultorum
687 4184 892 4247 thesaurorum,
903 4178 1099 4234 maniicstat'io
1110 4179 1218 4232 loturo·

113 4288 169 4326 rum
175 4291 184 4336 ς
194 4282 222 4327 et
232 4271 397 4340 quandoque
404 4267 486 4324 etiam
495 4269 533 4323 de
539 4270 684 4342 aliquibus
694 4271 882 4328 documentis
893 4271 1028 4328 scientiae
1036 4267 1243 4338 alicuiusuera

206 4382 331 4426 St'noms
340 4381 370 4428 11.
385 4404 411 4416 -
425 4396 454 4428 21
