2684 4634
395 108 453 156 DE
470 106 653 158 OPIFICIO
671 107 828 157 Murum.
1099 108 1163 158 283

9 206 17 233 b
86 218 701 229 ——-————.--—-.
723 223 770 227 ...
967 221 1096 226 ..η-

113 286 160 364 36.
208 282 257 349 Ut
272 306 403 367 aequum
419 288 461 349 de
477 288 538 350 litte
562 287 690 350 theoria
709 287 831 350 feratur
845 285 1018 366 judicium,
1034 286 1162 366 duplex

75 388 318 452 transformismi
332 390 439 453 soima
450 391 609 472 distingui
627 401 756 472 potest:
780 390 1064 453 transformismus
1076 390 1164 452 abso·

70 491 160 566 lutus,
176 493 234 573 qui
258 493 373 575 primae
400 514 508 556 causae
531 495 746 556 existentiam
770 493 929 573 rejiciens
944 493 1163 556 aeternitatem

68 597 223 673 materiae,
233 606 452 678 spontaneam
469 600 717 680 generationem
735 598 915 660 viventium
933 617 977 658 ex
993 596 1071 658 solis
1096 617 1164 658 ma-

66 699 155 761 teriae
180 699 374 788 viribus-et
399 702 617 764 successivam
642 702 825 783 specierum
850 701 1163 763 transmutationem

64 801 132 865 sine
144 803 212 866 Dei
228 804 414 867 interventu
434 805 595 882 admittit;
618 805 899 868 transformismus
915 805 1095 885 mitigatus,
1108 806 1162 885 qui

9 940 11 945 ·
64 905 239 987 Supremae
256 906 373 970 Causae
390 908 605 972 existentiam
630 929 822 990 agnoscens,
841 917 932 969 tenet
956 907 1099 989 primurn
1118 908 1163 970 vi-

62 1031 142 1074 vens
159 1009 212 1073 vel
228 1012 336 1093 prima
350 1012 495 1075 viventia
516 1012 615 1075 fuisse
631 1034 651 1074 a
664 1013 738 1075 Deo
754 1021 872 1088 creat-a,
890 1012 958 1074 imo
973 1012 1076 1073 vitam
1094 1013 1162 1073 ani-

63 1112 187 1176 malem
204 1135 272 1176 non
288 1115 445 1196 potuisse,
462 1116 533 1178 sine
550 1116 613 1178 Dei
631 1116 826 1191 interventu,
843 1135 862 1176 a
878 1115 944 1178 vita
969 1115 1159 1195 vegetativt

63 1216 180 1294 evolvi,
187 1217 363 1299 Deumque
376 1218 498 1299 pariter
508 1218 722 1282 intervenisse
732 1220 763 1280 in
777 1216 1008 1280 efformatione
1018 1218 1163 1298 corporis

64 1319 212 1385 humani.
258 1322 359 1386 Unde
374 1320 502 1402 duplex
519 1323 579 1384 erit
596 1322 706 1384 thesis.

90 1461 152 1544 37.
202 1468 298 1527 Thesis
312 1477 344 1528 1⁴¹
357 1494 369 1530 .·
399 1467 726 1533 Translormismus
746 1465 937 1532 absolutus
957 1485 1028 1532 non
1043 1466 1163 1530 minus

64 1561 147 1627 fidei
162 1581 272 1641 quam
287 1565 416 1630 rationi
430 1570 553 1645 aperte
568 1565 786 1630 contradicit.
1114 1573 1117 1577 ’

76 1718 80 1729 .
106 1661 246 1724 Etenim
256 1662 329 1726 'tale
344 1673 490 1745 systema
505 1664 568 1727 tria
583 1664 758 1746 supponit:
783 1663 928 1726 ereaterice
941 1662 1163 1736 (eternitatem,

62 1771 272 1845 spontaneam
276 1768 513 1847 generationem
524 1778 557 1831 et
563 1766 742 1846 fortuitam
754 1767 925 1848 specierum
935 1766 1164 1836 evolutionem,-

62 1867 157 1947 atqui
178 1867 251 1930 haec
272 1869 337 1932 tria
358 1879 553 1952 repugnant.
577 1875 580 1882 '
600 1870 745 1932 Primum
770 1870 850 1933 satis
873 1878 1004 1932 constat
1027 1884 1070 1930 ex
1088 1869 1162 1930 Phi·

10 2036 13 2047 ,
63 1969 217 2052 losophitt
232 1979 266 2033 et
282 1992 325 2033 ex
342 1970 440 2035 dictis
456 1993 555 2054 supra
570 1972 615 2054 (n.
637 1973 696 2054 13).

10 2102 13 2133 ³
104 2115 154 2193 38.
206 2131 237 2180 1⁰
248 2118 431 2200 Spontauea
441 2140 499 2182 seu
514 2120 673 2201 aequivoca
682 2119 858 2202 generatio,
868 2124 933 2200 qut
947 2129 1079 2182 tenetur
1091 2121 1160 2182 ani-

62 2220 209 2310 malcula
225 2223 372 2300 minima,
388 2233 424 2286 ut
441 2221 608 2299 inlusoria,
619 2244 663 2285 ex
681 2223 819 2285 materia
838 2224 996 2305 generari,
1008 2224 1079 2285 sine
1094 2224 1173 2285 ullo'

62 2341 127 2385 ovo
137 2323 189 2385 vel
202 2326 337 2403 semine,
345 2335 378 2388 et
390 2326 471 2389 citra
482 2327 546 2388 Dei
563 2325 793 2401 interventum,
807 2336 876 2387 turn
890 2325 1078 2408 Scripturae,
1090 2311 1160 2389 tum

62 2426 271 2489 naturalibus
287 2428 432 2491 scientiis
448 2440 611 2512 repugnat
630 2454 636 2493 :

104 2562 166 2649 (Α)
180 2564 366 2645 Scriptura.
405 2566 461 2630 Sic
472 2566 560 2629 enirn
577 2566 715 2630 refertur
731 2567 838 2648 prima
854 2567 1036 2628 viventium
1048 2568 1160 2648 origo:

61 2667 136 2729 “Et
151 2665 200 2730 ait
214 2667 337 2750 (Deus)
351 2688 358 2732 :
380 2670 547 2750 germinet
563 2680 649 2734 terra
665 2669 801 2731 herbam
813 2669 983 2743 virentem,
995 2678 1028 2730 et
1041 2669 1160 2731 facien-

60 2778 129 2832 tem
140 2772 439 2852 semenetlignum
449 2771 647 2854 pomiferum
659 2771 781 2835 iaciens
794 2771 936 2835 {ruitum
945 2771 1045 2852 juxta
1057 2793 1161 2853 genus

60 2893 158 2937 suum
172 2874 189 2900 ’'
200 2887 242 2938 ..·.1
270 2905 273 2910 ·
289 2875 341 2937 De
354 2875 474 2957 quibus
489 2877 597 2939 verbis
614 2876 685 2938 haec
708 2877 821 2940 scribit
840 2875 955 2956 Corluy
967 2888 981 2917 2
994 2899 1005 2939 .·
1032 2876 1157 2939 “Sacer

60 2986 177 3040 textus
193 2977 332 3040 dubium
348 2977 503 3061 relinquit
527 2989 638 3042 utrum
655 2980 754 3042 tertio
770 2980 827 3041 illo
850 2979 903 3041 die
925 2980 1018 3042 Deus
1034 2980 1162 3042 semina

60 3090 194 3144 tantum
206 3081 408 3162 vegetalium
417 3083 616 3164 produxerit
628 3093 662 3146 et
679 3094 773 3146 terrae
786 3084 1001 3159 mandaverit,
1012 3105 1054 3146 an
1068 3084 1161 3165 plan-

60 3194 110 3247 tas
124 3184 274 3265 integras
290 3185 322 3246 in
340 3185 414 3248 sinu
430 3195 526 3248 terrae
543 3188 710 3273 creaverit,
721 3208 763 3250 an
779 3189 914 3250 demum
931 3187 1056 3249 dederit
1070 3198 1164 3250 terrie

60 3287 215 3351 virtutem
239 3276 534 3351 extraordinarium
543 3289 674 3370 primas
682 3291 818 3371 plautas
834 3312 849 3353 e
864 3291 939 3353 siuu
960 3312 1017 3352 suo
1042 3291 1161 3371 absque

59 3392 181 3455 semine
193 3388 354 3468 educendi,
370 3412 414 3454 ex
429 3391 549 3474 quibus
573 3393 695 3455 deinde
711 3393 875 3456 orirentur
891 3392 998 3474 prima
1021 3395 1156 3455 semina.

62 3496 136 3559 Hoc
152 3494 309 3567 ultimum
326 3495 432 3576 magis
442 3495 578 3558 obvium
596 3495 674 3558 lacit
691 3495 785 3559 litera
797 3505 912 3558 textus
925 3497 966 3559 ”3.
1014 3496 1161 3578 Quomo-

91 3709 182 3762 ¹Gen.
200 3707 224 3772 1,
238 3720 279 3760 11.
290 3735 325 3745 -
336 3699 347 3730 ²
357 3707 398 3761 Cf.
409 3707 520 3776 Corluy‚
531 3708 549 3761 l.
565 3707 620 3776 cit,
638 3708 691 3760 vol.
708 3709 729 3776 l,
744 3724 769 3776 p.
788 3708 846 3775 198.

90 3797 156 3849 ³Ex
175 3811 232 3865 quo
250 3793 376 3864 sequitur
393 3783 605 3862 generationem
624 3803 820 3863 spontaneam,
846 3811 880 3848 eo
907 3810 991 3848 sensu
1017 3802 1162 3861 acceptam

59 3883 131 3950 quod
145 3866 228 3935 Deus
247 3878 307 3949 ipse
325 3881 451 3935 materiae
470 3881 579 3935 dederit
597 3881 768 3946 facultatem,
782 3882 809 3934 in
830 3881 913 3934 certis
936 3877 1162 3945 circumstantiis,

58 3966 181 4022 viventia
198 3963 382 4033 producendi,
405 3982 462 4018 non
480 3982 544 4019 esse
564 3965 627 4019 fidei
646 3959 826 4018 contrariam.
866 3964 911 4016 Ad
931 3981 990 4018 rem
1006 3963 1158 4017 Gladsteue

57 4050 268 4119 (Introduction
281 4061 310 4104 to
321 4052 370 4105 the
383 4048 506 4120 People's
514 4053 593 4104 Bible
605 4050 734 4120 Hittory)
747 4071 757 4104 .·
776 4052 791 4078 “
801 4053 1002 4119 Supponamus
1017 4050 1160 4118 paulisper

56 4140 207 4207 probatum
219 4137 316 4204 fuisse,
332 4127 381 4191 atit
393 4138 503 4201 saltem,
520 4138 637 4192 scientia.
651 4137 857 4206 progrediente,
871 4137 988 4191 concedi
1002 4138 1094 4204 passe,
1110 4136 1160 4187 im-

55 4224 240 4295 perlessiores
250 4234 279 4278 et
288 4223 472 4292 simpliciores
485 4225 550 4278 vitae
561 4226 672 4291 formas,
686 4241 749 4279 esse
761 4225 886 4278 materiae
900 4241 956 4277 non
970 4223 1089 4276 viventis
1109 4221 1167 4289 ims
1177 4244 1275 4301 .
