2684 4634
117 165 176 217 178
509 164 831 220 ,PROLEGOMENA

117 354 257 426 possunt
272 365 343 406 esse
359 344 584 407 attributionis
600 355 729 426 centra;
755 346 916 426 completa,
933 350 1012 408 nam'
1036 346 1123 409 in'ter
1148 348 1224 410 sub-

118 449 266 522 stantias,
282 448 355 510 aliae
371 458 447 511 sunt
465 449 675 531 incompletae
691 471 731 511 eo
747 469 845 512 sensu
861 449 951 531 quod
968 448 1123 530 indigent
1139 450 1224 536 uniri

119 553 212 614 alteri
230 552 426 614 substantiae
443 562 480 614 ut
496 554 624 633 possint
645 553 794 634 proprias
819 553 1030 634 operationes
1056 573 1224 628 exercere,

121 679 147 718 v.
164 676 192 735 g.
210 657 321 717 anima
337 657 519 733 brutorum,
537 678 654 719 manus
671 658 702 718 in
720 656 864 731 homine,
879 665 912 718 et
928 655 980 717 hae
997 645 1064 717 non
1081 665 1224 737 possunt

122 780 191 821 esse
218 780 377 840 personae,
400 780 474 841 quae
498 780 565 821 non
589 760 654 823 sibi
676 770 789 842 agunt,
814 780 874 822 nec
900 769 977 822 sunt
999 759 1226 821 attributionis

77 879 81 885 ·
121 871 286 938 centrum;
312 862 386 923 aliae
402 871 512 924 autem
535 872 613 925 sunt
636 862 813 944 completae
839 864 918 945 quia
940 870 1081 943 possunt
1105 883 1167 942 per
1181 882 1224 923 se

121 967 329 1046 operationes
346 986 500 1028 exercere
516 966 577 1027 sibi
595 975 844 1040 consentaneas
860 974 893 1027 et
918 964 969 1026 hae
993 975 1137 1046 possunt
1152 985 1224 1027 esse

121 1090 279 1150 personae,
295 1091 322 1131 v.
340 1089 368 1149 g.
386 1067 533 1149 angelus,
549 1068 664 1146 homo;
687 1069 847 1150 suijuris,
863 1090 920 1132 seu
937 1068 1223 1131 incommunicabi-

121 1174 198 1235 liter
211 1174 402 1247 subsistens,
419 1175 436 1235 i.
453 1194 478 1234 e.
496 1172 623 1235 habens
638 1172 820 1237 dominium
838 1172 888 1234 sui
905 1180 938 1234 et
961 1192 1095 1233 suarum
1121 1170 1223 1234 actio-

122 1297 218 1353 num;
251 1278 339 1357 quod
368 1277 500 1356 quidem
525 1276 643 1350 evenit,
669 1276 941 1357 quotiescumque
965 1276 1155 1338 substantia
1178 1276 1224 1338 ita

123 1380 289 1460 completa
305 1389 355 1442 est
371 1389 407 1441 ut
432 1399 497 1442 non
521 1387 708 1451 assumatur
731 1400 750 1440 a
773 1379 931 1461 superiori
955 1383 1117 1460 persont:
1144 1388 1222 1441 tunc

123 1484 211 1544 enim
228 1484 361 1547 exsistit
377 1493 596 1563 operaturque
604 1491 738 1562 prepter
750 1504 783 1544 se
797 1492 831 1545 et
846 1483 947 1546 habet
962 1484 1131 1564 propriam
1148 1482 1222 1544 sub-

123 1586 317 1661 sistentiam,
340 1587 436 1667 eique
466 1585 653 1647 tribuuntur
683 1603 799 1647 omnes
826 1583 972 1648 astiones
1002 1606 1086 1667 quas
1106 1584 1221 1661 .elicit;

123 1689 282 1750 intellettu
290 1689 442 1769 predita,
458 1689 490 1749 in
507 1687 569 1749 hoc
586 1708 726 1769 persona
742 1687 852 1751 differt
864 1709 884 1749 a
896 1687 1038 1769 simplici
1054 1687 1221 1768 supposito,

124 1793 175 1854 cui
199 1794 400 1855 conveniunt
423 1812 539 1854 omnes
562 1791 739 1872 qualitates
763 1813 862 1872 supra
878 1791 1063 1872 descriptae,
1078 1794 1221 1872 exceptt

124 1906 236 1977 tamen
253 1897 389 1970 ratione,
404 1917 432 1958 v:
448 1917 478 1977 g.
495 1896 594 1971 caniS,
612 1894 716 1970 arbor,
729 1895 812 1976 lapis
828 1902 905 1956 sunt
918 1893 1100 1975 supposita.
1148 1895 1220 1955 Per-

125 1999 283 2061 sonalitas
310 1999 418 2080 igitur,
440 2019 514 2078 quae
539 1997 752 2060 subsistentia
776 1997 876 2059 etiam
901 1997 1029 2071 dicitur,
1046 2005 1096 2058 est
1122 1996 1197 2079 perf
1211 2035 1220 2044 -

125 2100 190 2164 etio
207 2106 272 2182 qua
288 2112 406 2164 natura
423 2099 662 2175 intellectualis
679 2101 854 2182 singularis
870 2110 902 2162 et
919 2099 1087 2181 completa
1111 2109 1159 2162 est
1171 2101 1220 2161 sm

127 2218 234 2267 rurts1.

170 2374 214 2441 17.
262 2365 308 2444 (b)
329 2365 383 2425 Ex
400 2364 461 2424 hoc
478 2372 616 2444 apparet
631 2363 795 2425 distr'nttie
818 2364 904 2426 inter
925 2373 1079 2426 naturam
1103 2374 1135 2427 et
1149 2375 1220 2445 per-

125 2489 244 2529 sonam.
292 2467 459 2546 Imprimis
476 2475 591 2528 natura
607 2476 717 2547 potest
732 2486 803 2528 esse
815 2457 1002 2528 substantia
1013 2467 1221 2548 incompleta,

127 2576 206 2636 dum
224 2591 364 2652 persona
380 2580 430 2631 est
446 2591 576 2651 semper
599 2570 785 2632 substantia
804 2569 989 2652 completa:
1013 2592 1039 2633 v.
1057 2591 1086 2651 g.
1104 2592 1221 2652 corpus

127 2679 318 2750 humanum,
335 2674 470 2735 seorsim
488 2672 684 2754 spediatum,
700 2681 750 2734 est
766 2681 883 2735 natura
899 2674 1063 2754 quaedam,
1080 2675 1139 2736 sed
1157 2694 1221 2736 non

128 2801 277 2863 persona,
291 2779 369 2860 quia
386 2799 450 2839 non
467 2787 517 2840 est
533 2778 719 2839 substantia
729 2778 903 2858 completa.
949 2777 1015 2840 Sed
1033 2778 1171 2859 insuper
1191 2788 1222 2839 et

123 2886 280 2967 praecepere
305 2891 421 2945 natura
445 2903 483 2943 er
505 2901 538 2942 se
562 2876 703 2943 nonest
727 2879 777 2941 sui
798 2879 889 2960 juris,
906 2900 971 2941 non
998 2889 1048 2943 est
1072 2891 1221 2944 centrum

129 2987 352 3051 attributionis
368 2995 401 3047 et
418 2985 655 3066 imputationis,
670 2983 728 3045 sed
745 2991 795 3044 est
818 2977 925 3043 solum
941 2982 1141 3064 principium
1164 3005 1224 3065 que

129 3093 202 3174 quis
218 3091 320 3152 utitur
335 3090 375 3150 ad
394 3087 569 3168 agendum,
586 3089 665 3149 dum
690 3106 830 3167 persona
852 3075 902 3147 est
918 3085 1119 3167 principium
1142 3087 1228 3168 qued

129 3196 206 3277 agit,
224 3194 276 3256 cui
291 3193 428 3273 proinde
445 3193 634 3278 tribuuntur
649 3211 765 3253 omnes
781 3187 937 3267 attiones,
954 3210 992 3252 ac
1010 3191 1151 3278 proinde
1174 3201 1223 3254 est

164 3430 171 3451 1
195 3408 276 3477 Apud
302 3408 425 3470 Graecos,
452 3401 524 3474 φύσις
550 3414 576 3457 et
600 3400 674 3455 οὐσία
697 3412 825 3455 naturam
848 3401 1007 3470 designant,
1033 3399 1175 3460 ὑπόστασις
1198 3413 1224 3455 et

129 3494 272 3564 πρόσωπον
286 3511 441 3562 personam.
480 3490 641 3560 Antiquitus
654 3507 719 3543 vero
734 3506 832 3542 sensus
841 3488 1000 3557 hujusmodi
1011 3488 1159 3542 verborum
1168 3506 1223 3542 non

130 3581 229 3634 eodem
243 3582 326 3634 modo
339 3582 375 3633 ab
389 3579 520 3633 omnibus
534 3578 749 3644 intelligebatur,
764 3575 822 3629 sive
840 3576 921 3648 apud*
937 3574 1052 3629 Latinos
1072 3574 1132 3628 sive
1149 3577 1224 3645 apud

131 3670 245 3721 Graecos
253 3689 259 3732 ;
280 3668 404 3721 nonnulli
418 3667 504 3720 etiam
520 3664 630 3718 Nicaeni
645 3666 743 3717 Patres
757 3662 931 3730 hypostasim
942 3677 1005 3714 cum
1018 3661 1118 3714 natura
1131 3663 1198 3715 conl
1215 3692 1225 3702 ·

130 3756 238 3819 derunt,
252 3753 290 3806 ita
304 3764 332 3807 ut
347 3770 447 3807 sensus
460 3769 493 3805 ex
507 3761 637 3805 contextu
652 3748 833 3803 determinari
846 3746 957 3807 debeat.
1001 3746 1115 3803 lde0,in
1136 3749 1221 3801 Conc.

132 3845 340 3910 Censtarrtinop.
360 3844 370 3893 l
387 3839 461 3908 (381)
476 3839 614 3893 sancitum
628 3847 670 3892 est
683 3847 712 3890 ut
726 3853 810 3889 voces
821 3839 950 3902 persona,
962 3834 1126 3903 hypostases,
1139 3836 1225 3888 subsi-

129 3932 230 3982 stentia
244 3929 319 3982 idem
333 3928 530 3995 significarent.
572 3925 735 3978 Notandum
746 3933 789 3977 est
799 3921 1225 3976 tamenvocabulumsubsisten-

130 4021 199 4070 tiam
213 4017 364 4086 aliquando
378 4015 481 4084 opponi
495 4014 678 4067 occidentibus
690 4022 718 4065 et
731 4021 797 4064 tunc
811 4009 959 4078 designare
969 4007 1106 4078 quidquid
1117 4019 1226 4063 nonest

131 4105 271 4170 accidens,
291 4121 339 4156 seu
359 4102 513 4171 quamlibet
533 4100 717 4154 substantiam
724 4118 731 4162 ;
759 4114 814 4166 quo
834 4113 917 4150 sensu
937 4094 1038 4149 dicitur
1056 4097 1226 4166 quandoque

131 4193 280 4243 humanam
302 4189 404 4244 Christi
423 4199 552 4242 naturam
570 4189 722 4250 substitere,
737 4183 864 4253 quamvis
884 4199 1004 4252 persona
1022 4198 1079 4236 non
1093 4182 1142 4248 sit.
1181 4183 1222 4236 Cf.

130 4281 228 4330 Peter).
245 4279 261 4330 l.
279 4279 326 4343 lV,
341 4294 364 4330 c.
384 4291 437 4340 1-2;
458 4276 606 4337 Newman,
622 4273 733 4342 Arians,
747 4269 906 4339 Appendix,
919 4278 976 4322 not.
993 4283 1018 4337 4,
1035 4286 1061 4337 p.
1078 4282 1138 4338 432.
