2684 4634
355 197 412 246 DE
429 196 647 247 MYSTERIO
666 194 999 245 REDEMP’rloms
1162 190 1228 242 5³9

126 374 273 454 ptismus
288 376 368 457 ipsis
383 375 523 438 conferri
540 374 652 455 possit.
699 374 749 438 Ut
764 393 804 435 ea
820 392 895 452 quae
911 374 953 436 de
978 373 1043 435 fide
1066 377 1144 431 sunt
1168 374 1227 430 aut

125 487 221 541 certa
236 477 281 541 ab
295 479 427 542 incertis
443 497 662 551 secernamus,
679 486 744 539 tres
760 484 857 538 erunt
873 475 1127 557 propositiones.

164 623 239 676 201.
286 619 314 671 1⁰
323 611 490 677 Christus
503 629 586 676 vere
597 609 773 675 satisfecit
789 627 852 688 pro
867 610 1034 674 omnibus
1049 604 1224 681 fidelibus,

122 707 240 772 etiam
256 727 319 788 pro
333 708 402 775 illis
415 710 477 790 qui
491 727 562 774 non
577 714 663 773 sunt
678 706 924 787 praedestinati
934 734 953 773 1.
999 707 1050 769 De
1055 706 1127 787 fide
1135 712 1229 767 estex

128 811 279 876 Yn'de'nt.
295 834 377 877 mox
393 815 536 877 citando,
923 865 928 876 .

132 954 135 958 ⁴
170 913 233 995 (A)
250 915 433 998 Scriptura
475 915 526 996 (a)
544 915 578 977 S.
596 916 743 977 Paulus²
760 922 874 994 aperte
890 912 1037 975 declarat
1060 910 1229 975 Christum

123 1002 329 1081 satisfecisse
346 1040 405 1100 pro
415 1017 579 1092 omnibus
589 1017 773 1098 praesertim
786 1015 940 1078 fidelibus
955 1038 962 1077 ε
985 1013 1082 1095 “Qui
1099 1021 1150 1074 est
1162 1009 1224 1072 sal-

121 1125 224 1180 vator
248 1122 399 1184 omnium
426 1120 610 1194 hominum,
626 1120 766 1181 maxime
779 1118 934 1199 fidelium
946 1118 970 1179 '’.
1004 1116 1067 1210 ib)
1086 1116 1225 1194 Insuper

125 1218 302 1285 &Paulus
313 1223 487 1286 manifeste
503 1224 661 1305 supponit
674 1222 842 1286 Christum
857 1230 1029 1283 mortuum·
1038 1239 1110 1282 esse
1122 1218 1223 1280 etiam

125 1342 188 1402 pro
206 1323 271 1386 illis
283 1328 339 1406 qui
356 1347 422 1389 non
440 1327 727 1408 praedestinantur,
738 1344 815 1386 nam
829 1324 928 1386 dicit:
953 1322 1059 1385 “Noli
1075 1321 1150 1384 cibo
1166 1329 1224 1382 tuo

120 1424 257 1503 perdere
272 1427 368 1491 illum·
378 1448 439 1510 pro
455 1449 522 1510 quo
535 1428 687 1492 Christus
704 1436 854 1488 mortuus
870 1435 921 1488 est
932 1427 984 1503 ’'³;
1006 1445 1086 1506 ergo
1102 1442 1223 1504 suppo-

124 1514 354 1589 nithristum
365 1527 466 1589 etiam
480 1535 647 1589 mortuum
660 1545 732 1586 esse
744 1544 804 1605 pro
817 1523 880 1585 illis
893 1525 949 1605 qui
966 1524 1059 1605 perdi
1076 1528 1225 1604 possunt,

124 1623 143 1684 i.
161 1643 198 1698 e,
215 1627 272 1705 qui
289 1638 355 1690 non
372 1629 659 1709 praedestinantur.

172 1722 242 1812 (B)
266 1729 453 1793 Traditione
468 1756 480 1795 .·
511 1731 558 1812 (al
579 1731 717 1810 Legitur
741 1729 829 1790 enim
854 1729 887 1789 in
905 1727 1093 1808 Symbolo:
1127 1724 1222 1807 “Qui

124 1839 264 1909 propter
278 1850 339 1893 nos
354 1831 515 1908 homines,
531 1840 564 1894 et
580 1840 716 1912 propter
731 1839 875 1892 nostram
893 1829 1033 1892 salutem
1051 1827 1223 1891 descendit

123 1931 169 1991 de
184 1931 279 1993 coelis
289 1931 326 2010 ’'·;
349 1924 573 2015 atquiomnes¹
589 1932 712 2008 fideles
725 1933 825 1994 etiam
842 1951 908 1993 non
926 1931 1161 2013 praedestinati‚
1174 1939 1222 1993 te-

124 2035 410 2099 nenturrecitare
435 2029 652 2117 Symbolum;
690 2055 769 2115 ergo
797 2034 948 2098 Christus
975 2033 1134 2096 satisfecit
1161 2052 1221 2113 pro

124 2135 408 2212 omnibusetiam
433 2131 498 2202 non
523 2138 774 2219 praedestinatis.
829 2136 881 2218 (b)
905 2138 960 2199 Ex
977 2137 1127 2200 Concilio
1148 2136 1179 2197 Τ
1176 2136 1221 2197 ri·

124 2237 257 2300 dentino
271 2240 450 2305 dicenter:
484 2246 501 2272 “
511 2243 646 2315 Verum,
662 2241 724 2302 etsi
748 2239 802 2301 ille
816 2251 878 2320 pro
901 2240 1050 2303 omnibus
1076 2249 1222 2302 ntortuus

122 2350 178 2415 est,
195 2361 264 2404 non
280 2363 400 2407 omnes
416 2354 527 2408 tamen
544 2345 657 2405 mortis
674 2343 745 2423 ejus
761 2341 959 2405 beneficium
973 2343 1140 2423 accipiunt
1153 2342 1177 2405 ’'.

162 2492 236 2544 202.
280 2487 310 2539 2⁰
324 2480 491 2546 Christus
504 2496 587 2543 vere
609 2477 785 2543 satisfecit
808 2493 870 2557 pro
891 2478 1057 2542 omnibus
1078 2476 1222 2541 infideli-

121 2575 205 2654 bu‘S,·
219 2576 349 2642 saltem
363 2576 507 2642 adultis.
553 2576 683 2641 Certum
699 2586 791 2638 estet
795 2577 883 2656 fidei
893 2576 1089 2656 proximum.

166 2672 229 2756 (A)
252 2675 369 2757 Script.
384 2701 396 2740 .·
429 2672 479 2761 (a)
500 2678 555 2739 Ex
579 2679 727 2741 textibus
750 2679 783 2739 in
807 2678 927 2758 q'uibus
951 2678 1052 2740 modo
1075 2678 1219 2758 generali

121 2779 282 2840 asseritur
293 2777 463 2843 Christum
476 2800 536 2860 pro
549 2783 704 2843 omnibus
717 2781 1006 2843 indiscriminatim
1018 2780 1216 2842 satisfecisse

122 2901 150 2942 v.
172 2900 204 2961 g.
233 2881 412 2962 “Ipse-est
434 2884 627 2964 propitiatio
649 2905 710 2966 pro
733 2885 877 2964 peccatis
900 2885 1031 2960 nostris,
1057 2904 1124 2945 non
1159 2904 1219 2964 pro

122 2983 245 3044 nostrils
256 2990 397 3059 tantum,
409 2983 467 3046 sed
481 2987 582 3047 etiam
597 3008 656 3067 pro
666 2987 768 3048 totius
785 2986 901 3048 mundi
914 2987 929 3012 ”
940 2996 960 3048 ⁵.
1007 2984 1058 3067 (b)
1076 2986 1130 3048 Ex
1147 3005 1219 3067 spe-

119 3083 198 3145 ciali
224 3094 320 3148 textu
338 3085 370 3149 S.
389 3087 534 3150 Pauli⁶:
569 3088 747 3151 “Obsecro
770 3089 872 3168 igitur
897 3088 1039 3169 primum
1067 3090 1216 3151 omnium

120 3184 191 3258 fieri
209 3185 463 3264 obsecrationes
479 3191 679 3253 orationes...
698 3211 758 3271 pro
774 3191 928 3253 omnibus
944 3191 1143 3266 hominibus
1160 3212 1219 3272 pro

120 3287 252 3371 regibus
273 3298 308 3352 et
327 3290 473 3353 omnibus
498 3293 557 3372 qui
579 3294 615 3356 in
638 3292 838 3355 sublimitate
861 3304 970 3355 sunt...
1030 3294 1105 3371 Hoc
1129 3296 1217 3355 enim

120 3392 248 3454 bonum
272 3401 306 3455 et
328 3403 502 3473 acceptum
526 3404 576 3457 est
600 3415 710 3456 coram
729 3395 901 3458 Salvatore
925 3406 1038 3459 nostro
1056 3396 1139 3470 Deo,
1161 3396 1217 3474 qui

119 3514 230 3566 omnes
244 3493 395 3564 homines
411 3496 481 3558 vult
506 3495 614 3567 salvos
640 3496 718 3571 fieri,
734 3506 767 3559 et
792 3500 833 3559 ad
851 3498 1047 3577 agnitionem
1069 3498 1218 3559 veritatis

118 3596 263 3658 venire...
310 3598 408 3662 Unus
422 3600 512 3663 enim
527 3600 632 3675 Deus,
649 3620 734 3662 unus
750 3609 783 3661 et
801 3602 965 3662 mediator
982 3601 1045 3662 Dei
1062 3611 1095 3662 et
1111 3600 1216 3662 homi-

119 3719 211 3774 nurn,
223 3699 325 3762 homo
341 3700 492 3764 Christus
512 3701 618 3781 JesuS‚
634 3703 690 3782 qui
707 3703 800 3764 dedit
818 3704 1079 3784 redemptionem
1096 3713 1213 3766 semet·

153 3895 283 3950 ¹Sensus
296 3906 338 3951 est
353 3896 495 3950 Christum
509 3897 732 3952 satisfatlionem
746 3910 773 3952 et
787 3900 918 3953 meritum
928 3903 1104 3955 obtulissent
1117 3919 1216 3956 omnes

117 3993 146 4037 et
159 3970 262 4050 singuli
276 3982 376 4037 saltem
390 3983 502 4038 Fideles
520 3985 640 4053 gratiam
654 3986 789 4055 ,accipere
808 3998 923 4055 possent
942 3990 1100 4056 coelumque
1114 3987 1216 4057 pertin·

116 4086 199 4139 gere,¹
209 4068 232 4122 si
248 4079 342 4134 tamen
356 4070 533 4124 conditiones
546 4088 579 4124 ex
592 4081 671 4140 parte
685 4073 808 4140 ipsorum
821 4072 971 4142 requisitas
984 4075 1166 4143 adimpleant.

151 4157 192 4209 ²1
203 4156 276 4209 Tim.
292 4157 342 4222 lV,
359 4171 398 4210 10.
414 4187 448 4194 —
460 4163 470 4193 ³
481 4159 559 4210 Rom.
574 4159 653 4225 XIV,
673 4172 710 4225 15.
726 4190 760 4213 -,
772 4157 860 4213 *Sese
876 4162 926 4226 Vl,
937 4176 998 4229 cap.
1015 4175 1040 4229 3.

116 4252 121 4257 ’
151 4241 262 4310 ⁵lJ0a.
278 4242 317 4308 ll,
331 4259 356 4295 2.
372 4244 457 4296 -tl
472 4245 541 4296 Tim.
559 4246 596 4311 ΙΙ,
614 4247 664 4298 1-6.
