2684 4634
201 173 244 222 26
663 175 801 224 CAPUT
819 175 844 222 1.

196 355 389 417 scandalum
419 365 588 436 generant,
612 366 645 419 et
669 354 836 436 injuriosae
860 364 946 432 sunt,
971 354 1047 436 quia
1070 362 1102 415 et
1126 351 1295 416 infamiam

197 458 339 533 inurunt,
356 468 388 520 et
406 459 570 521 interdum
590 460 752 523 inducunt
769 461 834 522 alia
851 461 1062 523 incommoda
1074 467 1107 520 et
1119 458 1296 520 detrimen·

196 559 280 624 ta.'’·1
328 563 494 624 Posterior
510 585 529 624 a
545 563 693 644 legitima
711 563 907 627 auctoritate
921 563 1029 636 fertur,
1042 582 1116 642 quae
1128 561 1155 622 si
1168 561 1210 622 de
1223 580 1296 622 cen·

196 668 271 725 sura
288 665 463 727 universali
480 675 513 728 et
530 666 693 729 infallibili
712 677 840 750 agatur,
856 688 921 730 non
940 666 1101 748 competit
1118 665 1180 727 nisi
1198 665 1294 726 Rom.

198 767 349 830 Pontifici
366 778 399 830 et
415 769 560 849 generali
578 771 744 849 Concilio;
769 771 927 852 Episcopi
951 771 983 831 in
1007 769 1139 850 propria
1161 767 1294 830 dioecesi

197 890 350 932 censuras
379 871 461 934 ferre
497 883 647 954 possunt,
679 896 745 938 non
778 886 889 939 autem
923 873 1116 936 infallibiles
1162 871 1295 953 Duplici

196 974 297 1036 modo
320 985 460 1055 possunt
484 975 549 1037 illae
572 998 720 1040 censurae
744 979 839 1042 ferri:
863 977 1106 1060 propositiones
1122 974 1293 1056 sigillatim

197 1077 368 1140 referendo
379 1079 579 1161 singulisque
590 1082 738 1144 debitam
753 1082 953 1165 apponendo
965 1099 1146 1154 censuram,
1156 1077 1208 1140 vel
1221 1098 1294 1158 pro-

196 1180 375 1261 positiones
387 1182 557 1263 sigillatim
571 1184 743 1247 referendo
754 1206 875 1266 easque
888 1183 1020 1265 inglobn
1031 1181 1294 1256 condemnando,

197 1285 374 1346 asserendo
390 1285 543 1347 videlicet
560 1295 656 1349 notas
672 1289 844 1368 quasdam,
861 1288 893 1348 in
911 1306 1012 1348 unum
1027 1292 1208 1366 congestas
1221 1304 1294 1365 pro·

197 1388 417 1468 positionibus
434 1389 615 1470 respective
631 1393 815 1454 convenire.
861 1389 1029 1471 Exempla
1045 1389 1214 1469 utriusque
1237 1388 1294 1449 ha·

197 1490 254 1553 bes
270 1493 360 1573 apud
377 1492 571 1573 Denninger,
588 1495 813 1570 Enchiridion,
829 1496 901 1573 966,
923 1496 1000 1557 1082
1018 1502 1078 1555 etc.

238 1639 286 1704 62.
334 1642 393 1724 (Β)
407 1643 883 1709 Deurtiioritatecensurarum.
928 1644 978 1725 (a)
992 1643 1133 1724 Agimus
1150 1643 1294 1723 primum

197 1744 239 1804 de
255 1745 400 1807 censuris
418 1767 437 1808 a
454 1747 550 1808 Rom.
570 1747 729 1811 Pontifice
745 1750 795 1811 vel
812 1749 1018 1811 oecumenico
1036 1746 1186 1810 Concilio
1210 1745 1293 1808 latis.

198 1847 253 1907 Ex
270 1845 366 1909 dietis
384 1849 415 1908 in
439 1849 490 1911 Tr.
507 1850 546 1911 de
561 1849 702 1912 Ecclesicl
719 1851 762 1932 (n.
785 1869 841 1931 193
860 1852 930 1934 sq),
944 1850 1093 1913 Ecclesia
1108 1858 1158 1911 cst
1174 1848 1294 1911 infalli-

198 1949 270 2011 bilis
288 1951 319 2012 in
338 1951 480 2014 ferendis
496 1954 641 2015 censuris
665 1955 750 2017 circa
774 1975 824 2018 res
847 1955 1054 2036 dogmaticas
1077 1953 1127 2014 vcl
1153 1951 1294 2014 morales

197 2062 254 2114 aut
270 2074 344 2116 cum
362 2056 408 2116 eis
425 2065 515 2117 certo
532 2064 564 2118 et
581 2057 743 2119 indivulse
760 2079 939 2134 connexas
956 2057 1161 2138 proindeque
1176 2074 1295 2117 omnes

165 2242 167 2246 Α
197 2157 362 2219 internum
380 2157 577 2240 firmumque
594 2181 763 2223 assensum
778 2182 924 2225 censurat
938 2159 1085 2242 judiciali
1099 2160 1294 2240 dogmaticae

197 2260 343 2339 praebere
359 2262 483 2324 debent
498 2286 504 2324 :
530 2263 689 2325 Ecclesiae
706 2265 793 2327 enim
811 2266 945 2328 docenti
963 2284 1029 2326 non
1046 2262 1154 2324 solum
1177 2261 1293 2324 volun-

196 2364 274 2424 tatis
290 2365 347 2425 sed
365 2365 464 2427 ctiam
482 2367 602 2428 mentis
618 2367 812 2448 obsequium
827 2379 983 2449 praestare
997 2373 1155 2430 tenemur.
1203 2366 1293 2427 Hinc

205 2467 397 2531 Vaticanum
420 2470 547 2550 (Const.
564 2471 631 2532 Dei
644 2471 761 2548 Filius,
777 2475 862 2536 circa
880 2472 993 2553 finem)
1016 2473 1083 2534 ait:
1107 2471 1292 2552 “quoniam

195 2591 273 2643 uero
284 2573 364 2634 satis
375 2593 441 2634 non
454 2583 504 2636 est
517 2573 706 2636 haercticam
719 2577 916 2656 pravitatem
928 2578 1083 2649 devitare,
1094 2575 1156 2636 nisi
1173 2574 1194 2635 ii
1211 2595 1291 2655 quo-

196 2694 260 2754 que
276 2695 400 2738 errores
417 2676 593 2757 diligenter
610 2677 785 2758 fugiantur,
802 2680 857 2759 qui
875 2680 916 2741 ad
935 2680 1025 2741 illam
1043 2679 1117 2760 plus
1141 2677 1291 2740 minusve

196 2778 366 2856 accedunt,
383 2801 498 2842 omnes
515 2780 612 2843 officii
631 2803 805 2844 monemus
828 2783 984 2845 servandi
1005 2783 1103 2845 etiarn
1129 2780 1290 2844 Constitu·

196 2884 295 2945 tiones
317 2894 347 2946 et
371 2884 515 2962 Decreta,
541 2886 657 2966 quibus
671 2898 788 2967 pruvce
812 2888 1001 2968 hususrnodi
1026 2886 1191 2967 opiniones,
1222 2905 1291 2966 quee

196 2987 290 3048 istlu‘c
303 2988 420 3050 diserte
436 3009 497 3050 non
512 2999 751 3066 enumerantur,
768 2991 808 3053 ab
823 2990 884 3053 lule
900 2991 934 3052 5.
953 2991 1034 3054 Sede
1048 2972 1240 3070 proscriptae
1261 2998 1292 3050 et

193 3089 362 3169 prohibitu
372 3092 497 3152 sunt.”²
543 3092 656 3173 Igitur,
668 3111 742 3152 cum
758 3090 906 3152 Ecclesia
918 3091 1079 3170 quasdam
1094 3091 1290 3172 propositio·

196 3212 253 3253 nes
270 3193 317 3254 uti
334 3214 495 3268 erroneaS,
511 3194 562 3256 vel
579 3194 770 3256 temerarias
793 3202 852 3256 etc.
877 3194 945 3256 sive
968 3194 1148 3274 speciatim,
1165 3195 1234 3257 sive
1258 3195 1289 3255 in

195 3296 295 3377 globo
311 3299 457 3371 damnat,
475 3299 650 3380 unicuique
667 3318 858 3379 persuasum
875 3319 947 3359 esse
963 3298 1061 3360 debet
1078 3297 1202 3360 nullam
1219 3319 1290 3360 esse

195 3421 238 3462 ex
262 3403 429 3465 damnatis
453 3402 733 3484 propositionibus
756 3421 830 3482 quae
854 3401 998 3482 aliquam
1023 3423 1066 3464 ex
1090 3401 1290 3463 enumeratis

196 3506 282 3567 notis
299 3527 365 3567 non
384 3516 555 3569 mereatur.

236 3654 285 3734 63.
332 3655 382 3736 (b)
400 3655 435 3718 Si
452 3665 570 3735 agatur
586 3655 628 3716 de
644 3653 790 3716 censuris
806 3673 825 3714 a
851 3654 946 3715 Rom.
965 3605 1290 3733 Congregationibus

230 3852 237 3874 ¹
251 3854 294 3904 De
307 3853 382 3919 Fide,
397 3852 467 3920 disp.
483 3853 564 3915 XIX,
578 3869 598 3905 s.
612 3853 650 3918 ΙΙ,
660 3869 687 3904 n.
700 3867 741 3905 21.
783 3851 824 3904 Cf.
839 3850 982 3904 decretum
996 3852 1087 3903 Innnc.
1103 3850 1157 3917 XI,
1171 3867 1194 3904 2.
1209 3860 1291 3904 mart.

197 3941 263 4010 1679
277 3941 351 4008 apud
367 3940 503 4009 Hearing,
520 3940 594 4007 1083.
636 3941 707 3992 Haec
718 3939 820 4007 pariter
831 3939 1014 3993 attendantur
1022 3956 1085 4007 quae
1095 3936 1171 3992 rec‘te
1180 3939 1293 4007 scripsit

196 4031 226 4081 P.
241 4030 273 4081 de
286 4029 390 4094 Sntedt,
411 4030 438 4082 S.
456 4026 493 4097 J,
515 4029 574 4080 Des
594 4028 706 4081 devoirs
726 4027 777 4080 des
797 4026 944 4079 Ecrivains
964 4026 1139 4094 catholiques
1159 4025 1231 4079 dans
1251 4028 1293 4079 les

195 4117 394 4169 Controverses
417 4115 670 4183 contemporaineS,
693 4115 720 4166 in
747 4113 888 4183 periodico
909 4114 1038 4166 Annales
1059 4115 1092 4166 de
1112 4113 1294 4182 Philosophie

194 4203 356 4268 claritienne,
369 4201 436 4255 avril
454 4202 527 4268 1886,
542 4219 567 4270 p.
586 4215 627 4270 35.

229 4290 295 4344 Ἢ,
313 4292 416 4358 Encyc.
433 4290 547 4359 ernutu
560 4305 636 4354 curu,
651 4289 665 4340 8
681 4291 750 4342 Dec.
771 4290 844 4359 1864,
859 4298 887 4341 et
901 4306 977 4357 prop.
993 4303 1024 4340 22
1041 4287 1147 4356 syllabi.
