2684 4634
200 167 244 216 7⁴
627 166 863 218 appetitrix,

199 362 289 403 omne
308 343 419 403 iactum
432 345 664 418 supernaturale
691 346 810 419 penitus
835 344 1006 404 eliminare?
1042 344 1071 402 Si
1095 343 1139 402 ita
1160 343 1198 405 in,
1212 342 1293 408 rebus

200 431 337 490 humanis
361 443 524 504 arguerent,
548 451 648 492 nonne
670 443 812 506 tanquam
834 430 1013 504 praejudiciis
1035 429 1147 490 imbuti
1166 431 1294 502 despice

200 522 315 576 rentur?
338 556 340 560 -

186 649 191 658 '
237 648 292 704 153
330 653 360 710 3⁰
382 639 487 697 Coroll.
531 639 576 697 Ex
594 638 652 699 hoc
670 638 812 698 concludi
831 647 929 711 potest
946 636 1032 704 fidem
1050 656 1107 695 esse
1126 637 1242 695 rationi
1255 655 1296 694 seu

202 724 321 781 scientia
324 726 552 796 prestantiorem
559 727 615 784 sub
623 726 730 800 triplici
738 725 875 799 respectu
886 746 892 784 :
906 727 946 798 (ι)
954 725 1067 784 ratione
1070 724 1226 798 prinapii,
1233 724 1296 796 quia

202 809 285 880 fides,
296 810 408 870 nedum
420 812 563 871 rationem
577 813 750 884 exstinguat,
764 813 791 871 ei
805 831 916 872 novum
929 813 1030 873 lumen
1042 812 1137 884 addit,
1150 818 1191 871 s‘c.
1202 812 1295 870 lumen

202 897 397 1034 revrglationis,
411 916 446 955 ac
459 898 585 971 proinde
597 899 661 971 ejus
677 899 872 973 capacitatem
884 900 923 959 ad
936 917 1039 959 verum
1054 898 1294 973 cognoscendum

203 979 325 1050 percit.

204 1076 244 1146 (b)
257 1075 385 1134 Ratione
397 1076 502 1148 oby'clti,
516 1076 586 1147 quia
599 1075 751 1148 obiedium
765 1075 836 1137 fidei
844 1077 935 1135 latius
948 1084 1029 1150 patet
1041 1094 1135 1151 quam
1149 1074 1296 1149 obiectum

203 1162 332 1234 rationis,
345 1172 374 1221 et
384 1162 579 1236 philosophus
593 1162 912 1235 Christianus,lumine
924 1162 993 1222 fidei
1007 1162 1179 1233 instructus,
1186 1164 1296 1235 compa-
1314 1182 1317 1187 ¹

204 1250 257 1306 rari
271 1260 368 1322 potest
380 1260 560 1322 astronomo,
576 1250 627 1322 qui
645 1251 797 1323 telescopo
816 1252 925 1322 utitur;
943 1251 1019 1309 sicut
1037 1251 1193 1327 telescopo
1207 1250 1296 1322 plures

204 1336 301 1394 stellas
314 1346 343 1394 et
355 1335 477 1408 quidem
491 1336 659 1395 distinetius
671 1337 815 1408 videmus,
829 1338 869 1395 ita
881 1338 990 1410 pariter
1001 1354 1071 1394 cum
1083 1337 1146 1396 fide
1155 1335 1263 1394 melius
1273 1344 1298 1393 et

205 1423 295 1481 tutius
308 1422 452 1496 quasdam
465 1425 600 1483 veritates
618 1424 728 1483 ordinis
744 1426 883 1484 naturalis
900 1425 1120 1499 cognoscimus,
1135 1434 1165 1484 et
1184 1426 1298 1497 insuper
1330 1416 1333 1421 ’

205 1510 340 1568 veritates
353 1511 457 1569 rationi
472 1511 628 1583 impervias
640 1510 821 1584 attingimus.
1334 1526 1340 1539 ’

206 1599 244 1669 (c)
257 1599 386 1656 Ratione
399 1598 506 1666 orotivi,
521 1599 591 1671 quia
604 1598 748 1673 motivum
762 1599 830 1658 fidei
845 1610 890 1659 est
904 1599 961 1670 Dei
974 1598 1143 1666 auctoritas,
1158 1616 1229 1671 quae
1245 1616 1298 1654 ma-

204 1687 299 1757 jorem
312 1685 519 1746 certitudinem
533 1702 621 1758 quam
636 1685 700 1759 ipsa
712 1688 794 1758 ratio,
810 1687 943 1745 conferre
960 1695 1058 1759 potest
1068 1702 1160 1745 sensu
1173 1684 1246 1743 alibi
1257 1702 1298 1742 ex-

207 1773 316 1845 plicato
329 1775 367 1844 (n.
386 1790 433 1847 123
446 1775 513 1845 sq.).

210 1941 258 1996 11.
289 1941 393 1999 Inter
418 1940 549 1997 Fidem
576 1943 614 1998 et
639 1939 840 1999 Rationem
866 1940 972 1998 nulla
997 1951 1088 1999 vera
1111 1902 1301 1998 dissensio

408 2049 491 2095 esse
513 2041 651 2109 potest,
674 2036 742 2095 sed
764 2038 882 2095 solum
904 2044 1108 2111 apparens.

244 2187 297 2241 154
340 2189 366 2229 10
378 2173 475 2230 Nulla
488 2192 555 2230 reru
568 2174 708 2231 dissensio.
749 2172 866 2231 Etenim
881 2173 930 2244 (A)
944 2188 1005 2231 non
1018 2180 1144 2245 possunt
1160 2171 1219 2230 sibi
1234 2169 1302 2228 invi-

207 2280 273 2320 cem
290 2262 492 2320 contradicere
510 2261 567 2320 illae
580 2279 626 2319 res
645 2277 712 2332 quae
729 2278 818 2317 unum
834 2260 1013 2332 eumdemque
1023 2260 1168 2317 auderem
1182 2257 1301 2327 babent,

144 2404 149 2413 ,
209 2368 248 2406 sc.
266 2351 364 2408 Deunr
373 2370 380 2422 ;
397 2349 478 2421 atqui
492 2349 566 2407 fides
579 2359 608 2406 et
621 2349 695 2407 ratio
713 2349 812 2408 Deum
830 2347 982 2407 audlorem
999 2345 1120 2418 habent,
1136 2364 1209 2405 nam
1226 2346 1303 2405 idern

210 2439 301 2507 Deus,
309 2438 359 2509 qui
370 2438 514 2496 rationem
526 2436 671 2507 condidit,
683 2437 783 2494 lumen
794 2425 864 2493 fidei
873 2435 904 2492 in
914 2435 1028 2493 animas
1038 2443 1153 2492 nostras
1163 2433 1304 2505 infundit3

198 2525 282 2582 tides
295 2535 324 2582 et
336 2525 409 2582 ratio
422 2535 491 2582 sunt
505 2524 591 2595 igitur
601 2524 689 2582 veluti
700 2523 769 2582 duae
777 2540 891 2581 sorores
900 2523 938 2581 ab
948 2523 1055 2582 eodem
1064 2521 1304 2583 Patreluminum

208 2612 325 2682 genitae,
337 2612 398 2671 duo
411 2611 495 2669 rivuli
507 2610 546 2669 ab
559 2611 666 2669 eodem
685 2612 766 2669 fonte
785 2619 948 2681 manantes,
959 2618 1017 2668 'nec
1033 2607 1090 2667 sibi
1101 2608 1306 2668 contradicere

102 2700 105 2705 ’
209 2708 334 2770 possunt
346 2698 400 2759 nisi
412 2697 608 2756 contradictio
621 2697 651 2754 in
667 2698 733 2756 Deo
745 2698 810 2770 ipso
823 2695 1012 2769 admittatur3
1027 2701 1105 2768 ergo.

199 2837 204 2844 .
244 2801 292 2869 (B)
302 2799 414 2856 Iterum
427 2799 489 2856 duo
502 2796 627 2869 habitus
640 2815 768 2869 quorum
781 2807 906 2870 uterque
919 2797 1014 2856 tendit
1022 2796 1062 2854 ad
1071 2796 1171 2854 nehem
1182 2814 1235 2869 per
1241 2798 1306 2868 legi·

209 2886 280 2941 tima
297 2885 397 2955 media,
414 2884 469 2941 sibi
486 2885 689 2944 contradicere
706 2888 878 2958 nequeunt3
896 2885 979 2958 a'tqui
998 2885 1082 2952 fides,
1096 2885 1175 2943 sicut
1190 2895 1221 2943 et
1235 2881 1306 2944 r'atio

209 2973 248 3030 ad
260 2991 361 3035 verunt
375 2972 478 3042 tendit,
491 2961 655 3045 etquidem
669 2992 721 3046 per
734 2973 864 3044 legitima
877 2973 993 3045 rnedia3
1004 2970 1154 3044 siquidem
1166 2973 1244 3030 ratio
1256 2990 1307 3045 per

211 3058 397 3116 intrinsecam
407 3058 584 3116 evidentiam
596 3070 625 3118 et
634 3061 837 3119 testimonium¹
847 3059 1003 3119 hominum
1012 3059 1150 3118 veritates
1159 3060 1307 3118 naturales

211 3147 405 3218 prosequitur,
415 3147 489 3204 fides
502 3158 611 3214 autern,
624 3166 676 3219 per
688 3148 889 3208 testiinonium
906 3146 971 3218 Dei,
984 3145 1121 3205 veritates
1133 3156 1306 3218 supernatu-

210 3236 283 3292 rales
297 3233 420 3305 percipit
433 3254 439 3290 :
454 3243 578 3306 uterque
591 3237 791 3308 cognoscendi
806 3234 914 3294 modus
926 3234 1078 3306 legitimus'
1087 3242 1141 3304 est,
1150 3243 1182 3291 et
1195 3234 1219 3291 si
1229 3232 1307 3292 ‘redie

210 3320 394 3392 adhibeatur,
410 3338 510 3378 verum
522 3340 639 3394 semper
650 3320 834 3395 assequitur3
851 3323 983 3394 jamvero
995 3320 1097 3378 v'erum
1110 3336 1182 3378 vero
1194 3317 1307 3392 opponi

211 3410 322 3481 nequit.
338 3409 403 3466 Nec
413 3408 527 3466 dicatur
537 3411 673 3482 mysteria
682 3410 751 3469 fidei
761 3419 867 3468 nostrae
875 3426 939 3467 esse
949 3405 1306 3478 indemonitmbr’lia,inin-

199 3497 377 3569 *tellrgr'bilia
391 3495 650 3554 contraditionem
661 3496 885 3569 ipsisterminis;
899 3512 967 3552 nam
978 3487 1174 3552 demonstrari
1185 3500 1307 3565 possunt

200 3604 271 3642 non
285 3585 442 3642 intrinsece
452 3583 573 3654 quidem
587 3578 641 3642 s'ed
654 3585 816 3643 extrinsece
823 3579 878 3656 'per
888 3572 1160 3641 testimonium'Dei
1172 3576 1307 3640 :tenuini

211 3672 319 3744 quibus
337 3667 541 3743 exprimuntur
555 3683 623 3730 sunt
640 3672 770 3744 perferte
788 3665 996 3742 intelligibiles
1012 3677 1045 3727 ut
1058 3664 1159 3738 inhac
1176 3665 1306 3741 proposi-

212 3761 292 3818 tione
315 3759 420 3816 “Deus
438 3760 521 3815 homo
530 3755 633 3827 salius
650 3757 727 3823 est'’,
749 3753 883 3827 quamvis
901 3771 963 3810 non
981 3752 1136 3812 videamus
1153 3750 1306 3824 quomodo

212 3850 287 3906 inter
299 3866 329 3906 se
343 3847 541 3916 conveniant,
561 3862 615 3902 nec
632 3843 899 3903 contradictionem
916 3840 1080 3909 involvunt,
1090 3838 1161 3911 quia
1177 3839 1202 3896 si
1218 3837 1306 3896 cre'di·

212 3953 278 3992 mus
291 3954 315 3991 v.
329 3952 356 4006 g.
373 3932 524 3992 Christum
536 3933 607 3991 'esse
620 3933 707 3990 simul
721 3933 820 3990 Deum
840 3940 870 3989 et
887 3929 1048 3998 hominem,
1065 3926 1244 3985 nullomodo
1260 3925 1306 3983 ad·

212 4021 356 4079 mittimus
377 4038 445 4078 eum
465 4036 529 4079 esse
550 4020 649 4077 Deum
669 4030 698 4080 et
715 4019 868 4076 hominem
887 4015 1070 4075 sub'eodem
1088 4014 1237 4087 respectu,
1257 4013 1306 4079 sed

211 4109 387 4166 affirmamus
397 4126 466 4167 eum
479 4109 577 4166 Deum
590 4126 655 4166 esse
668 4107 737 4179 quia
750 4122 767 4164 a
780 4106 842 4164 tota
854 4104 1165 4169 aeternitatenaturam
1177 4102 1306 4163 divinam

212 4196 352 4270 possidet,
375 4197 576 4268 eumdemque
587 4197 747 4261 ,hominem
766 4191 839 4267 esse,
859 4191 977 4265 quia'in
994 4202 1129 4265 tempore
1145 4191 1306 4250 humanam

212 4287 371 4358 assumpsit
385 4294 528 4343 naturam.
934 4312 937 4317 ·
1210 4278 1220 4295 “’
