<?xml version="1.0" encoding="UTF-8"?>
<!DOCTYPE html PUBLIC "-//W3C//DTD XHTML 1.0 Transitional//EN"
    "http://www.w3.org/TR/xhtml1/DTD/xhtml1-transitional.dtd">
<html xmlns="http://www.w3.org/1999/xhtml" xml:lang="en" lang="en">
 <head>
  <title>
</title>
<meta http-equiv="Content-Type" content="text/html;charset=utf-8" />
  <meta name='ocr-system' content='tesseract 3.04.00' />
  <meta name='ocr-capabilities' content='ocr_page ocr_carea ocr_par ocr_line ocrx_word'/>
</head>
<body>
  <div class='ocr_page' id='page_1' title='image "./synopsistheolog00tanqgoog_0211.png"; bbox 0 0 2684 4634; ppageno 0'>
   <div class='ocr_carea' id='block_1_1' title="bbox 205 179 850 230">
    <p class='ocr_par' dir='ltr' id='par_1_1' title="bbox 205 179 850 230">
     <span class='ocr_line' id='line_1_1' title="bbox 205 179 850 230; baseline -0.002 -2"><span class='ocrx_word' id='word_1_1' title='bbox 205 179 265 229; x_wconf 88' lang='grc'>190</span> <span class='ocrx_word' id='word_1_2' title='bbox 670 179 807 230; x_wconf 82' lang='lat' dir='ltr'>CAPUT</span> <span class='ocrx_word' id='word_1_3' title='bbox 825 180 850 228; x_wconf 93' lang='lat'>1.</span> 
     </span>
    </p>
   </div>
   <div class='ocr_carea' id='block_1_2' title="bbox 197 355 1305 956">
    <p class='ocr_par' dir='ltr' id='par_1_2' title="bbox 197 355 1305 956">
     <span class='ocr_line' id='line_1_2' title="bbox 197 355 1305 441; baseline 0.001 -21"><span class='ocrx_word' id='word_1_4' title='bbox 197 375 200 379; x_wconf 85' lang='grc'>’</span> <span class='ocrx_word' id='word_1_5' title='bbox 245 355 292 431; x_wconf 80' lang='grc'>36.</span> <span class='ocrx_word' id='word_1_6' title='bbox 338 355 396 438; x_wconf 84' lang='lat' dir='ltr'>(C)</span> <span class='ocrx_word' id='word_1_7' title='bbox 413 357 541 419; x_wconf 88' lang='lat' dir='ltr'>Eadem</span> <span class='ocrx_word' id='word_1_8' title='bbox 558 355 709 420; x_wconf 65' lang='lat' dir='ltr'>dotirina</span> <span class='ocrx_word' id='word_1_9' title='bbox 724 358 811 420; x_wconf 89' lang='lat' dir='ltr'>clare</span> <span class='ocrx_word' id='word_1_10' title='bbox 827 359 1039 421; x_wconf 88' lang='lat' dir='ltr'>invenitur&#39;in</span> <span class='ocrx_word' id='word_1_11' title='bbox 1062 358 1240 441; x_wconf 61' lang='lat' dir='ltr'>prophetia</span> <span class='ocrx_word' id='word_1_12' title='bbox 1262 360 1305 421; x_wconf 93' lang='lat' dir='ltr'>de</span> 
     </span>
     <span class='ocr_line' id='line_1_3' title="bbox 202 460 1305 541; baseline 0.002 -20"><span class='ocrx_word' id='word_1_13' title='bbox 202 460 403 522; x_wconf 77' lang='lat' dir='ltr'>Emmanuel</span> <span class='ocrx_word' id='word_1_14' title='bbox 408 473 428 535; x_wconf 88' lang='lat'>1,</span> <span class='ocrx_word' id='word_1_15' title='bbox 443 481 544 541; x_wconf 88' lang='lat' dir='ltr'>quam</span> <span class='ocrx_word' id='word_1_16' title='bbox 561 461 805 541; x_wconf 88' lang='lat' dir='ltr'>explicabimus</span> <span class='ocrx_word' id='word_1_17' title='bbox 822 462 856 523; x_wconf 95' lang='lat' dir='ltr'>in</span> <span class='ocrx_word' id='word_1_18' title='bbox 877 461 929 524; x_wconf 91' lang='lat' dir='ltr'>Tr.</span> <span class='ocrx_word' id='word_1_19' title='bbox 946 461 985 524; x_wconf 81' lang='lat' dir='ltr'>de</span> <span class='ocrx_word' id='word_1_20' title='bbox 1008 461 1108 524; x_wconf 81' lang='lat' dir='ltr'>Verbo</span> <span class='ocrx_word' id='word_1_21' title='bbox 1127 461 1305 526; x_wconf 81' lang='lat' dir='ltr'>Incuruato</span> 
     </span>
     <span class='ocr_line' id='line_1_4' title="bbox 202 561 1303 644; baseline 0.001 -21"><span class='ocrx_word' id='word_1_22' title='bbox 202 561 246 643; x_wconf 87' lang='lat' dir='ltr'>(n.</span> <span class='ocrx_word' id='word_1_23' title='bbox 265 562 390 644; x_wconf 64' lang='lat'>38·‚40);</span> <span class='ocrx_word' id='word_1_24' title='bbox 413 573 446 626; x_wconf 93' lang='lat' dir='ltr'>et</span> <span class='ocrx_word' id='word_1_25' title='bbox 463 564 494 625; x_wconf 94' lang='lat' dir='ltr'>in</span> <span class='ocrx_word' id='word_1_26' title='bbox 513 563 603 626; x_wconf 88' lang='lat' dir='ltr'>libris</span> <span class='ocrx_word' id='word_1_27' title='bbox 619 563 870 627; x_wconf 80' lang='lat' dir='ltr'>Proverbioruru</span> <span class='ocrx_word' id='word_1_28' title='bbox 886 575 919 628; x_wconf 93' lang='lat' dir='ltr'>et</span> <span class='ocrx_word' id='word_1_29' title='bbox 935 563 1158 640; x_wconf 78' lang='lat' dir='ltr'>Ecclesiustici,</span> <span class='ocrx_word' id='word_1_30' title='bbox 1174 564 1206 624; x_wconf 93' lang='lat' dir='ltr'>in</span> <span class='ocrx_word' id='word_1_31' title='bbox 1231 564 1303 644; x_wconf 91' lang='lat' dir='ltr'>qui-</span> 
     </span>
     <span class='ocr_line' id='line_1_5' title="bbox 202 666 1303 749; baseline 0 -21"><span class='ocrx_word' id='word_1_32' title='bbox 202 666 263 728; x_wconf 93' lang='lat' dir='ltr'>bus</span> <span class='ocrx_word' id='word_1_33' title='bbox 280 668 435 730; x_wconf 89' lang='lat' dir='ltr'>asseritur</span> <span class='ocrx_word' id='word_1_34' title='bbox 451 668 631 730; x_wconf 82' lang='lat' dir='ltr'><strong>existentia</strong></span> <span class='ocrx_word' id='word_1_35' title='bbox 645 667 825 749; x_wconf 71' lang='lat' dir='ltr'>Sapientiae</span> <span class='ocrx_word' id='word_1_36' title='bbox 836 668 1009 748; x_wconf 90' lang='lat' dir='ltr'>cujusdam</span> <span class='ocrx_word' id='word_1_37' title='bbox 1020 668 1184 742; x_wconf 86' lang='lat' dir='ltr'>increatae,</span> <span class='ocrx_word' id='word_1_38' title='bbox 1194 687 1215 727; x_wconf 84' lang='lat' dir='ltr'>a</span> <span class='ocrx_word' id='word_1_39' title='bbox 1228 666 1303 728; x_wconf 90' lang='lat' dir='ltr'>Deo</span> 
     </span>
     <span class='ocr_line' id='line_1_6' title="bbox 202 768 1303 850; baseline -0.002 -18"><span class='ocrx_word' id='word_1_40' title='bbox 202 770 367 835; x_wconf 77' lang='lat' dir='ltr'>distinttae</span> <span class='ocrx_word' id='word_1_41' title='bbox 397 781 431 834; x_wconf 93' lang='lat' dir='ltr'>et</span> <span class='ocrx_word' id='word_1_42' title='bbox 457 781 569 834; x_wconf 87' lang='lat' dir='ltr'>tamen</span> <span class='ocrx_word' id='word_1_43' title='bbox 596 793 712 834; x_wconf 90' lang='lat' dir='ltr'>omnes</span> <span class='ocrx_word' id='word_1_44' title='bbox 735 772 917 834; x_wconf 89' lang='lat' dir='ltr'>divinitatis</span> <span class='ocrx_word' id='word_1_45' title='bbox 944 768 1148 833; x_wconf 64' lang='lat' dir='ltr'>chamileres</span> <span class='ocrx_word' id='word_1_46' title='bbox 1175 790 1245 850; x_wconf 84' lang='lat' dir='ltr'>prae</span> <span class='ocrx_word' id='word_1_47' title='bbox 1267 790 1303 831; x_wconf 90' lang='lat' dir='ltr'>se</span> 
     </span>
     <span class='ocr_line' id='line_1_7' title="bbox 201 874 1302 956; baseline -0.001 -21"><span class='ocrx_word' id='word_1_48' title='bbox 201 874 352 951; x_wconf 90' lang='lat' dir='ltr'>serentis;</span> <span class='ocrx_word' id='word_1_49' title='bbox 378 874 466 936; x_wconf 91' lang='lat' dir='ltr'>hunc</span> <span class='ocrx_word' id='word_1_50' title='bbox 483 875 591 937; x_wconf 93' lang='lat' dir='ltr'>locum</span> <span class='ocrx_word' id='word_1_51' title='bbox 616 895 825 956; x_wconf 87' lang='lat' dir='ltr'>exponemus</span> <span class='ocrx_word' id='word_1_52' title='bbox 845 875 900 939; x_wconf 94' lang='lat' dir='ltr'>ubi</span> <span class='ocrx_word' id='word_1_53' title='bbox 923 876 966 936; x_wconf 92' lang='lat' dir='ltr'>de</span> <span class='ocrx_word' id='word_1_54' title='bbox 990 874 1176 936; x_wconf 86' lang='lat' dir='ltr'>Divinitate</span> <span class='ocrx_word' id='word_1_55' title='bbox 1199 874 1302 937; x_wconf 89' lang='lat' dir='ltr'>Verbi</span> 
     </span>
    </p>
   </div>
   <div class='ocr_carea' id='block_1_3' title="bbox 201 977 344 1060">
    <p class='ocr_par' dir='ltr' id='par_1_3' title="bbox 201 977 344 1060">
     <span class='ocr_line' id='line_1_8' title="bbox 201 977 344 1060; baseline -0.007 0"><span class='ocrx_word' id='word_1_56' title='bbox 201 977 245 1060; x_wconf 59' lang='grc' dir='ltr'>(η.</span> <span class='ocrx_word' id='word_1_57' title='bbox 262 978 344 1059; x_wconf 75' lang='lat' dir='ltr'>67l2-</span> 
     </span>
    </p>
   </div>
   <div class='ocr_carea' id='block_1_4' title="bbox 199 1085 1299 1262">
    <p class='ocr_par' dir='ltr' id='par_1_4' title="bbox 199 1085 1299 1262">
     <span class='ocr_line' id='line_1_9' title="bbox 231 1085 1299 1179; baseline -0.003 -16"><span class='ocrx_word' id='word_1_58' title='bbox 231 1123 272 1179; x_wconf 82' lang='lat'>37.</span> <span class='ocrx_word' id='word_1_59' title='bbox 308 1119 334 1163; x_wconf 85' lang='lat'>20</span> <span class='ocrx_word' id='word_1_60' title='bbox 346 1112 512 1178; x_wconf 81' lang='lat' dir='ltr'>Mysterium</span> <span class='ocrx_word' id='word_1_61' title='bbox 524 1112 580 1165; x_wconf 85' lang='lat' dir='ltr'>SS.</span> <span class='ocrx_word' id='word_1_62' title='bbox 595 1112 750 1173; x_wconf 82' lang='lat' dir='ltr'>Trinitatis,</span> <span class='ocrx_word' id='word_1_63' title='bbox 767 1112 825 1177; x_wconf 83' lang='lat' dir='ltr'>jem</span> <span class='ocrx_word' id='word_1_64' title='bbox 842 1110 1033 1163; x_wconf 80' lang='lat' dir='ltr'>adumbratum</span> <span class='ocrx_word' id='word_1_65' title='bbox 1050 1108 1078 1161; x_wconf 90' lang='lat' dir='ltr'>in</span> <span class='ocrx_word' id='word_1_66' title='bbox 1094 1085 1190 1161; x_wconf 84' lang='lat' dir='ltr'>Veteri</span> <span class='ocrx_word' id='word_1_67' title='bbox 1208 1109 1299 1171; x_wconf 82' lang='lat' dir='ltr'>Test,</span> 
     </span>
     <span class='ocr_line' id='line_1_10' title="bbox 199 1194 566 1262; baseline -0.008 -15"><span class='ocrx_word' id='word_1_68' title='bbox 199 1196 277 1262; x_wconf 84' lang='lat' dir='ltr'>plene</span> <span class='ocrx_word' id='word_1_69' title='bbox 289 1194 424 1247; x_wconf 81' lang='lat' dir='ltr'>revelatur</span> <span class='ocrx_word' id='word_1_70' title='bbox 436 1195 463 1245; x_wconf 90' lang='lat' dir='ltr'>in</span> <span class='ocrx_word' id='word_1_71' title='bbox 476 1195 566 1246; x_wconf 87' lang='lat' dir='ltr'>Novo.</span> 
     </span>
    </p>
   </div>
   <div class='ocr_carea' id='block_1_5' title="bbox 195 1276 1298 3459">
    <p class='ocr_par' dir='ltr' id='par_1_5' title="bbox 249 1276 983 1356">
     <span class='ocr_line' id='line_1_11' title="bbox 249 1276 983 1356; baseline -0.005 -15"><span class='ocrx_word' id='word_1_72' title='bbox 249 1279 439 1342; x_wconf 81' lang='lat' dir='ltr'>Probatur:</span> <span class='ocrx_word' id='word_1_73' title='bbox 465 1300 504 1341; x_wconf 82' lang='lat' dir='ltr'>eu</span> <span class='ocrx_word' id='word_1_74' title='bbox 517 1278 793 1340; x_wconf 81' lang='lat' dir='ltr'>Aumtutiutiouis</span> <span class='ocrx_word' id='word_1_75' title='bbox 809 1276 983 1356; x_wconf 61' lang='lat' dir='ltr'>mysterii&amp;</span> 
     </span>
    </p>

    <p class='ocr_par' dir='ltr' id='par_1_6' title="bbox 197 1379 1298 2274">
     <span class='ocr_line' id='line_1_12' title="bbox 242 1379 1298 1464; baseline -0.003 -19"><span class='ocrx_word' id='word_1_76' title='bbox 242 1383 292 1463; x_wconf 83' lang='lat' dir='ltr'>(a)</span> <span class='ocrx_word' id='word_1_77' title='bbox 304 1383 471 1463; x_wconf 87' lang='lat' dir='ltr'>Imprimis</span> <span class='ocrx_word' id='word_1_78' title='bbox 482 1383 612 1445; x_wconf 89' lang='lat' dir='ltr'>trinitas</span> <span class='ocrx_word' id='word_1_79' title='bbox 625 1400 840 1464; x_wconf 90' lang='lat' dir='ltr'>personarum</span> <span class='ocrx_word' id='word_1_80' title='bbox 851 1381 884 1445; x_wconf 95' lang='lat' dir='ltr'>in</span> <span class='ocrx_word' id='word_1_81' title='bbox 896 1380 968 1460; x_wconf 90' lang='lat' dir='ltr'>ipso</span> <span class='ocrx_word' id='word_1_82' title='bbox 984 1380 1142 1460; x_wconf 90' lang='lat' dir='ltr'>mysterio</span> <span class='ocrx_word' id='word_1_83' title='bbox 1160 1379 1298 1442; x_wconf 88' lang='lat' dir='ltr'>Annun-</span> 
     </span>
     <span class='ocr_line' id='line_1_13' title="bbox 199 1483 1297 1565; baseline -0.001 -17"><span class='ocrx_word' id='word_1_84' title='bbox 199 1485 347 1548; x_wconf 87' lang='lat' dir='ltr'>tiationis</span> <span class='ocrx_word' id='word_1_85' title='bbox 365 1486 444 1547; x_wconf 88' lang='lat' dir='ltr'>satis</span> <span class='ocrx_word' id='word_1_86' title='bbox 461 1485 547 1547; x_wconf 88' lang='lat' dir='ltr'>clare</span> <span class='ocrx_word' id='word_1_87' title='bbox 563 1486 770 1561; x_wconf 90' lang='lat' dir='ltr'>enuntiatur;</span> <span class='ocrx_word' id='word_1_88' title='bbox 793 1485 837 1547; x_wconf 93' lang='lat' dir='ltr'>ibi</span> <span class='ocrx_word' id='word_1_89' title='bbox 854 1485 943 1546; x_wconf 92' lang='lat' dir='ltr'>enim</span> <span class='ocrx_word' id='word_1_90' title='bbox 959 1483 1111 1546; x_wconf 90' lang='lat' dir='ltr'>videmus</span> <span class='ocrx_word' id='word_1_91' title='bbox 1128 1484 1297 1565; x_wconf 83' lang='lat' dir='ltr'>Angelum</span> 
     </span>
     <span class='ocr_line' id='line_1_14' title="bbox 199 1584 1298 1667; baseline -0.003 -16"><span class='ocrx_word' id='word_1_92' title='bbox 199 1612 218 1651; x_wconf 90' lang='lat' dir='ltr'>a</span> <span class='ocrx_word' id='word_1_93' title='bbox 235 1590 309 1651; x_wconf 91' lang='lat' dir='ltr'>Deo</span> <span class='ocrx_word' id='word_1_94' title='bbox 324 1588 429 1650; x_wconf 81' lang='lat' dir='ltr'>Patre</span> <span class='ocrx_word' id='word_1_95' title='bbox 444 1589 601 1651; x_wconf 90' lang='lat' dir='ltr'>missum:</span> <span class='ocrx_word' id='word_1_96' title='bbox 624 1589 778 1650; x_wconf 88' lang='lat' dir='ltr'>“Missus</span> <span class='ocrx_word' id='word_1_97' title='bbox 795 1597 845 1650; x_wconf 91' lang='lat' dir='ltr'>est</span> <span class='ocrx_word' id='word_1_98' title='bbox 862 1586 1014 1667; x_wconf 83' lang='lat' dir='ltr'>Angelus</span> <span class='ocrx_word' id='word_1_99' title='bbox 1036 1584 1170 1650; x_wconf 84' lang='lat' dir='ltr'>Gabriel</span> <span class='ocrx_word' id='word_1_100' title='bbox 1191 1609 1211 1649; x_wconf 88' lang='lat' dir='ltr'>a</span> <span class='ocrx_word' id='word_1_101' title='bbox 1232 1589 1298 1650; x_wconf 83' lang='lat' dir='ltr'>Deo</span> 
     </span>
     <span class='ocr_line' id='line_1_15' title="bbox 199 1688 1296 1772; baseline -0.001 -19"><span class='ocrx_word' id='word_1_102' title='bbox 199 1693 232 1753; x_wconf 95' lang='lat' dir='ltr'>in</span> <span class='ocrx_word' id='word_1_103' title='bbox 248 1692 417 1754; x_wconf 89' lang='lat' dir='ltr'>civitatem</span> <span class='ocrx_word' id='word_1_104' title='bbox 431 1691 601 1754; x_wconf 82' lang='lat' dir='ltr'>Galilaeae”</span> <span class='ocrx_word' id='word_1_105' title='bbox 620 1691 700 1772; x_wconf 86' lang='lat'>(26);</span> <span class='ocrx_word' id='word_1_106' title='bbox 727 1690 848 1753; x_wconf 90' lang='lat' dir='ltr'>deinde</span> <span class='ocrx_word' id='word_1_107' title='bbox 861 1688 1038 1751; x_wconf 89' lang='lat' dir='ltr'>exhibetur</span> <span class='ocrx_word' id='word_1_108' title='bbox 1051 1690 1201 1769; x_wconf 79' lang='lat' dir='ltr'>Spiritus</span> <span class='ocrx_word' id='word_1_109' title='bbox 1212 1690 1240 1752; x_wconf 91' lang='lat' dir='ltr'>S</span> <span class='ocrx_word' id='word_1_110' title='bbox 1242 1712 1296 1752; x_wconf 88' lang='lat' dir='ltr'>au-</span> 
     </span>
     <span class='ocr_line' id='line_1_16' title="bbox 197 1793 1295 1875; baseline -0.004 -16"><span class='ocrx_word' id='word_1_111' title='bbox 197 1799 267 1860; x_wconf 79' lang='lat' dir='ltr'>iius</span> <span class='ocrx_word' id='word_1_112' title='bbox 282 1806 317 1859; x_wconf 90' lang='lat' dir='ltr'>ut</span> <span class='ocrx_word' id='word_1_113' title='bbox 334 1795 567 1860; x_wconf 80' lang='lat' dir='ltr'>efformaturus</span> <span class='ocrx_word' id='word_1_114' title='bbox 583 1798 730 1858; x_wconf 89' lang='lat' dir='ltr'>animam</span> <span class='ocrx_word' id='word_1_115' title='bbox 746 1805 780 1857; x_wconf 96' lang='lat' dir='ltr'>et</span> <span class='ocrx_word' id='word_1_116' title='bbox 796 1815 915 1875; x_wconf 90' lang='lat' dir='ltr'>corpus</span> <span class='ocrx_word' id='word_1_117' title='bbox 932 1793 1054 1858; x_wconf 90' lang='lat' dir='ltr'>Christi</span> <span class='ocrx_word' id='word_1_118' title='bbox 1071 1794 1104 1854; x_wconf 95' lang='lat' dir='ltr'>in</span> <span class='ocrx_word' id='word_1_119' title='bbox 1117 1802 1213 1856; x_wconf 91' lang='lat' dir='ltr'>utero</span> <span class='ocrx_word' id='word_1_120' title='bbox 1225 1795 1295 1857; x_wconf 92' lang='lat' dir='ltr'>Vir·</span> 
     </span>
     <span class='ocr_line' id='line_1_17' title="bbox 197 1897 1294 1982; baseline -0.003 -21"><span class='ocrx_word' id='word_1_121' title='bbox 197 1901 303 1982; x_wconf 85' lang='lat' dir='ltr'>ginis:</span> <span class='ocrx_word' id='word_1_122' title='bbox 327 1900 503 1980; x_wconf 87' lang='lat' dir='ltr'>“Spiritus</span> <span class='ocrx_word' id='word_1_123' title='bbox 520 1901 663 1963; x_wconf 65' lang='lat' dir='ltr'>Seruitus</span> <span class='ocrx_word' id='word_1_124' title='bbox 678 1899 889 1980; x_wconf 88' lang='lat' dir='ltr'>superveniet</span> <span class='ocrx_word' id='word_1_125' title='bbox 906 1898 938 1958; x_wconf 92' lang='lat' dir='ltr'>in</span> <span class='ocrx_word' id='word_1_126' title='bbox 956 1907 997 1973; x_wconf 87' lang='lat' dir='ltr'>te,</span> <span class='ocrx_word' id='word_1_127' title='bbox 1014 1906 1047 1959; x_wconf 89' lang='lat' dir='ltr'>et</span> <span class='ocrx_word' id='word_1_128' title='bbox 1067 1897 1171 1959; x_wconf 91' lang='lat' dir='ltr'>virtus</span> <span class='ocrx_word' id='word_1_129' title='bbox 1193 1897 1294 1959; x_wconf 89' lang='lat' dir='ltr'>Altis-</span> 
     </span>
     <span class='ocr_line' id='line_1_18' title="bbox 197 2000 1296 2084; baseline -0.002 -21"><span class='ocrx_word' id='word_1_130' title='bbox 197 2003 272 2064; x_wconf 91' lang='lat' dir='ltr'>simi</span> <span class='ocrx_word' id='word_1_131' title='bbox 289 2003 504 2067; x_wconf 89' lang='lat' dir='ltr'>obumbrabit</span> <span class='ocrx_word' id='word_1_132' title='bbox 521 2005 581 2066; x_wconf 92' lang='lat' dir='ltr'>tibi</span> <span class='ocrx_word' id='word_1_133' title='bbox 592 2004 608 2030; x_wconf 72' lang='lat'>’⁹</span> <span class='ocrx_word' id='word_1_134' title='bbox 627 2004 657 2084; x_wconf 86' lang='lat'>(3</span> <span class='ocrx_word' id='word_1_135' title='bbox 664 2002 708 2083; x_wconf 82' lang='lat'>5);</span> <span class='ocrx_word' id='word_1_136' title='bbox 731 2002 868 2064; x_wconf 88' lang='lat' dir='ltr'>tandem</span> <span class='ocrx_word' id='word_1_137' title='bbox 890 2000 1000 2062; x_wconf 88' lang='lat' dir='ltr'>Filius</span> <span class='ocrx_word' id='word_1_138' title='bbox 1020 2000 1239 2063; x_wconf 88' lang='lat' dir='ltr'>annuntiatur</span> <span class='ocrx_word' id='word_1_139' title='bbox 1261 2010 1296 2062; x_wconf 96' lang='lat' dir='ltr'>ut</span> 
     </span>
     <span class='ocr_line' id='line_1_19' title="bbox 197 2103 1296 2188; baseline -0.005 -19"><span class='ocrx_word' id='word_1_140' title='bbox 197 2129 240 2169; x_wconf 90' lang='lat' dir='ltr'>ex</span> <span class='ocrx_word' id='word_1_141' title='bbox 262 2108 389 2188; x_wconf 85' lang='lat' dir='ltr'>virgine</span> <span class='ocrx_word' id='word_1_142' title='bbox 416 2109 620 2170; x_wconf 89' lang='lat' dir='ltr'>nasciturus:</span> <span class='ocrx_word' id='word_1_143' title='bbox 644 2107 820 2185; x_wconf 90' lang='lat' dir='ltr'>“Ideoque</span> <span class='ocrx_word' id='word_1_144' title='bbox 845 2114 878 2166; x_wconf 92' lang='lat' dir='ltr'>et</span> <span class='ocrx_word' id='word_1_145' title='bbox 903 2103 993 2184; x_wconf 89' lang='lat' dir='ltr'>quod</span> <span class='ocrx_word' id='word_1_146' title='bbox 1020 2112 1174 2165; x_wconf 89' lang='lat' dir='ltr'>nascetur</span> <span class='ocrx_word' id='word_1_147' title='bbox 1198 2125 1241 2165; x_wconf 92' lang='lat' dir='ltr'>ex</span> <span class='ocrx_word' id='word_1_148' title='bbox 1264 2113 1296 2165; x_wconf 93' lang='lat' dir='ltr'>te</span> 
     </span>
     <span class='ocr_line' id='line_1_20' title="bbox 198 2206 787 2274; baseline -0.007 0"><span class='ocrx_word' id='word_1_149' title='bbox 198 2208 358 2274; x_wconf 68' lang='lat' dir='ltr'>Sant&#39;tum</span> <span class='ocrx_word' id='word_1_150' title='bbox 375 2209 548 2272; x_wconf 89' lang='lat' dir='ltr'>vocabitur</span> <span class='ocrx_word' id='word_1_151' title='bbox 562 2209 672 2272; x_wconf 88' lang='lat' dir='ltr'>Filius</span> <span class='ocrx_word' id='word_1_152' title='bbox 688 2208 754 2269; x_wconf 81' lang='lat' dir='ltr'>Dei</span> <span class='ocrx_word' id='word_1_153' title='bbox 762 2206 787 2270; x_wconf 89' lang='lat'>&#39;&#39;.</span> 
     </span>
    </p>

    <p class='ocr_par' dir='ltr' id='par_1_7' title="bbox 195 2310 1295 3201">
     <span class='ocr_line' id='line_1_21' title="bbox 239 2310 1295 2394; baseline -0.004 -18"><span class='ocrx_word' id='word_1_154' title='bbox 239 2312 290 2394; x_wconf 81' lang='lat' dir='ltr'>(b)</span> <span class='ocrx_word' id='word_1_155' title='bbox 307 2313 509 2374; x_wconf 89' lang='lat' dir='ltr'>Earumdem</span> <span class='ocrx_word' id='word_1_156' title='bbox 528 2311 852 2375; x_wconf 88' lang='lat' dir='ltr'>consubstantialitas</span> <span class='ocrx_word' id='word_1_157' title='bbox 869 2331 935 2372; x_wconf 91' lang='lat' dir='ltr'>non</span> <span class='ocrx_word' id='word_1_158' title='bbox 952 2320 1062 2391; x_wconf 91' lang='lat' dir='ltr'>potest</span> <span class='ocrx_word' id='word_1_159' title='bbox 1079 2310 1214 2391; x_wconf 90' lang='lat' dir='ltr'>quidem</span> <span class='ocrx_word' id='word_1_160' title='bbox 1232 2311 1295 2373; x_wconf 90' lang='lat' dir='ltr'>evi-</span> 
     </span>
     <span class='ocr_line' id='line_1_22' title="bbox 195 2411 1295 2493; baseline -0.005 -14"><span class='ocrx_word' id='word_1_161' title='bbox 195 2418 312 2479; x_wconf 91' lang='lat' dir='ltr'>denter</span> <span class='ocrx_word' id='word_1_162' title='bbox 338 2417 558 2479; x_wconf 89' lang='lat' dir='ltr'>demonstrari</span> <span class='ocrx_word' id='word_1_163' title='bbox 583 2438 626 2479; x_wconf 89' lang='lat' dir='ltr'>ex</span> <span class='ocrx_word' id='word_1_164' title='bbox 652 2415 715 2477; x_wconf 96' lang='lat' dir='ltr'>hoc</span> <span class='ocrx_word' id='word_1_165' title='bbox 739 2414 810 2476; x_wconf 92' lang='lat' dir='ltr'>solo</span> <span class='ocrx_word' id='word_1_166' title='bbox 834 2422 943 2490; x_wconf 88' lang='lat' dir='ltr'>textu;</span> <span class='ocrx_word' id='word_1_167' title='bbox 967 2412 1024 2474; x_wconf 89' lang='lat' dir='ltr'>sed</span> <span class='ocrx_word' id='word_1_168' title='bbox 1047 2411 1116 2493; x_wconf 86' lang='lat' dir='ltr'>jam</span> <span class='ocrx_word' id='word_1_169' title='bbox 1141 2414 1295 2489; x_wconf 87' lang='lat' dir='ltr'>innuitur,</span> 
     </span>
     <span class='ocr_line' id='line_1_23' title="bbox 196 2515 1295 2602; baseline -0.003 -21"><span class='ocrx_word' id='word_1_170' title='bbox 196 2522 273 2602; x_wconf 88' lang='lat' dir='ltr'>quia</span> <span class='ocrx_word' id='word_1_171' title='bbox 289 2520 435 2581; x_wconf 88' lang='lat' dir='ltr'>secunda</span> <span class='ocrx_word' id='word_1_172' title='bbox 451 2540 593 2600; x_wconf 90' lang='lat' dir='ltr'>persona</span> <span class='ocrx_word' id='word_1_173' title='bbox 608 2527 745 2581; x_wconf 88' lang='lat' dir='ltr'>vocatur</span> <span class='ocrx_word' id='word_1_174' title='bbox 756 2516 864 2578; x_wconf 84' lang='lat' dir='ltr'>Filius</span> <span class='ocrx_word' id='word_1_175' title='bbox 877 2515 953 2592; x_wconf 90' lang='lat' dir='ltr'>Dei;</span> <span class='ocrx_word' id='word_1_176' title='bbox 980 2516 1070 2595; x_wconf 88' lang='lat' dir='ltr'>atqui</span> <span class='ocrx_word' id='word_1_177' title='bbox 1086 2515 1189 2578; x_wconf 91' lang='lat' dir='ltr'>Filius</span> <span class='ocrx_word' id='word_1_178' title='bbox 1201 2538 1295 2578; x_wconf 90' lang='lat' dir='ltr'>verus</span> 
     </span>
     <span class='ocr_line' id='line_1_24' title="bbox 195 2620 1295 2704; baseline -0.001 -19"><span class='ocrx_word' id='word_1_179' title='bbox 195 2633 228 2685; x_wconf 89' lang='lat' dir='ltr'>et</span> <span class='ocrx_word' id='word_1_180' title='bbox 244 2623 376 2704; x_wconf 88' lang='lat' dir='ltr'>proprie</span> <span class='ocrx_word' id='word_1_181' title='bbox 392 2620 499 2687; x_wconf 68' lang='lat' dir='ltr'>ditius</span> <span class='ocrx_word' id='word_1_182' title='bbox 516 2624 682 2703; x_wconf 88' lang='lat' dir='ltr'>particeps</span> <span class='ocrx_word' id='word_1_183' title='bbox 698 2641 769 2683; x_wconf 89' lang='lat' dir='ltr'>esse</span> <span class='ocrx_word' id='word_1_184' title='bbox 785 2620 886 2683; x_wconf 91' lang='lat' dir='ltr'>debet</span> <span class='ocrx_word' id='word_1_185' title='bbox 902 2620 1081 2700; x_wconf 88' lang='lat' dir='ltr'>etquidem</span> <span class='ocrx_word' id='word_1_186' title='bbox 1094 2621 1295 2684; x_wconf 88' lang='lat' dir='ltr'>substantia-</span> 
     </span>
     <span class='ocr_line' id='line_1_25' title="bbox 195 2724 1295 2807; baseline -0.002 -19"><span class='ocrx_word' id='word_1_187' title='bbox 195 2726 269 2788; x_wconf 89' lang='lat' dir='ltr'>liter</span> <span class='ocrx_word' id='word_1_188' title='bbox 285 2736 411 2788; x_wconf 86' lang='lat' dir='ltr'>naturae</span> <span class='ocrx_word' id='word_1_189' title='bbox 430 2726 548 2802; x_wconf 90' lang='lat' dir='ltr'>Patris;</span> <span class='ocrx_word' id='word_1_190' title='bbox 571 2727 660 2806; x_wconf 93' lang='lat' dir='ltr'>quod</span> <span class='ocrx_word' id='word_1_191' title='bbox 677 2724 892 2787; x_wconf 90' lang='lat' dir='ltr'>confirmatur</span> <span class='ocrx_word' id='word_1_192' title='bbox 907 2745 951 2785; x_wconf 91' lang='lat' dir='ltr'>ex</span> <span class='ocrx_word' id='word_1_193' title='bbox 967 2745 1007 2786; x_wconf 90' lang='lat' dir='ltr'>eo</span> <span class='ocrx_word' id='word_1_194' title='bbox 1022 2725 1111 2804; x_wconf 92' lang='lat' dir='ltr'>quod</span> <span class='ocrx_word' id='word_1_195' title='bbox 1128 2724 1214 2786; x_wconf 87' lang='lat' dir='ltr'>infra</span> <span class='ocrx_word' id='word_1_196' title='bbox 1226 2726 1295 2807; x_wconf 84' lang='lat'>(43)</span> 
     </span>
     <span class='ocr_line' id='line_1_26' title="bbox 196 2828 1294 2909; baseline 0.001 -19"><span class='ocrx_word' id='word_1_197' title='bbox 196 2830 303 2890; x_wconf 86' lang='lat' dir='ltr'>Maria</span> <span class='ocrx_word' id='word_1_198' title='bbox 319 2838 456 2890; x_wconf 87' lang='lat' dir='ltr'>vocatur</span> <span class='ocrx_word' id='word_1_199' title='bbox 472 2838 578 2890; x_wconf 81' lang='lat' dir='ltr'>muter</span> <span class='ocrx_word' id='word_1_200' title='bbox 592 2829 736 2905; x_wconf 79' lang='lat' dir='ltr'>Domini,</span> <span class='ocrx_word' id='word_1_201' title='bbox 752 2849 809 2890; x_wconf 90' lang='lat' dir='ltr'>seu</span> <span class='ocrx_word' id='word_1_202' title='bbox 828 2837 934 2890; x_wconf 88' lang='lat' dir='ltr'>mater</span> <span class='ocrx_word' id='word_1_203' title='bbox 950 2828 1034 2890; x_wconf 92' lang='lat' dir='ltr'>Dei:</span> <span class='ocrx_word' id='word_1_204' title='bbox 1058 2848 1137 2908; x_wconf 87' lang='lat' dir='ltr'>ergo</span> <span class='ocrx_word' id='word_1_205' title='bbox 1154 2829 1226 2909; x_wconf 85' lang='lat' dir='ltr'>ejus</span> <span class='ocrx_word' id='word_1_206' title='bbox 1244 2831 1294 2891; x_wconf 91' lang='lat' dir='ltr'>Fi-</span> 
     </span>
     <span class='ocr_line' id='line_1_27' title="bbox 195 2930 1295 3013; baseline 0.004 -22"><span class='ocrx_word' id='word_1_207' title='bbox 195 2930 255 2992; x_wconf 89' lang='lat' dir='ltr'>lius</span> <span class='ocrx_word' id='word_1_208' title='bbox 272 2941 321 2993; x_wconf 89' lang='lat' dir='ltr'>est</span> <span class='ocrx_word' id='word_1_209' title='bbox 337 2953 413 2993; x_wconf 88' lang='lat' dir='ltr'>vere</span> <span class='ocrx_word' id='word_1_210' title='bbox 430 2933 530 2994; x_wconf 78' lang='lat' dir='ltr'>Deus,</span> <span class='ocrx_word' id='word_1_211' title='bbox 577 2932 744 2996; x_wconf 87' lang='lat' dir='ltr'>Divinitas</span> <span class='ocrx_word' id='word_1_212' title='bbox 761 2942 873 2994; x_wconf 90' lang='lat' dir='ltr'>autem</span> <span class='ocrx_word' id='word_1_213' title='bbox 891 2932 1034 3013; x_wconf 78' lang='lat' dir='ltr'>Spiritus</span> <span class='ocrx_word' id='word_1_214' title='bbox 1048 2931 1080 2996; x_wconf 88' lang='lat' dir='ltr'>S.</span> <span class='ocrx_word' id='word_1_215' title='bbox 1092 2931 1295 2996; x_wconf 89' lang='lat' dir='ltr'>subobscure</span> 
     </span>
     <span class='ocr_line' id='line_1_28' title="bbox 195 3031 1295 3116; baseline 0.005 -23"><span class='ocrx_word' id='word_1_216' title='bbox 195 3032 397 3113; x_wconf 84' lang='lat' dir='ltr'>significatur</span> <span class='ocrx_word' id='word_1_217' title='bbox 419 3035 527 3096; x_wconf 90' lang='lat' dir='ltr'>verbis</span> <span class='ocrx_word' id='word_1_218' title='bbox 551 3035 670 3114; x_wconf 91' lang='lat' dir='ltr'>quibus</span> <span class='ocrx_word' id='word_1_219' title='bbox 694 3045 831 3098; x_wconf 89' lang='lat' dir='ltr'>vocatur</span> <span class='ocrx_word' id='word_1_220' title='bbox 855 3035 1003 3116; x_wconf 79' lang='lat' dir='ltr'>Spiritus</span> <span class='ocrx_word' id='word_1_221' title='bbox 1017 3031 1195 3112; x_wconf 70' lang='lat' dir='ltr'>Altzssiuu&#39;,</span> <span class='ocrx_word' id='word_1_222' title='bbox 1210 3038 1295 3099; x_wconf 91' lang='lat' dir='ltr'>sicut</span> 
     </span>
     <span class='ocr_line' id='line_1_29' title="bbox 195 3135 751 3201; baseline 0.007 -5"><span class='ocrx_word' id='word_1_223' title='bbox 195 3135 297 3197; x_wconf 87' lang='lat' dir='ltr'>Filius</span> <span class='ocrx_word' id='word_1_224' title='bbox 314 3135 434 3198; x_wconf 92' lang='lat' dir='ltr'>dicitur</span> <span class='ocrx_word' id='word_1_225' title='bbox 449 3136 622 3200; x_wconf 81' lang='lat' dir='ltr'>Altissirui</span> <span class='ocrx_word' id='word_1_226' title='bbox 635 3138 751 3201; x_wconf 70' lang='lat' dir='ltr'>Filius</span> 
     </span>
    </p>

    <p class='ocr_par' dir='ltr' id='par_1_8' title="bbox 235 3255 769 3360">
     <span class='ocr_line' id='line_1_30' title="bbox 235 3255 769 3360; baseline 0 -24"><span class='ocrx_word' id='word_1_227' title='bbox 235 3274 282 3352; x_wconf 88' lang='lat'>38.</span> <span class='ocrx_word' id='word_1_228' title='bbox 312 3277 313 3280; x_wconf 72' lang='grc'>’</span> <span class='ocrx_word' id='word_1_229' title='bbox 334 3271 390 3330; x_wconf 79' lang='lat' dir='ltr'>Eu</span> <span class='ocrx_word' id='word_1_230' title='bbox 404 3270 571 3360; x_wconf 74' lang='lat' dir='ltr'>Buptr&#39;sruu</span> <span class='ocrx_word' id='word_1_231' title='bbox 590 3273 739 3336; x_wconf 59' lang='lat' dir='ltr'>Crustu.</span> <span class='ocrx_word' id='word_1_232' title='bbox 761 3255 769 3266; x_wconf 36' lang='grc' dir='ltr'>Ι</span> 
     </span>
    </p>

    <p class='ocr_par' dir='ltr' id='par_1_9' title="bbox 235 3373 1294 3459">
     <span class='ocr_line' id='line_1_31' title="bbox 235 3373 1294 3459; baseline 0.007 -23"><span class='ocrx_word' id='word_1_233' title='bbox 235 3373 285 3454; x_wconf 82' lang='lat' dir='ltr'>(a)</span> <span class='ocrx_word' id='word_1_234' title='bbox 303 3374 340 3437; x_wconf 91' lang='lat' dir='ltr'>In</span> <span class='ocrx_word' id='word_1_235' title='bbox 360 3374 532 3454; x_wconf 86' lang='lat' dir='ltr'>Baptismo</span> <span class='ocrx_word' id='word_1_236' title='bbox 550 3374 671 3438; x_wconf 88' lang='lat' dir='ltr'>Christi</span> <span class='ocrx_word' id='word_1_237' title='bbox 689 3378 774 3439; x_wconf 87' lang='lat' dir='ltr'>clare</span> <span class='ocrx_word' id='word_1_238' title='bbox 790 3379 891 3440; x_wconf 90' lang='lat' dir='ltr'>etiam</span> <span class='ocrx_word' id='word_1_239' title='bbox 909 3389 1047 3459; x_wconf 90' lang='lat' dir='ltr'>apparet</span> <span class='ocrx_word' id='word_1_240' title='bbox 1065 3380 1161 3442; x_wconf 89' lang='lat' dir='ltr'>realis</span> <span class='ocrx_word' id='word_1_241' title='bbox 1178 3381 1294 3444; x_wconf 90' lang='lat' dir='ltr'>distin·</span> 
     </span>
    </p>
   </div>
   <div class='ocr_carea' id='block_1_6' title="bbox 189 3577 1294 4350">
    <p class='ocr_par' dir='ltr' id='par_1_10' title="bbox 227 3577 438 3643">
     <span class='ocr_line' id='line_1_32' title="bbox 227 3577 438 3643; baseline 0.005 -15"><span class='ocrx_word' id='word_1_242' title='bbox 227 3577 302 3630; x_wconf 81' lang='lat' dir='ltr'>¹lsu.</span> <span class='ocrx_word' id='word_1_243' title='bbox 317 3579 384 3643; x_wconf 89' lang='lat' dir='ltr'>VII,</span> <span class='ocrx_word' id='word_1_244' title='bbox 402 3593 438 3642; x_wconf 83' lang='lat'>14.</span> 
     </span>
    </p>

    <p class='ocr_par' dir='ltr' id='par_1_11' title="bbox 189 3667 1294 4260">
     <span class='ocr_line' id='line_1_33' title="bbox 225 3667 1293 3741; baseline 0.008 -24"><span class='ocrx_word' id='word_1_245' title='bbox 225 3668 234 3688; x_wconf 79' lang='lat'><em>²</em></span> <span class='ocrx_word' id='word_1_246' title='bbox 249 3668 291 3718; x_wconf 84' lang='lat' dir='ltr'>Ex</span> <span class='ocrx_word' id='word_1_247' title='bbox 304 3667 347 3719; x_wconf 89' lang='lat' dir='ltr'>his</span> <span class='ocrx_word' id='word_1_248' title='bbox 361 3668 482 3741; x_wconf 84' lang='lat' dir='ltr'>textibus</span> <span class='ocrx_word' id='word_1_249' title='bbox 496 3668 588 3736; x_wconf 87' lang='lat' dir='ltr'>colligi</span> <span class='ocrx_word' id='word_1_250' title='bbox 602 3680 694 3737; x_wconf 89' lang='lat' dir='ltr'>potest</span> <span class='ocrx_word' id='word_1_251' title='bbox 714 3672 877 3739; x_wconf 87' lang='lat' dir='ltr'>mysterium</span> <span class='ocrx_word' id='word_1_252' title='bbox 900 3673 949 3726; x_wconf 89' lang='lat' dir='ltr'>SS.</span> <span class='ocrx_word' id='word_1_253' title='bbox 964 3672 1111 3726; x_wconf 85' lang='lat' dir='ltr'>Trinitatis</span> <span class='ocrx_word' id='word_1_254' title='bbox 1132 3690 1189 3741; x_wconf 86' lang='lat' dir='ltr'>non</span> <span class='ocrx_word' id='word_1_255' title='bbox 1208 3673 1293 3726; x_wconf 83' lang='lat' dir='ltr'>fuisse</span> 
     </span>
     <span class='ocr_line' id='line_1_34' title="bbox 191 3753 1293 3829; baseline 0.008 -25"><span class='ocrx_word' id='word_1_256' title='bbox 191 3753 359 3806; x_wconf 89' lang='lat' dir='ltr'>sufficienter</span> <span class='ocrx_word' id='word_1_257' title='bbox 371 3754 545 3822; x_wconf 89' lang='lat' dir='ltr'>propositum</span> <span class='ocrx_word' id='word_1_258' title='bbox 559 3755 586 3807; x_wconf 88' lang='lat' dir='ltr'>in</span> <span class='ocrx_word' id='word_1_259' title='bbox 601 3758 635 3808; x_wconf 89' lang='lat' dir='ltr'>V.</span> <span class='ocrx_word' id='word_1_260' title='bbox 651 3759 682 3809; x_wconf 92' lang='lat' dir='ltr'>T.</span> <span class='ocrx_word' id='word_1_261' title='bbox 698 3767 727 3810; x_wconf 89' lang='lat' dir='ltr'>ut</span> <span class='ocrx_word' id='word_1_262' title='bbox 741 3758 776 3809; x_wconf 89' lang='lat' dir='ltr'>ad</span> <span class='ocrx_word' id='word_1_263' title='bbox 791 3775 968 3812; x_wconf 90' lang='lat' dir='ltr'>communem</span> <span class='ocrx_word' id='word_1_264' title='bbox 988 3760 1072 3812; x_wconf 86' lang='lat' dir='ltr'>fidem</span> <span class='ocrx_word' id='word_1_265' title='bbox 1089 3760 1185 3829; x_wconf 88' lang='lat' dir='ltr'>populi</span> <span class='ocrx_word' id='word_1_266' title='bbox 1207 3761 1293 3813; x_wconf 88' lang='lat' dir='ltr'>lsrael</span> 
     </span>
     <span class='ocr_line' id='line_1_35' title="bbox 190 3840 1293 3915; baseline 0.006 -23"><span class='ocrx_word' id='word_1_267' title='bbox 190 3840 351 3907; x_wconf 87' lang='lat' dir='ltr'>pe1·tineret;</span> <span class='ocrx_word' id='word_1_268' title='bbox 372 3841 410 3892; x_wconf 93' lang='lat' dir='ltr'>nil</span> <span class='ocrx_word' id='word_1_269' title='bbox 424 3858 489 3893; x_wconf 87' lang='lat' dir='ltr'>vero</span> <span class='ocrx_word' id='word_1_270' title='bbox 499 3842 627 3910; x_wconf 88' lang='lat' dir='ltr'>prohibet</span> <span class='ocrx_word' id='word_1_271' title='bbox 638 3843 705 3912; x_wconf 92' lang='lat' dir='ltr'>quin</span> <span class='ocrx_word' id='word_1_272' title='bbox 716 3844 830 3913; x_wconf 87' lang='lat' dir='ltr'>quidam</span> <span class='ocrx_word' id='word_1_273' title='bbox 845 3847 1022 3912; x_wconf 74' lang='lat' dir='ltr'>patriarchae,</span> <span class='ocrx_word' id='word_1_274' title='bbox 1032 3857 1146 3915; x_wconf 85' lang='lat' dir='ltr'>propter</span> <span class='ocrx_word' id='word_1_275' title='bbox 1156 3847 1293 3915; x_wconf 87' lang='lat' dir='ltr'>speciales</span> 
     </span>
     <span class='ocr_line' id='line_1_36' title="bbox 191 3925 1293 4002; baseline 0.01 -26"><span class='ocrx_word' id='word_1_276' title='bbox 191 3925 388 3978; x_wconf 84' lang='lat' dir='ltr'>illustrationes</span> <span class='ocrx_word' id='word_1_277' title='bbox 403 3945 419 3977; x_wconf 87' lang='lat' dir='ltr'>a</span> <span class='ocrx_word' id='word_1_278' title='bbox 435 3929 497 3980; x_wconf 90' lang='lat' dir='ltr'>Deo</span> <span class='ocrx_word' id='word_1_279' title='bbox 511 3939 650 3996; x_wconf 64' lang='lat' dir='ltr'>acceptas</span> <span class='ocrx_word' id='word_1_280' title='bbox 668 3939 695 3982; x_wconf 90' lang='lat' dir='ltr'>et</span> <span class='ocrx_word' id='word_1_281' title='bbox 717 3930 877 3998; x_wconf 85' lang='lat' dir='ltr'>peritissimi</span> <span class='ocrx_word' id='word_1_282' title='bbox 899 3933 1106 4001; x_wconf 87' lang='lat' dir='ltr'>Scripturarum</span> <span class='ocrx_word' id='word_1_283' title='bbox 1125 3932 1293 4002; x_wconf 89' lang='lat' dir='ltr'>interpretes</span> 
     </span>
     <span class='ocr_line' id='line_1_37' title="bbox 190 4013 1294 4087; baseline 0.01 -24"><span class='ocrx_word' id='word_1_284' title='bbox 190 4014 251 4080; x_wconf 86' lang='lat' dir='ltr'>plus</span> <span class='ocrx_word' id='word_1_285' title='bbox 265 4013 392 4066; x_wconf 90' lang='lat' dir='ltr'>minusve</span> <span class='ocrx_word' id='word_1_286' title='bbox 407 4013 547 4081; x_wconf 60' lang='lat' dir='ltr'>distinete,</span> <span class='ocrx_word' id='word_1_287' title='bbox 565 4018 722 4082; x_wconf 74' lang='lat' dir='ltr'>praesertim</span> <span class='ocrx_word' id='word_1_288' title='bbox 736 4035 752 4070; x_wconf 86' lang='lat' dir='ltr'>a</span> <span class='ocrx_word' id='word_1_289' title='bbox 766 4018 939 4087; x_wconf 90' lang='lat' dir='ltr'>temporibus</span> <span class='ocrx_word' id='word_1_290' title='bbox 955 4016 1045 4087; x_wconf 85' lang='lat' dir='ltr'>lsaiae,</span> <span class='ocrx_word' id='word_1_291' title='bbox 1065 4021 1202 4074; x_wconf 88' lang='lat' dir='ltr'>Messiam</span> <span class='ocrx_word' id='word_1_292' title='bbox 1222 4022 1294 4076; x_wconf 87' lang='lat' dir='ltr'>futu-</span> 
     </span>
     <span class='ocr_line' id='line_1_38' title="bbox 189 4102 1294 4176; baseline 0.009 -26"><span class='ocrx_word' id='word_1_293' title='bbox 189 4116 249 4151; x_wconf 93' lang='lat' dir='ltr'>rum</span> <span class='ocrx_word' id='word_1_294' title='bbox 263 4117 325 4152; x_wconf 90' lang='lat' dir='ltr'>esse</span> <span class='ocrx_word' id='word_1_295' title='bbox 340 4102 431 4153; x_wconf 87' lang='lat' dir='ltr'>Deum</span> <span class='ocrx_word' id='word_1_296' title='bbox 446 4103 615 4168; x_wconf 87' lang='lat' dir='ltr'>crediderint</span> <span class='ocrx_word' id='word_1_297' title='bbox 620 4121 628 4171; x_wconf 77' lang='lat'>3</span> <span class='ocrx_word' id='word_1_298' title='bbox 648 4105 723 4171; x_wconf 91' lang='lat' dir='ltr'>quod</span> <span class='ocrx_word' id='word_1_299' title='bbox 738 4106 878 4157; x_wconf 87' lang='lat' dir='ltr'>nonnullis</span> <span class='ocrx_word' id='word_1_300' title='bbox 894 4107 1046 4176; x_wconf 85' lang='lat' dir='ltr'>Scripturae</span> <span class='ocrx_word' id='word_1_301' title='bbox 1065 4107 1187 4161; x_wconf 87' lang='lat' dir='ltr'>textibus</span> <span class='ocrx_word' id='word_1_302' title='bbox 1204 4107 1294 4162; x_wconf 88' lang='lat' dir='ltr'>innui-</span> 
     </span>
     <span class='ocr_line' id='line_1_39' title="bbox 189 4187 993 4260; baseline 0.01 -21"><span class='ocrx_word' id='word_1_303' title='bbox 189 4197 233 4239; x_wconf 91' lang='lat' dir='ltr'>tur</span> <span class='ocrx_word' id='word_1_304' title='bbox 247 4187 341 4250; x_wconf 79' lang='lat' dir='ltr'>(Malt.</span> <span class='ocrx_word' id='word_1_305' title='bbox 359 4190 442 4253; x_wconf 86' lang='lat' dir='ltr'>Xlll,</span> <span class='ocrx_word' id='word_1_306' title='bbox 462 4202 501 4253; x_wconf 80' lang='lat'>173</span> <span class='ocrx_word' id='word_1_307' title='bbox 515 4191 579 4257; x_wconf 77' lang='lat' dir='ltr'>soa.</span> <span class='ocrx_word' id='word_1_308' title='bbox 595 4192 620 4242; x_wconf 83' lang='lat' dir='ltr'>V</span> <span class='ocrx_word' id='word_1_309' title='bbox 626 4192 679 4256; x_wconf 90' lang='lat' dir='ltr'>Ill,</span> <span class='ocrx_word' id='word_1_310' title='bbox 697 4193 739 4258; x_wconf 80' lang='lat'>563</span> <span class='ocrx_word' id='word_1_311' title='bbox 753 4193 773 4242; x_wconf 88' lang='lat' dir='ltr'><em>l</em></span> <span class='ocrx_word' id='word_1_312' title='bbox 782 4193 857 4245; x_wconf 85' lang='lat' dir='ltr'>Petr.</span> <span class='ocrx_word' id='word_1_313' title='bbox 875 4195 895 4258; x_wconf 92' lang='lat' dir='ltr'>l,</span> <span class='ocrx_word' id='word_1_314' title='bbox 910 4194 993 4260; x_wconf 80' lang='lat'><strong>8-12).</strong></span> 
     </span>
    </p>

    <p class='ocr_par' dir='ltr' id='par_1_12' title="bbox 224 4271 1290 4350">
     <span class='ocr_line' id='line_1_40' title="bbox 224 4271 1290 4350; baseline 0.009 -24"><span class='ocrx_word' id='word_1_315' title='bbox 224 4271 608 4341; x_wconf 77' lang='lat' dir='ltr'>³Luc.1,26-38.-⁴Mau.</span> <span class='ocrx_word' id='word_1_316' title='bbox 626 4280 680 4344; x_wconf 90' lang='lat' dir='ltr'>Ill,</span> <span class='ocrx_word' id='word_1_317' title='bbox 698 4293 787 4348; x_wconf 83' lang='lat'>13·17;</span> <span class='ocrx_word' id='word_1_318' title='bbox 806 4281 898 4334; x_wconf 69' lang='lat' dir='ltr'>Maur.</span> <span class='ocrx_word' id='word_1_319' title='bbox 918 4284 938 4348; x_wconf 86' lang='grc' dir='ltr'>Ι,</span> <span class='ocrx_word' id='word_1_320' title='bbox 953 4299 1028 4350; x_wconf 83' lang='lat'>9-11;</span> <span class='ocrx_word' id='word_1_321' title='bbox 1047 4284 1113 4336; x_wconf 89' lang='lat' dir='ltr'>Luc.</span> <span class='ocrx_word' id='word_1_322' title='bbox 1132 4285 1290 4340; x_wconf 85' lang='lat'>111.21-22.</span> 
     </span>
    </p>
   </div>
   <div class='ocr_carea' id='block_1_7' title="bbox 0 0 1346 4634">
    <p class='ocr_par' dir='ltr' id='par_1_13' title="bbox 0 0 1346 4634">
     <span class='ocr_line' id='line_1_41' title="bbox 0 0 1346 4634; baseline 0 3"><span class='ocrx_word' id='word_1_323' title='bbox 0 0 1346 4634; x_wconf 95' lang='lat' dir='ltr'> </span> 
     </span>
    </p>
   </div>
  </div>
 </body>
</html>
