2684 4634
536 181 592 230 DE
611 181 802 232 ANGELIS.
843 253 847 259 Ι
1147 175 1215 228 609

111 360 274 424 adversus
297 363 412 425 mundi
435 360 577 425 reftores
601 363 812 425 tenebrarum
839 361 966 434 harum,
982 368 1098 422 contra
1120 358 1214 439 spiri-

114 465 217 527 tualia
251 465 488 547 nequitiae...”¹
544 466 599 528 Ex
623 465 743 548 quibus
766 465 851 528 clare
874 464 1040 545 colligitur
1063 482 1123 524 nos
1146 481 1211 522 non

119 568 222 630 solum
240 569 509 650 concupiscentia
525 570 654 645 tentari,
670 570 728 631 sed
745 570 845 631 etiam
862 567 1006 642 diabolo,
1021 566 1077 648 qui
1093 586 1212 627 concu-

121 671 275 750 piscentia
290 671 452 758 rebusque
468 674 615 735 externis
631 674 742 748 utitur,
754 683 790 735 ut
803 693 863 734 nos
879 673 921 734 ad
939 670 1062 734 malum
1080 669 1210 732 alliciat.

156 834 203 897 92.
250 820 310 902 (B)
326 819 466 882 Ratione
480 821 644 883 suadetur.
694 822 796 883 Ratio
819 840 885 882 non
909 820 1116 882 demonstrat
1139 815 1211 896 qui-

126 923 190 986 dem
207 924 422 986 existentiam
439 923 613 986 diabolicae
629 924 833 998 tentationis,
848 923 905 984 sed
922 921 993 1003 ejus
1014 919 1210 983 convenien-

126 1027 194 1089 tiam
209 1027 356 1089 ostendit
374 1050 380 1088 :
403 1024 453 1106 (a)
469 1025 628 1106 Expartc
642 1027 709 1088 Dei
729 1051 740 1088 .·
773 1025 859 1088 Illud
880 1025 969 1087 enim
985 1023 1140 1086 convenit
1165 1042 1209 1083 ex

126 1140 205 1208 parte
231 1130 304 1205 Dei,
327 1127 417 1210 quod
443 1127 633 1190 manifestat
659 1129 892 1191 excellentiam
920 1137 953 1190 et
977 1127 1209 1190 necessitatem

125 1234 236 1312 gratiae,
254 1251 381 1294 necnon
399 1230 546 1293 divinam
564 1231 762 1312 sapientiam
772 1254 780 1308 ;
802 1231 894 1313 atqui
911 1232 974 1293 hoc
990 1239 1127 1312 praestat
1141 1228 1209 1313 dia·

124 1333 219 1398 bolica
234 1325 386 1408 tentatio,
395 1334 473 1415 quia
488 1328 679 1409 homines,a
695 1335 830 1396 diabolo
846 1335 974 1410 tentati,
985 1332 1102 1395 melius
1114 1331 1208 1393 intel-

122 1436 218 1521 ligunt
254 1437 370 1518 gratiae
408 1437 640 1500 necessitatem
672 1439 713 1500 ad
745 1438 891 1501 daemoni
923 1436 1152 1511 resistendum,
1175 1443 1209 1496 et

120 1542 245 1604 aliunde
273 1540 375 1613 Deus
390 1540 612 1602 succurrendo
636 1542 763 1604 homini
787 1551 927 1616 tentato,
942 1540 1038 1602 nobis
1062 1540 1209 1602 ostendit

119 1645 281 1727 quomodo
296 1644 379 1727 sciat
394 1663 438 1705 ex
450 1643 538 1706 malo
554 1645 661 1726 majus
677 1646 802 1707 bonum
817 1644 942 1706 elicere.
988 1641 1039 1724 (b)
1050 1643 1209 1724 Exparte

116 1748 248 1811 lerninis
265 1771 276 1811 :
303 1768 379 1810 nam
396 1769 454 1829 per
469 1747 660 1829 hujusmodi
677 1747 887 1823 tentationes,
905 1745 976 1827 ejus
988 1746 1096 1808 virtus
1112 1745 1207 1828 perfi-

116 1854 192 1916 citur
208 1861 242 1915 et
258 1851 445 1927 roboratur;
480 1851 596 1914 melius
612 1854 714 1916 sentit
730 1852 896 1935 propriam
921 1850 1147 1913 infirmitatem
1174 1859 1208 1912 et

116 1956 153 2018 ita
168 1955 212 2018 ad
224 1974 337 2018 veram
349 1953 566 2016 bumilitatem
577 1940 759 2031 excitatum
782 1954 929 2028 tandem,
939 1953 1124 2015 resistendo
1136 1963 1207 2015 ten-

116 2060 237 2134 tationi,
252 2057 478 2138 penitentiam
505 2059 575 2140 agit
601 2081 661 2141 pro
687 2059 832 2141 peccatis
856 2057 1040 2140 praeteritis.
1084 2057 1133 2138 (c)
1154 2056 1207 2119 Ex

112 2171 195 2240 parte
220 2161 324 2242 ipsius
346 2159 499 2223 doernonis
520 2185 532 2224 .·
563 2183 651 2239 nam,
672 2163 823 2244 quamvis
846 2161 998 2223 diabolus
1026 2160 1207 2241 aliquando

117 2264 218 2327 vincat
253 2263 414 2339 homines,
437 2271 550 2329 tamen
584 2286 673 2347 saepe
707 2266 829 2346 saepius
855 2264 1005 2339 vincitur,
1028 2273 1061 2325 et
1088 2263 1207 2326 ultimo

118 2386 164 2445 per
190 2367 311 2429 merita
334 2365 457 2430 Christi
481 2367 640 2444 vincetur,
664 2378 697 2431 et
721 2369 767 2430 ita
794 2366 953 2447 majorem
977 2365 1205 2428 confusionem

120 2472 299 2552 experietur
308 2481 329 2532 2.

158 2648 201 2712 93.
251 2638 286 2687 20
301 2623 424 2686 Modus
438 2625 554 2706 quofit
568 2626 701 2688 tentatio
715 2625 872 2688 diabolica
881 2639 903 2688 3.

155 2729 208 2812 (A)
225 2727 390 2792 Diabolus
406 2748 472 2790 non
490 2738 601 2810 potest
617 2750 714 2811 agere
737 2727 860 2793 directe
885 2730 915 2791 in
941 2727 1146 2793 intellectum
1171 2741 1205 2793 et

123 2833 312 2896 voluntatem
323 2857 329 2912 ;
346 2852 423 2894 nam
436 2830 623 2913 intellectus
634 2842 667 2895 et
678 2833 832 2896 voluntas
844 2842 922 2896 sunt
934 2833 1108 2897 facultates
1119 2854 1206 2902 mere

124 2935 295 3014 spirituales
311 2936 345 2997 et
361 2935 472 3023 liberae
481 2957 488 3011 ;
521 2937 613 3016 atqui
629 2935 719 2999 solus
745 2937 846 3011 Deus,
861 2946 997 3019 propter
1011 2958 1204 3019 supremum

124 3035 292 3103 dominium
309 3059 376 3121 quo
392 3038 506 3120 pollet,
521 3048 633 3121 potest
645 3059 743 3120 agere
760 3041 792 3102 in
810 3040 983 3103 facultates
1000 3040 1204 3105 intellettua·

124 3135 159 3202 les
168 3138 201 3206 et
215 3143 337 3206 liberas
352 3167 358 3206 :
383 3140 464 3206 “Tu
480 3143 569 3206 solus
586 3145 673 3207 nosti
690 3145 791 3207 corda
807 3144 948 3208 filiorum
970 3144 1143 3208 hominum
1157 3148 1204 3208 '’4.

155 3247 208 3330 (B)
226 3246 391 3310 Diabolus
407 3256 519 3309 autem
537 3256 648 3329 potest
664 3268 762 3329 agere
782 3272 788 3311 :
812 3249 862 3329 (a)
879 3251 911 3310 in
927 3270 1038 3311 sensus
1053 3260 1205 3324 externos,

124 3348 229 3412 scilicet
251 3349 447 3412 memoriam
471 3359 504 3411 et
527 3350 820 3430 imaginationem;
856 3372 932 3413 nam
949 3352 1014 3413 illae
1030 3351 1204 3414 facultates

123 3462 182 3515 unt
196 3442 372 3515 facultates
388 3451 559 3527 sensibiles
572 3462 605 3515 et
621 3452 775 3515 diabolus
791 3464 902 3535 potest
926 3475 1023 3534 agere
1051 3455 1083 3515 in
1106 3455 1204 3535 ipsaS,

122 3556 180 3632 quia
195 3565 315 3620 natura
326 3554 491 3617 sensibilis
503 3564 536 3618 et
549 3577 707 3638 corporea
717 3557 832 3620 obedit
845 3558 993 3639 Angelis.
1040 3558 1203 3620 Diabolus

120 3667 212 3732 potest
236 3659 337 3740 igitur
363 3657 467 3720 malas
490 3659 746 3739 imaginationes
770 3682 963 3742 proponere,
979 3661 1074 3722 nobis
1101 3661 1201 3723 etiam

141 3859 175 3910 Ἰ
182 3860 262 3911 Petr.
273 3857 309 3923 V,
322 3857 379 3923 8·9;
398 3854 500 3925 Ephes.
513 3857 539 3908 V
544 3857 564 3922 l,
578 3871 620 3921 12;
640 3857 673 3910 cf.
688 3859 754 3910 Luc.
771 3859 867 3924 XXII,
882 3871 927 3926 313
947 3859 1032 3937 Vlll,
1048 3876 1087 3912 12.
1137 3886 1142 3896 ·

139 3939 228 4014 ²Quae
241 3950 407 4010 argumenta
419 3941 541 3996 dilucide
554 3946 669 4013 exponit
683 3947 801 4013 Suana,
812 3947 847 4000 de
861 3945 986 4015 Angelis,
1000 3947 1112 4011 1.V111‚
1123 3942 1146 4002 c.
1162 3953 1201 4018 18,

111 4045 132 4086 n.
149 4031 237 4085 18-26.

135 4119 195 4172 ³Cf.
211 4117 320 4171 catech.
337 4113 463 4180 Trident.
478 4115 517 4186 (p.
531 4120 579 4186 lV,
589 4128 668 4173 sexta
681 4120 759 4188 petit.
777 4138 802 4173 n.
817 4120 854 4189 5);
875 4121 1003 4186 Schmm,
1017 4122 1106 4177 instit.
1117 4124 1200 4178 theol.

103 4217 179 4274 myst.
196 4204 211 4276 ἓ
228 4205 324 4258 CXlV
336 4221 390 4274 sq.;
411 4206 441 4258 S.
458 4207 614 4260 Bonaverrt.
631 4207 668 4273 (in
685 4223 707 4261 2.
723 4208 786 4263 dist.
802 4210 827 4276 8,
841 4226 869 4279 p.
886 4225 911 4263 2.
925 4227 950 4264 a.
967 4208 1003 4277 tl.

131 4292 288 4347 4ΙΙΡιινιιΙ.
300 4293 352 4354 XI,
359 4306 404 4358 50.
