2684 4634
346 204 401 255 DE
420 204 640 254 MYSTERIO
659 204 999 255 REDEMPTIONIS.
1155 204 1223 256 555

118 386 162 448 ad
186 385 462 449 emundationem
487 386 603 462 carnis,
620 385 665 449 sic
692 384 863 467 multoque
888 385 1065 468 perfettius
1088 386 1223 466 sanguis

119 489 248 551 Christi
261 509 322 551 nos
339 490 479 552 mundat
494 489 538 551 'ab
553 491 645 551 omni
663 500 821 570 peccato:
848 490 1013 571 “Quanto
1030 489 1136 569 magis
1149 484 1223 551 san*

119 590 196 670 gui's
213 591 347 667 Christi,
362 593 418 672 qui
436 593 494 673 per
511 593 672 674 Spiritum
691 593 724 657 S.
736 595 955 675 semetipsum
973 593 1095 655 obtulit
1107 586 1223 654 immass

120 691 272 755 culatum
286 693 370 768 De0,
385 695 583 758 emundabit
593 695 831 757 conscientiam
849 705 996 757 nostram
1006 696 1056 759 ,ab
1069 695 1224 775 operibus

120 796 274 871 mortuis,
290 797 344 860 ad'
356 798 566 861 serviendum
585 798 659 860 Deo
675 798 866 861 viventi?1”
913 800 1014 860 Porro
1040 799 1111 860 haec
1135 819 1224 860 com-

120 898 255 977 paratio
282 899 457 962 manifeste
484 901 644 981 supponit
672 910 813 963 mortem
839 901 961 964 Christi
985 901 1086 963 fuisse
1109 923 1223 964 verum

121 1001 317 1085 sacrificium
334 1005 478 1084 antiquis
494 1004 661 1067 sacrificiis
679 1006 785 1067 multo
802 1004 986 1085 perfettius.

156 1152 215 1222 ηδ,
255 1146 411 1220 Objiciunt
424 1147 574 1204 Sociniani
590 1148 751 1205 illationem
765 1149 917 1222 sanguinis
931 1150 961 1205 in
981 1149 1088 1207 Sancta
1102 1151 1223 1209 Sancto·

122 1250 188 1288 rum
203 1249 256 1304 per
269 1233 297 1291 S.
313 1234 505 1292 Sacerdotem
519 1235 609 1292 fuisse
619 1253 720 1292 verum
733 1235 909 1307 expiationis
922 1237 1110 1304 sacrificium,
1126 1239 1223 1309 proin-

123 1320 224 1390 deque
234 1321 385 1379 Christum
398 1339 450 1393 per
463 1322 630 1393 analogiam
646 1323 819 1379 sacrificium
839 1324 994 1395 peregisse,
1009 1326 1141 1396 quando,
1155 1336 1223 1397 post

123 1408 290 1478 ingressum
309 1409 339 1466 in
359 1410 478 1476 coelum,
503 1410 679 1481 sanguinem
698 1429 783 1468 suum
809 1412 876 1471 Deo
899 1413 977 1469 Patri
1006 1413 1124 1471 obtulit.
1163 1414 1222 1472 Sed

124 1493 289 1562 immerito;
308 1513 377 1553 nam
389 1495 561 1566 hujusmodi
575 1496 752 1553 caeremonia
766 1497 838 1552 nihil
851 1497 932 1554 aliud
946 1508 1007 1554 erat
1023 1499 1077 1554 nisi
1091 1501 1222 1571 comple·

125 1591 263 1641 mentum
277 1583 412 1640 sacrificii
424 1584 484 1653 jam
499 1584 610 1655 peracti
619 1607 626 1651 ;
653 1602 754 1640 verum
770 1584 849 1640 eninr
863 1584 1039 1640 sacrificium
1052 1586 1080 1640 in
1095 1586 1158 1657 ipsa
1171 1587 1223 1642 im·

124 1669 288 1725 molatione
301 1667 430 1726 victimae
442 1669 533 1743 ¹situm
547 1680 605 1737 est;
633 1671 721 1740 igitur
734 1669 869 1727 Christus
883 1689 984 1726 verum
997 1672 1173 1728 sacrificium
1193 1673 1222 1729 in

124 1772 213 1812 cruce
221 1754 339 1821 obtulit,
352 1765 381 1812 et
393 1756 541 1826 ingressus
552 1757 582 1812 in
593 1757 702 1813 coelum
714 1755 787 1811 nihil
796 1756 878 1813 aliud
889 1757 943 1813 fuit
956 1756 1012 1813 nisi
1021 1759 1223 1828 complemen-

124 1853 186 1898 tum
196 1842 332 1899 sacrificii
346 1844 429 1914 quod
444 1843 474 1900 in
483 1861 571 1901 cruce
584 1843 741 1900 obtulerat.
782 1843 859 1914 Quae
872 1844 1074 1914 interpretatio
1083 1856 1222 1902 contextu

123 1931 271 2001 firmatum
291 1949 369 1996 nam,
386 1941 460 1991 teste
473 1932 631 2002 Apostolo‚
646 1932 733 2003 Jesus
752 1932 838 1987 seriel
855 1939 969 1987 tantum
982 1932 1093 1988 oblatas
1111 1942 1152 1988 est
1160 1935 1178 2000 ²,
1194 1944 1224 1990 et

124 2009 182 2073 unci
192 2017 335 2073 oblatione
344 2007 554 2075 consummavit
562 2019 592 2074 in
607 2020 820 2089 sempiternum
832 2018 1056 2085 sanctificatos³;
1070 2020 1153 2089 quod
1161 2020 1220 2076 dici

123 2104 230 2175 nequit
238 2105 277 2166 de
287 2104 439 2162 oblatione
449 2105 479 2161 in
490 2107 567 2162 coelo
576 2106 663 2171 satta,
679 2124 772 2176 quum
783 2106 820 2162 sit
832 2106 910 2175 iugis
925 2117 1129 2176 perpetuoque
1139 2125 1223 2163 reno-

122 2200 227 2248 vetur:
248 2191 394 2262 “semper
407 2192 508 2248 vivens
521 2193 560 2249 ad
575 2193 824 2264 interpellandum
839 2210 893 2263 pro
907 2191 993 2248 nobis
1004 2192 1020 2219 '⁷
1027 2199 1044 2247 ⁴.

163 2311 237 2395 229.
283 2312 343 2394 (B)
364 2314 490 2376 Tradit.
537 2316 629 2376 inter
646 2315 751 2377 multa
769 2316 904 2376 Patrum
922 2316 1140 2390 testimonias,
1153 2317 1224 2378 haec

122 2416 224 2478 verba
241 2415 276 2478 S.
293 2417 324 2478 Α
330 2417 655 2496 agustiniffinarrat.
674 2435 692 2478 2
711 2419 742 2479 in
761 2419 811 2480 Ps.
826 2418 881 2499 26)
899 2417 1016 2478 referre
1032 2419 1113 2479 satis
1137 2421 1198 2481 erit
1217 2430 1232 2482 τ’

121 2519 197 2580 “Et
214 2519 350 2597 quidem
368 2519 458 2581 solus
480 2520 535 2581 ille
560 2522 713 2582 sacerdos
737 2521 811 2581 talis
829 2522 969 2594 exstitit,
987 2531 1022 2581 ut
1046 2521 1110 2599 ipse
1126 2523 1224 2583 etrum

121 2631 204 2683 asset
225 2621 443 2702 sacraficium·
474 2622 596 2684 obtulit
614 2624 688 2684 Deo
712 2644 776 2683 non
806 2624 895 2685 aliud
920 2643 1020 2702 quam
1045 2643 1079 2682 se
1105 2625 1220 2702 ipsum.

123 2725 202 2786 Non
231 2725 319 2784 enim
344 2724 505 2786 inveniret
531 2736 651 2805 praeter
678 2747 713 2786 se
740 2726 995 2787 mundissimam
1027 2723 1222 2787 rationalem

121 2827 304 2903 victimam,
319 2839 479 2908 tanquam
498 2849 604 2909 agnus
623 2828 856 2890 immaculatus
870 2829 950 2905 fuso
966 2829 1124 2906 sanguine
1140 2830 1223 2889 redi-

122 2953 217 2994 mens
242 2952 311 3007 noS,
327 2952 571 3013 concorporans
594 2953 655 2992 nos
679 2932 751 3006 sibi,
767 2931 890 2992 faciens
913 2951 973 2991 nos
990 2931 1139 2991 membra
1156 2922 1232 3007 sua,

121 3047 157 3098 ut
174 3037 208 3097 in
225 3035 283 3096 illo
298 3045 332 3097 et
347 3055 408 3096 nos
425 3036 547 3098 Christi
564 3056 711 3096 essemus
725 3035 748 3096 ''.

163 3187 235 3252 230.
253 3210 256 3215 -
283 3169 340 3249 (C)
355 3169 432 3232 leat.
451 3171 481 3232 T
477 3172 552 3232 lzeol.
601 3172 655 3231 Ex
670 3168 863 3232 definitione
880 3169 1030 3249 superius
1047 3170 1217 3250 explicata

121 3276 163 3336 ad
180 3293 297 3347 verum
315 3273 509 3335 sacrificium
527 3284 668 3354 quatuor
685 3274 895 3355 requiruntur
912 3282 944 3333 et
961 3272 1147 3334 sufficiunt:
1172 3294 1222 3332 res

121 3399 179 3440 seu
197 3374 332 3439 vidtima
347 3377 521 3451 sensibilis
539 3377 688 3456 ejusdem
716 3377 915 3447 immutatio
933 3375 1101 3455 legitimus
1129 3377 1224 3435 mini-

121 3493 198 3556 ster,
214 3481 398 3560 recognitio
415 3483 559 3561 supremi
579 3469 641 3542 Dei
659 3481 815 3556 dominii3
848 3481 939 3559 atqui
958 3480 988 3539 in
1009 3489 1114 3540 morte
1132 3480 1224 3541 Chri-

121 3587 162 3648 sti
172 3604 297 3659 ‚omnes
313 3585 378 3646 illae
395 3586 603 3645 conditiones
621 3584 751 3657 adsunt,
769 3604 855 3656 nam,
875 3579 927 3666 (a)
941 3581 1092 3643 Christus
1109 3592 1225 3661 utpote

120 3688 218 3750 verus
234 3685 345 3760 home,
356 3695 405 3747 est
422 3684 556 3747 victima
573 3687 724 3746 sensibus
738 3685 853 3759 obvia;
876 3683 927 3763 (b)
945 3686 1079 3763 insuper
1091 3682 1225 3745 vidtima

121 3793 325 3863 immutatur,
338 3789 416 3869 quia
428 3788 578 3851 Christus
594 3810 669 3849 uere
686 3790 877 3849 immolatus
894 3798 944 3848 est
961 3797 994 3847 et
1011 3797 1161 3848 mortuus
1175 3798 1224 3848 est

121 3896 152 3955 in
176 3914 291 3970 cruce;
319 3892 366 3973 (c)
383 3893 478 3954 adest
503 3892 606 3952 etiam
624 3891 792 3970 legitimus
815 3891 973 3961 minister,
990 3889 1115 3950 scilicet
1132 3889 1224 3951 Chri-

121 4007 192 4060 stus
208 3997 289 4079 ipse,
300 3995 362 4075 qui
380 4003 430 4056 est
446 3995 602 4055 sacerdos
627 3994 660 4054 in
685 4003 857 4064 aeternum,
875 4001 908 4053 et
934 3993 1080 4071 seipsum
1102 3990 1226 4053 obtulit

154 4195 261 4251 ¹Hebr.
277 4196 328 4262 IX,
341 4190 531 4259 14-2Hebr.
545 4196 594 4256 IX,
609 4195 686 4246 28.--
696 4191 800 4245 ³Hebr.
815 4194 850 4257 X,
863 4191 1056 4260 14.—⁴Hebr.
1067 4194 1135 4257 Vll,
1147 4205 1187 4258 ²5·
1198 4220 1226 4230 -

120 4283 172 4324 —⁵
182 4282 224 4337 Cf,
239 4283 385 4345 Petaurus,
401 4282 418 4334 l.
433 4283 472 4349 ΙΙ,
487 4299 509 4335 c.
528 4282 570 4334 Xl
576 4283 598 4349 l,
611 4299 635 4334 n.
652 4300 667 4335 2
673 4301 680 4346 ;
701 4283 851 4351 Sterzirrcp,
862 4282 884 4336 l.
900 4298 924 4335 c.
936 4297 968 4350 p.
982 4293 1032 4350 πῃ
1050 4297 1096 4348 sq.
