2684 4634
272 132 329 183 Dr.
347 133 568 184 uusmmo
586 135 938 188 INCARNATIONIS.
1086 140 1155 192 449

48 330 90 375 ce
116 309 251 398 ἔνωσις),
270 326 449 393 conventus,
468 318 640 393 conventio,
655 320 811 400 copulatio
834 318 977 401 (σὺνοδος,
994 321 1155 405 copinam,

48 414 226 499 συνάφεια),
248 420 327 500 quia
349 441 408 502 per
430 421 622 502 hujusmodi
646 424 840 504 mysterium
866 435 1004 506 utraque
1028 435 1155 502 natura,

48 517 170 581 divina
194 520 262 584 scil.
278 530 312 584 et
334 523 489 599 humana,
504 525 624 587 intimo
646 525 780 588 vinculo
802 526 900 588 simul
928 539 1154 591 convenerunt

50 628 85 683 et
111 622 271 686 adunatae
294 622 387 704 sunt3
427 627 485 689 sed
513 628 697 708 praesertim
724 628 802 690 nnio
823 628 1029 709 hypostatica,
1053 625 1155 701 ἔνωσις

49 722 372 810 zah'brro'araatuqua
384 728 634 811 significabatur
644 731 801 810 unionem
813 752 879 793 non
893 753 965 795 esse
976 743 1151 795 externam

50 827 105 890 vel
121 829 283 895 moralem
300 841 441 908 tantum,
451 833 509 895 sed
523 855 634 897 veram
650 845 684 899 et
700 836 962 911 substantialem,
975 839 1021 900 ita
1037 849 1152 900 utnon

49 935 131 997 duae
147 946 259 1000 essent
280 938 313 1001 in
330 939 464 1003 Christo
491 959 651 1020 personae,
666 940 724 1002 sed
742 959 808 1001 una
831 949 973 1014 tantum,
989 951 1153 1022 quatenus

52 1060 199 1121 persona
222 1042 324 1106 Verbi
356 1044 417 1107 sibi
450 1045 630 1125 assumpsit
657 1044 838 1107 humanam
867 1056 1036 1122 naturam;
1077 1045 1153 1107 hinc

52 1145 264 1227 appellatum
286 1158 338 1213 est
359 1151 460 1212 etiam
478 1148 698 1229 incorporatio,
713 1146 949 1223 inhumanatio,
969 1149 1154 1228 assumptio,

51 1247 263 1329 apprehensio
277 1249 433 1315 humanae
450 1262 584 1316 naturae.
631 1252 684 1333 (d)
701 1251 766 1314 Sed
784 1253 1004 1315 communiter
1020 1263 1155 1315 vocatur

53 1373 75 1415 a
92 1352 226 1417 Latinis
241 1355 438 1432 Incarnatio,
453 1377 473 1419 a
490 1357 614 1421 Graecis
631 1355 792 1441 σὰρκωσις,
809 1358 826 1419 i.
843 1377 879 1431 e,
896 1358 976 1418 unio
993 1378 1069 1419 cum
1086 1378 1154 1419 car·

55 1478 109 1534 ne,
136 1479 203 1525 non
231 1462 366 1542 quidem
393 1482 434 1524 eo
459 1483 557 1525 sensu
590 1463 679 1544 quod
704 1454 853 1524 Verbum
890 1461 994 1524 solam
1022 1481 1153 1523 carnem

55 1566 285 1647 assumpserit,
297 1567 354 1629 sed
368 1566 410 1629 ad
423 1566 553 1649 plenius
563 1565 827 1648 significandum,
841 1568 953 1647 Ipsum
968 1586 1033 1627 non
1047 1565 1153 1627 solum

55 1667 273 1750 superiorem,
289 1670 346 1733 sed
363 1672 464 1733 etiam
481 1670 668 1733 inferiorem
692 1668 847 1731 humanae
872 1679 998 1732 naturae
1025 1677 1153 1749 partem

55 1773 295 1854 assumpsisse:
321 1794 388 1837 vox
401 1775 489 1838 enim
502 1796 575 1837 caro
584 1794 674 1855 saepe
685 1775 806 1854 saepius
820 1774 851 1834 in
864 1773 1035 1854 Scriptura
1045 1782 1153 1835 toturn

55 1877 229 1941 hominem
245 1878 418 1960 designat:
441 1878 608 1942 “Videbit
624 1879 733 1940 omnis
748 1899 821 1940 caro
837 1878 980 1940 salutare
998 1878 1061 1939 Dei
1072 1878 1086 1902 '¹
1102 1890 1120 1939 ¹.

101 2026 154 2097 77.
201 2026 236 2075 2⁰
265 2014 384 2093 Quoad
402 2035 478 2091 rem,
506 2015 749 2077 Incarnationis
774 2014 971 2095 mysterium
1005 2022 1056 2074 est
1079 2012 1155 2072 nnio

56 2117 255 2199 hypostatica
269 2117 405 2200 duplicis
419 2128 553 2194 natura,
562 2118 683 2181 divina
694 2119 891 2193 athamania,
901 2117 936 2178 in
947 2115 1042 2178 arioch
1062 2115 1157 2179 Verbi

50 2219 202 2305 personat,
212 2243 252 2284 aa
262 2220 328 2303 qna
342 2221 458 2285 unione
472 2242 557 2283 unns
571 2231 618 2284 est
636 2221 784 2287 Christus
794 2234 814 2284 ².
863 2221 992 2283 Dicitur
1010 2244 1016 2283 :

105 2323 173 2413 (A)
197 2326 318 2402 (sniai.
333 2347 359 2389 e.
375 2346 483 2390 nexus
505 2347 560 2388 seu
581 2324 771 2406 conjundtio
798 2324 940 2405 plurium
964 2324 1005 2384 ad
1030 2322 1154 2402 aliquid

58 2450 165 2495 unum
180 2431 393 2495 efficiendum.

102 2535 166 2618 (B)
182 2533 399 2616 Hypostatica.
445 2533 502 2598 Ad
526 2533 615 2615 quod
639 2523 902 2611 intelligendum,
917 2530 1088 2591 sciendum
1105 2537 1155 2588 est

59 2638 229 2723 duplicem
245 2639 401 2702 unionem
417 2638 577 2719 distingui
594 2657 691 2719 posse
710 2661 715 2698 :
742 2631 797 2720 (a)
811 2636 968 2697 unionem
979 2632 1154 2694 accidenta-

58 2745 132 2822 lem,
147 2748 214 2827 qua
239 2764 290 2809 res
310 2745 539 2807 coadunantur
564 2763 622 2823 per
645 2761 769 2804 meram
793 2737 1073 2820 aggregationem,
1090 2756 1154 2796 non

59 2861 173 2916 autem
191 2850 233 2912 ad
249 2849 380 2913 unicam
394 2848 616 2912 substantiam
629 2844 888 2918 efformandam;
913 2841 988 2904 talis
1008 2848 1058 2902 est
1077 2840 1156 2900 unio

60 2956 147 3018 inter
170 2953 298 3034 lapides
319 2953 376 3035 qui
400 2972 502 3015 unum
526 2971 680 3014 acervum
708 2947 895 3021 efformant,
921 2945 1006 3006 inter
1032 2943 1156 3004 amicos

59 3075 203 3139 quorum
230 3066 280 3118 est
306 3076 363 3117 cor
388 3075 491 3117 unum
515 3064 549 3116 et
571 3055 683 3116 anima
702 3071 793 3113 una:
829 3049 900 3110 haec
924 3047 1002 3110 unio
1020 3055 1157 3108 vocatur

60 3162 163 3226 etiarn
181 3160 333 3236 moralis,·
361 3158 411 3241 (b)
422 3160 578 3223 unionem
590 3154 844 3230 substantialem,
855 3156 920 3233 qua
932 3151 1025 3233 plura
1036 3151 1156 3212 coadu-

60 3273 185 3330 nantur
199 3265 241 3327 ad
258 3273 367 3327 totum
384 3260 519 3345 aliquod
538 3259 757 3324 substantiale
772 3256 1024 3318 efformandum.
1071 3253 1156 3333 Quae

60 3370 181 3434 iterum
197 3355 323 3450 duplex
340 3376 398 3442 est,
415 3363 573 3429 naturalis
591 3372 624 3426 et
640 3361 853 3444 hypostatica
871 3383 878 3422 :
902 3357 1074 3430 nataralia,
1091 3359 1157 3435 qua

60 3493 104 3535 ex
122 3469 272 3553 pluribus
287 3469 481 3533 substantiis
498 3468 566 3528 sive
583 3464 802 3546 incompletis,
819 3463 886 3523 sive
903 3459 1155 3539 completis,sed

61 3575 197 3657 integris
212 3595 280 3637 non
296 3571 552 3646 remanentibus
568 3571 664 3632 unica
681 3579 800 3631 natura
815 3565 984 3646 completa
1013 3562 1156 3624 efficitur

60 3691 97 3745 ut
113 3686 167 3743 est
181 3699 209 3741 v.
224 3697 255 3759 g.
271 3678 350 3741 unio
365 3675 510 3758 corporis
526 3683 560 3735 et
579 3673 699 3734 animae
724 3672 755 3732 in
779 3669 924 3743 homine,
940 3666 1099 3747 oxygenii
1124 3675 1157 3727 et

60 3783 259 3868 hydrogenii
280 3783 314 3844 in
341 3786 443 3862 aqua;
475 3782 508 3842 in
524 3778 624 3860 priori
640 3777 729 3839 enim
746 3795 833 3849 casu,
849 3791 968 3853 corpus
990 3779 1024 3832 et
1045 3770 1157 3830 anima

60 3898 140 3953 sunt
163 3885 359 3950 substantiae
382 3881 604 3965 incompletae,
627 3881 660 3942 in
688 3876 870 3959 posteriori,
898 3873 1104 3955 oxygonium
1124 3882 1157 3935 et

95 4093 183 4148 ¹Lrac.
202 4091 256 4160 111,
269 4091 298 4156 6;
317 4089 350 4145 cl.
367 4089 433 4145 Gen.
449 4089 501 4157 Vl,
521 4103 559 4142 12.

94 4180 156 4235 ’Ut
174 4179 274 4234 melius
292 4175 418 4232 definitio
437 4176 614 4243 intelligatur,
631 4176 658 4228 in
678 4176 844 4229 memoriam
856 4183 1022 4229 revocentur
1040 4189 1076 4226 ea
1095 4189 1160 4242 quae

59 4267 182 4321 diximus
192 4262 339 4318 denatura
351 4262 509 4330 etpersonh
519 4262 575 4329 (De
586 4265 648 4319 Deo
661 4264 689 4317 Τ
687 4266 762 4332 rino,
775 4283 802 4319 n.
820 4262 925 4334 13-173.

160 4374 286 4419 sraoms
295 4375 328 4420 ΙΙ,
342 4398 365 4407 -
383 4389 412 4434 29
