2684 4634
147 171 213 221 ³88
591 175 732 226 cnPu'r
748 176 811 223 111.

147 377 220 419 mus
237 357 337 419 libere
352 357 510 439 peccavit,
520 368 563 432 et,
576 358 650 420 loco
661 360 778 440 gratiae
790 357 1038 433 sanctificantis,
1050 356 1242 419 transmittit

147 459 243 521 nobis
263 469 387 522 statum
405 460 664 541 supernaturalis
680 462 861 522 aversionis
876 483 896 522 a
914 462 989 523 Deo
1007 486 1014 523 :
1047 461 1126 524 talis
1141 470 1242 523 status

147 563 397 642 peccaminosus
409 584 476 624 non
486 573 537 625 est
549 563 755 626 voluntarius
765 565 799 625 in
813 563 909 624 nobis
920 564 1098 626 voluntate
1115 564 1242 645 proprii

146 674 180 726 et
195 665 368 745 personali,
378 667 436 727 sed
453 675 504 728 est
515 667 722 729 voluntarius
736 665 896 729 indirecte
910 677 945 729 et
962 668 1120 739 mediate,
1133 667 1242 729 volun-

146 777 216 830 tate
239 769 357 849 capitis
381 769 493 843 nostri,
516 779 680 848 quatenus
704 769 766 831 fuit
788 770 911 831 volitus
933 769 1041 830 abeo
1065 770 1123 850 qui
1148 771 1243 832 modo

147 869 296 950 legitimo
311 872 511 933 constitutus
528 872 636 934 suerat
652 883 847 953 procurator
863 882 982 934 noster.

148 970 203 1058 (b)
220 974 284 1036 His
300 976 426 1056 positis,
436 976 483 1036 sic
492 975 648 1055 probatur
664 978 803 1038 assertio
818 985 951 1038 nostra:
967 977 1166 1056 proscriptae
1182 973 1243 1035 fue-

146 1082 223 1135 runt
238 1073 291 1135 hae
309 1073 379 1137 Baii
396 1075 639 1155 propositiones
657 1098 664 1136 :
688 1075 772 1136 “Ad
790 1075 952 1136 rationem
968 1085 1003 1136 et
1015 1074 1242 1136 definitionem

146 1178 273 1257 peccati
289 1197 355 1237 non
379 1177 523 1257 pertinet
545 1176 786 1239 voluntarium.
800 1227 824 1238 ..
873 1178 975 1240 Unde
990 1186 1170 1257 peccatum
1187 1175 1243 1237 ori·

145 1282 232 1360 ginis
255 1301 330 1342 vere
352 1280 454 1342 habet
477 1281 638 1341 rationem
663 1282 790 1361 peccati
824 1281 896 1342 sine
925 1280 992 1342 ulla
1021 1281 1186 1343 relatione
1208 1299 1241 1340 ac

146 1382 297 1465 respectu
314 1385 356 1446 ad
378 1384 584 1446 voluntatem
601 1405 621 1446 a
637 1389 703 1464 qua
720 1385 883 1464 originem
907 1383 1024 1445 habuit
1036 1383 1053 1408 '¹
1070 1383 1242 1464 (Denzing

145 1490 218 1568 926,
233 1485 330 1573 927);
353 1509 396 1550 ex
418 1508 485 1569 quo
500 1489 650 1569 sequitur
666 1487 828 1570 originale
844 1497 1019 1568 peccatum
1043 1506 1119 1549 esse
1136 1487 1242 1568 aliquo

145 1614 242 1656 sensu
253 1594 486 1668 voluntarium,
495 1601 529 1654 et
546 1593 709 1657 rationem
726 1592 853 1673 peccati
869 1590 992 1652 habere
1015 1610 1060 1650 cx
1086 1590 1242 1652 relatione

146 1701 258 1760 nostra
274 1717 349 1758 cum
368 1695 511 1757 Adamo.
557 1695 614 1757 Ad
631 1695 717 1756 hanc
733 1705 846 1757 autem
863 1692 1057 1754 relationem
1075 1693 1241 1774 explican-

145 1803 232 1877 dam,
244 1800 295 1863 vel
309 1799 517 1862 admittenda
530 1808 581 1860 est
593 1798 776 1879 explicatio
791 1817 891 1880 supra
904 1795 1043 1871 tradita;
1066 1795 1120 1857 vel
1134 1797 1240 1858 dicen·

144 1907 224 1968 dum
241 1905 414 1966 Adamum
435 1901 508 1982 jure
532 1900 683 1975 naturali,
699 1902 770 1962 sine
793 1901 859 1963 ulla
879 1901 952 1981 lege
975 1899 1128 1979 positiva,
1146 1899 1240 1962 fuisse

145 2014 391 2087 procuratorem
417 2015 575 2081 nostrum,
592 2014 648 2067 aut
672 2005 807 2066 tandem
832 2003 1046 2066 asserendum
1063 2012 1116 2065 est
1134 2001 1238 2066 Deum

145 2108 286 2190 positive
314 2107 485 2170 inclusisse
517 2120 632 2169 omnes
657 2106 846 2169 voluntates
882 2115 1012 2168 nostras
1040 2107 1073 2168 in
1099 2107 1238 2169 Adamo.

145 2212 250 2292 Atqui
275 2213 350 2274 duae
374 2211 567 2292 posteriores
590 2209 791 2291 hypotheses
819 2219 1014 2290 repugnant.
1062 2207 1238 2292 Repugnat

137 2315 240 2395 prior,
250 2315 335 2394 quia,
348 2315 372 2375 si
385 2314 538 2376 Adamus
552 2313 624 2395 jure
641 2313 782 2375 naturali
796 2312 911 2375 fuisset
922 2322 1117 2394 procurator
1133 2325 1238 2378 noster

145 2421 177 2480 in
194 2420 309 2480 ordine
334 2419 459 2495 morali,
475 2420 587 2481 omnia
609 2417 680 2498 ejus
701 2426 837 2498 peccata
857 2414 1000 2480 adlualia
1024 2418 1066 2479 ad
1092 2429 1236 2500 posteros

145 2523 359 2598 transiissent,
384 2523 451 2584 imo
476 2531 612 2603 peccata
643 2523 755 2583 omnia
778 2530 955 2602 parentum
977 2521 1050 2601 jure
1083 2523 1126 2584 ad
1161 2522 1236 2584 filios

144 2628 245 2690 etiam
262 2647 349 2688 nunc
366 2626 542 2687 transirent
563 2646 568 2686 :
593 2626 682 2706 quod
700 2645 719 2686 a
735 2625 868 2686 nemine
884 2625 1082 2687 admittitur.

190 2733 368 2812 Repugnat
373 2729 542 2810 posterior,
554 2729 633 2808 quia
648 2727 803 2789 voluntas
820 2736 943 2802 nostra,
958 2748 1033 2808 quae
1049 2728 1161 2791 adhuc
1178 2748 1235 2791 non

144 2836 320 2910 existebat,
334 2855 399 2897 non
414 2843 544 2915 poterat
557 2830 730 2895 actualiter
743 2831 865 2893 includi
877 2833 908 2893 in
923 2831 1096 2895 voluntate
1111 2832 1236 2903 Adami,

144 2964 184 3005 eo
201 2941 306 3021 magis
324 2941 401 3020 quia
416 2938 570 3000 voluntas
595 2946 707 2998 nostra
731 2936 924 2997 immediate
939 2936 1029 2998 venit
1046 2957 1065 2997 a
1084 2937 1168 3012 De0,
1186 2955 1236 2999 nec

145 3021 375 3105 continebatur
391 3040 491 3102 etiam
510 3039 689 3101 virtualiter
702 3041 734 3100 in
749 3038 890 3101 Adam0.
937 3037 1086 3100 Aliunde
1104 3040 1236 3102 inclusio

145 3145 277 3207 moralis
298 3143 478 3204 voluntatis
502 3143 598 3204 unius
620 3142 799 3204 voluntatis
824 3143 856 3204 in
881 3142 953 3218 alia,
976 3164 1003 3204 v.
1021 3163 1050 3223 g.
1068 3144 1187 3225 pupilli
1211 3145 1235 3206 in

145 3255 261 3317 tutore,
274 3262 313 3303 eo
330 3242 437 3304 tendit
454 3252 498 3318 ut,
510 3255 670 3324 peccante
687 3255 806 3320 tutore,
823 3266 889 3307 non
907 3245 1014 3326 culpa,
1032 3246 1091 3307 sed
1109 3255 1234 3311 tantum

145 3349 251 3429 culpae
262 3343 398 3408 effectus
410 3347 535 3427 pupillo
552 3350 741 3431 imputetur,
752 3350 831 3411 dum
838 3358 1003 3429 peccatum
1015 3349 1179 3430 originale
1195 3358 1237 3413 est

145 3452 320 3530 unicuique
324 3449 503 3530 proprium.
551 3452 1015 3516 Nccvideturadmittendum
1030 3474 1104 3515 esse
1109 3456 1237 3536 palium

144 3555 326 3637 explicitum
344 3553 432 3632 quod
451 3553 541 3615 Deus
565 3576 640 3616 cum
659 3555 793 3618 Adamo
811 3557 990 3638 pepigerit,
1025 3577 1103 3618 nam
1127 3556 1236 3621 nullibi

144 3660 210 3722 tale
228 3655 362 3740 pactum
376 3668 670 3735 commemoratur;
695 3679 754 3720 nec
768 3660 901 3722 aliunde
912 3679 1093 3721 consensus
1108 3659 1236 3733 Adami,

144 3764 199 3843 qui
214 3764 254 3824 ad
273 3761 404 3844 pactum
422 3762 552 3843 proprie
569 3759 695 3823 dictum
713 3764 926 3837 desideratur,
940 3761 1076 3823 minime
1094 3782 1236 3825 necessa·

145 3869 210 3928 rius
233 3876 312 3940 erat,
337 3886 438 3945 quum
466 3864 508 3928 de
535 3859 785 3927 transmissione
816 3866 979 3927 donorum
1017 3862 1235 3928 indebitorum

144 3982 302 4054 ageretur.
350 3971 440 4051 Ergo
462 3969 645 4031 sufficiebat
656 3972 788 4049 pubium
805 3968 996 4048 implicitum
1020 3968 1062 4029 de
1084 3988 1153 4048 quo
1176 3969 1236 4050 egi·

142 4153 239 4218 fuerat,
254 4167 291 4203 sc.
304 4167 353 4218 pro
368 4166 397 4203 se
411 4160 438 4202 et
448 4166 497 4216 pro
507 4149 566 4200 toth
580 4149 630 4200 sud
640 4149 809 4215 posteritate.
851 4145 985 4201 Deledlus
999 4146 1067 4217 ergo
1076 4149 1161 4217 hujus
1175 4147 1233 4204 doni

132 4249 222 4294 totam
237 4238 299 4309 ejus
312 4237 513 4310 posteritatem
527 4234 727 4306 consequitur:
745 4246 775 4288 et
785 4236 828 4287 sic
835 4233 890 4287 iste
900 4233 1027 4288 <serenus
1040 4251 1075 4290 eo
1088 4237 1175 4292 modo
1189 4249 1233 4292 tra·

117 4328 236 4384 ducitur
248 4329 280 4385 in
294 4340 433 4402 posteros
448 4345 507 4400 quo
521 4325 612 4383 modo
624 4322 784 4381 traducitur
793 4322 925 4374 humana
933 4319 1049 4370 natural
