2684 4634
119 175 188 227 ⁵58
352 224 355 229 ,
560 174 703 229 CAPUT
719 179 771 227 111

152 290 235 299 ...u-
1173 299 1214 310 ..-

119 354 219 428 venit,
235 351 314 434 quia
338 352 490 417 Christus
512 367 615 437 caput
640 368 792 420 nostrum
817 379 893 421 esse
919 355 1041 438 voluit,
1059 367 1161 446 caput
1183 387 1215 428 sc.

119 456 292 538 cujusdam
307 456 462 536 corporis.
509 457 587 520 Non
600 460 691 522 enim
704 472 817 541 potest
827 463 897 525 dici
909 470 1026 546 caput,
1039 469 1101 531 ubi
1113 489 1215 550 corpus

121 558 248 624 nullum
272 569 332 633 est,
358 559 410 622 cui
436 560 479 621 sit
503 572 612 641 caput
665 562 810 625 Proinde
831 565 860 626 si
882 579 988 646 caput
1018 569 1179 646 Christus,
1192 582 1216 633 et

121 662 260 743 alicujus
276 663 423 743 corporis
439 674 539 744 caput
556 675 608 728 est
624 665 785 729 Christus
837 668 971 750 Corpus
996 672 1091 734 illius
1114 675 1216 755 capitis

121 766 237 833 saneta
255 768 405 831 Ecclesia
421 776 481 841 est,
497 767 529 827 in
547 767 642 847 cujus
666 789 727 830 nos
751 771 911 833 membris
934 794 1066 850 sumus,
1084 777 1113 837 si
1130 786 1215 858 caput
1259 734 1262 887 ⁴

123 882 272 935 nostrum
290 870 497 951 diligimus
1260 894 1262 899 ·

166 975 226 1056 (B)
251 974 391 1037 Ratione
408 973 496 1036 theol.
543 973 632 1034 Nam
657 974 689 1035 in
716 995 855 1055 corpore
879 976 1033 1040 humano
1056 991 1157 1063 caput
1176 992 1215 1042 est
1259 956 1262 1079 ⁴

124 1077 179 1141 illa
196 1098 271 1160 pars
294 1099 369 1159 quse
393 1081 518 1139 eminet
541 1076 553 1141 l
555 1078 592 1154 a)
600 1077 779 1156 prion'tatc
800 1081 937 1153 ordinis
954 1101 1036 1144 nam
1053 1095 1155 1164 caput
1175 1097 1215 1144 est

124 1182 229 1263 prima
247 1202 322 1263 pars
339 1181 502 1260 corporis;
537 1179 588 1259 (b)
597 1181 800 1259 perfectione,
815 1184 895 1262 quia
919 1184 952 1246 in
977 1187 1094 1266 capite
1118 1188 1214 1266 vigent
1258 1194 1262 1201 '

124 1304 240 1345 omnes
267 1303 398 1359 sensus;
443 1283 490 1362 (c)
518 1279 639 1344 virtute
664 1283 833 1360 inlluendi,
861 1306 938 1347 narn
962 1299 1069 1368 caput
1102 1291 1214 1350 ratione

125 1384 257 1458 cerebri,
271 1384 339 1465 agit
357 1385 388 1444 in
403 1393 513 1445 cetera
530 1383 689 1457 membra,
701 1404 742 1444 ea
758 1385 927 1447 movendo
941 1398 975 1449 et
988 1389 1214 1469 gubernando;

125 1490 216 1570 atqui
234 1489 305 1551 hac
323 1489 385 1551 tria
402 1488 536 1552 Christo
552 1499 749 1570 competunt
765 1490 869 1551 relate
885 1491 928 1551 ad
945 1490 1032 1551 alios
1049 1490 1213 1552 homines:

125 1592 175 1671 (a)
192 1602 242 1654 est
252 1592 353 1672 prior,
372 1611 436 1653 non
453 1591 589 1671 quidem
607 1600 757 1673 tempore
782 1602 819 1654 ut
835 1592 947 1667 hom0‚
964 1593 1025 1655 sed
1042 1594 1215 1675 dignitate:

125 1695 398 1777 “primogenitus
423 1695 455 1755 in
482 1693 595 1756 multis
619 1693 774 1756 fratribus
787 1708 797 1738 ¹
811 1697 843 1771 '';
867 1707 901 1758 et
916 1693 990 1777 ejus
1007 1699 1119 1776 gratia
1134 1698 1215 1759 altior

126 1808 176 1860 est
192 1817 230 1860 ac
247 1799 344 1880 prior,
360 1798 437 1879 quia
454 1817 570 1858 omnes
587 1796 642 1858 alii
659 1799 801 1878 gratiam
827 1808 1030 1880 acceperunt
1047 1821 1108 1880 per
1121 1821 1215 1880 respe-

126 1896 217 1962 ctum
245 1902 286 1963 nd
313 1901 455 1983 gratiam
480 1899 625 1981 ipsius2;
666 1901 716 1981 (b)
748 1900 849 1963 habet
872 1903 972 1963 etiam
989 1902 1217 1982 perfidiarum,

127 2005 204 2084 quia
218 2003 365 2085 possidet
379 2003 621 2083 plenitudinem
634 2003 750 2083 gratiae
763 2013 797 2065 et
813 2004 960 2065 veritatis
973 2029 979 2066 ε
997 2010 1014 2036 “
1027 2005 1060 2066 in
1073 2026 1141 2086 quo
1153 2014 1218 2066 sunt

127 2126 244 2170 omnes
261 2107 404 2170 thesauri
423 2107 596 2186 sap-ientiae
607 2115 641 2167 et
657 2107 804 2167 scientiae
817 2106 1005 2168 absconditi
1018 2119 1032 2162 3
1043 2108 1072 2186 '’;
1097 2108 1145 2188 (c)
1157 2117 1219 2168 tan·

128 2209 203 2271 dem
222 2210 322 2271 babet
339 2211 494 2271 virtutem
510 2207 677 2281 induendi,
689 2209 767 2286 quia
783 2212 799 2238 “
810 2210 852 2270 de
865 2209 1075 2288 plenitudine
1085 2210 1157 2289 ejus
1169 2229 1220 2270 nos

128 2332 243 2372 omnes
261 2313 470 2390 accepimus⁴
484 2310 515 2387 ”3
539 2320 572 2372 et
589 2330 709 2382 revera,
728 2320 764 2371 ut
781 2308 908 2372 dietum
926 2321 984 2379 est.
999 2313 1222 2393 omnisgratia

129 2434 165 2474 ae
183 2414 321 2493 proinde
338 2414 444 2474 omnis
463 2423 572 2475 motus
597 2415 628 2474 in
653 2415 769 2475 ordine
793 2416 1035 2495 supernaturali
1058 2438 1078 2477 a
1097 2417 1222 2480 Christo

130 2517 355 2596 Redemptore
380 2517 486 2591 uenit;
519 2516 595 2577 hinc
618 2516 758 2577 trident.
778 2518 868 2578 aits:
902 2522 1035 2598 “quum
1060 2519 1150 2580 enim
1176 2519 1223 2579 ille

129 2621 198 2700 ipse
216 2618 365 2682 Christus
382 2619 478 2698 Jesus
496 2629 654 2700 tanquam
673 2630 772 2700 caput
789 2621 821 2680 in
841 2621 998 2695 membra,
1015 2632 1048 2683 et
1066 2631 1223 2702 tanquam

128 2724 203 2785 vitis
237 2724 269 2783 in
305 2723 467 2804 palmites
504 2724 534 2783 in
571 2725 661 2804 ipsos
691 2723 890 2804 justificatos
923 2724 1048 2804 jugiter
1071 2726 1224 2787 virtutem

129 2828 244 2889 influat
258 2830 272 2853 ’¹

171 2975 240 3043 235.
295 2977 328 3023 20
346 2963 495 3024 Christus
519 2972 569 3024 est
592 2963 727 3042 quidem
753 2972 853 3042 caput
870 2964 1019 3023 omnium
1045 2963 1226 3036 hominum,

130 3067 186 3126 sed
204 3067 375 3126 seeundum
392 3065 534 3125 dr‘uersos
544 3063 679 3144 graden.
728 3061 791 3149 (A)
813 3065 874 3126 Est
891 3075 990 3146 caput
1007 3067 1081 3126 atter
1107 3087 1165 3129 seu
1189 3067 1226 3127 de

129 3167 217 3230 laeto
233 3193 238 3230 :
266 3165 321 3253 (a)
338 3168 516 3239 beatorum,
531 3168 586 3247 qui
598 3164 742 3247 perfecte
753 3188 790 3228 ac
809 3168 1023 3241 immobiliter
1036 3170 1099 3249 ipsi
1113 3172 1226 3231 uniun-

130 3282 183 3334 tur
207 3292 264 3353 per
287 3271 446 3351 gloriarm
479 3272 528 3350 (b)
543 3271 706 3349 justorum
731 3273 762 3332 in
782 3274 877 3346 terra,
894 3273 950 3353 qui
976 3272 1037 3353 ipsi
1063 3274 1227 3336 mobiliter

130 3375 287 3437 uniuntur
304 3373 475 3454 perfidem
501 3383 534 3433 et
558 3374 728 3434 caritatem
743 3396 748 3445 ;
784 3373 832 3453 (c)
849 3372 997 3437 fidelium
1015 3387 1226 3454 peccatorum

129 3478 185 3557 qui
209 3478 269 3557 ipsi
287 3477 445 3538 uniuntur
462 3495 519 3555 per
536 3473 635 3536 fidem
654 3485 794 3537 tantum.
841 3475 901 3554 (B)
919 3476 981 3538 Est
998 3487 1112 3539 autern
1131 3487 1229 3559 caput

130 3583 164 3642 in
175 3580 316 3660 potentr'ct
334 3578 516 3640 infidelium
534 3581 681 3640 omnium
708 3581 763 3660 qui
782 3590 921 3660 possunt
939 3582 981 3642 ad
999 3600 1111 3643 veram
1131 3582 1227 3645 fidem

130 3686 275 3746 conuerti
286 3708 292 3760 ;
325 3703 402 3744 nam
420 3684 578 3762 quamdiu
598 3681 748 3744 infideles
766 3694 902 3746 manent
919 3684 952 3746 in
971 3690 1067 3760 terra,
1079 3685 1228 3748 Christus

130 3797 255 3850 remote
272 3788 388 3849 saltem
401 3786 472 3864 agit
490 3786 521 3846 in
540 3787 638 3866 ipsos,
651 3797 687 3848 ut
705 3786 777 3848 illos
792 3789 833 3848 ad
847 3787 946 3849 fidem
959 3789 1123 3864 adducat;
1141 3792 1227 3871 atqui

130 3890 204 3952 talis
218 3889 364 3951 influxus
381 3889 501 3951 sufficit
519 3900 554 3951 ut
572 3891 678 3971 possit
695 3893 804 3952 vocari
822 3912 936 3953 eorum
950 3902 1051 3973 caput
1068 3894 1100 3953 iu
1113 3905 1228 3974 poten-

129 3995 191 4068 tim
215 4013 301 4072 ergo
347 3992 405 4074 (C)
420 3991 448 4052 N
454 3991 625 4054 ullomodo
636 4004 746 4055 autem
765 4005 814 4056 est
831 4004 931 4075 caput
946 3994 1185 4059 damnatorum
1200 4000 1227 4057 in

127 4130 217 4139 ,....--
1191 4134 1224 4140 ..-

166 4190 262 4243 ‘mm
280 4191 420 4257 v111,29.
438 4222 469 4228 -
483 4197 492 4218 2
504 4193 581 4243 nom.
599 4193 685 4254 vlu,
703 4207 743 4258 29.
759 4192 907 4247 -scnot
926 4194 963 4260 u,
978 4162 1060 4263 Μ
1069 4198 1134 4264 soa.
1152 4197 1173 4262 1,
1191 4210 1226 4259 14.

156 4272 234 4342 ⁴lrue.
256 4281 277 4348 l,
297 4280 335 4335 16.
402 4288 412 4322 ⁵
424 4281 498 4335 Sess.
514 4281 567 4347 l'l,
584 4296 647 4348 cap.
661 4294 688 4342 7.
