2684 4634
285 194 342 244 Du
360 193 582 244 MYSTERIO
601 192 955 244 INCARNATIONIS.
1103 195 1171 245 505

61 376 159 437 niodo
170 369 344 438 'voluerit'fi
371 374 563 438 ''Reveraex
578 376 727 437 textibus
744 373 852 435 allatis
869 375 916 435 sic
934 375 1026 455 argui
1040 383 1170 456 potest:

62 477 220 541 Christus
240 480 383 560 seipsum
406 477 504 541 offert
528 488 565 540 ut
587 475 767 551 victimam,
783 477 862 556 quia
885 477 964 551 vult,
981 485 1015 537 et
1031 475 1171 538 habeta

62 577 178 658 seipso
201 587 402 658 potestatem
427 578 572 659 ponendi
597 578 700 639 vitam
724 577 775 640 vel
809 598 874 639 non
904 577 1051 659 ponendi
1075 597 1169 654 eam;

62 677 160 758 atqui
186 677 258 739 haec
283 679 397 742 omnia
421 674 602 758 perlectam
628 676 814 738 libertatem
841 686 1044 757 supponunt,
1067 696 1168 757 quum

62 779 248 860 importent
263 779 407 860 eligendi
423 778 613 841 facultatem
629 800 635 854 ;
658 798 744 859 ergo

66 877 125 966 (b)
152 883 230 945 Huc
253 884 354 945 etiam
379 883 546 964 pertinent
570 891 694 957 textus
717 882 838 961 quibus
864 881 998 945 Christo
1021 891 1169 961 potestas

63 983 211 1069 eligendi
227 985 441 1048 adscribitur:
457 985 567 1047 “Post
590 984 661 1046 haec
682 993 794 1046 autem
814 982 1008 1045 ambulabat
1023 981 1119 1064 Jesus
1135 985 1167 1045 in

65 1085 259 1162 Galilaeam;
283 1108 349 1150 non
374 1088 462 1150 enim
490 1086 623 1149 volebat
651 1087 683 1147 in
710 1085 862 1166 Judaeam
893 1085 1062 1147 ambulare
1075 1086 1089 1109 ’'
1104 1098 1167 1147 1...

64 1193 79 1220 “
93 1189 172 1270 Qui,
195 1191 372 1271 proposito
389 1190 452 1252 sibi
475 1188 607 1271 gaudio,
630 1188 786 1250 sustinuit
808 1207 953 1261 crucem,
976 1187 1168 1250 confusione

65 1296 260 1372 contempta
269 1292 285 1317 ''
296 1304 330 1369 2;
356 1291 433 1354 hinc
458 1291 492 1354 S.
512 1289 671 1369 Chrysost.
688 1291 719 1351 in
744 1291 773 1351 h.
791 1289 849 1351 loc.
867 1298 979 1351 notat:
1003 1293 1020 1320 “
1032 1290 1094 1351 hoc
1109 1299 1168 1360 est,

65 1391 188 1455 licebat
203 1393 265 1474 ipsi
281 1394 326 1456 nil
343 1396 481 1476 perpeti,
496 1395 524 1455 si
539 1392 715 1468 voluisset;
738 1402 772 1454 et
794 1401 994 1472 potestatem
1014 1391 1168 1466 habebat,

65 1495 90 1556 si
105 1495 276 1572 voluisset,
292 1517 422 1559 crucem
439 1516 505 1558 non
523 1496 614 1557 adire
626 1495 651 1557 '’.

21 1680 26 1685 Ι
106 1597 170 1678 (Β)
195 1598 271 1660 Rat.
302 1598 332 1660 T
328 1599 403 1661 heol.
451 1597 602 1662 Christus
629 1618 707 1658 vera
734 1607 901 1678 praecepta
927 1599 1067 1679 accepit,
1093 1619 1167 1660 vere

10 1758 23 1783 Ι.
65 1698 127 1762 suit
143 1701 312 1776 obediens,
326 1712 360 1764 et
376 1722 452 1764 vere
469 1700 608 1776 meruit;
634 1700 726 1780 atqui
750 1709 963 1781 praeceptum,
978 1700 1167 1762 obedientia

10 1844 13 1867 ;
64 1803 198 1884 proprie
213 1801 304 1866 dicta
319 1814 352 1866 et
368 1805 522 1866 meritum
541 1803 727 1864 libertatem
744 1811 951 1883 supponunt;
973 1823 1051 1865 narn
1068 1823 1167 1865 nemo

64 1901 160 1964 alteri
180 1904 332 1984 praecipit
351 1901 462 1966 adium
479 1925 498 1965 a
513 1924 581 1984 quo
597 1904 651 1965 ille
667 1904 833 1964 abstinere
850 1924 915 1965 non
933 1913 1053 1984 potest,
1069 1895 1167 1966 nemo

64 2001 153 2067 actui
172 2006 358 2068 necessario
377 2006 576 2068 obedientiae
598 2007 747 2068 meritum
770 2006 893 2082 tribuit,
909 2026 1008 2067 nemo
1030 2009 1167 2087 praemio

64 2107 206 2191 dignum
222 2118 318 2188 putat
333 2128 417 2188 opus
433 2108 494 2169 nisi
511 2108 612 2170 libere
629 2107 822 2188 perficiatur.

15 2258 26 2269 “
107 2255 177 2323 152.
226 2255 261 2322 3⁰
279 2242 440 2322 Obsidum
456 2242 614 2305 libertatis
629 2244 664 2304 in
683 2243 818 2308 Christo.

23 2394 26 2399 .
107 2347 295 2426 Disputant
310 2346 473 2426 Theologi
489 2347 574 2407 circa
589 2346 741 2425 obs'elium
764 2355 794 2407 et
810 2346 1020 2408 extensionem
1036 2347 1167 2411 liberta-

23 2480 26 2497 =
63 2451 105 2511 tis
122 2451 156 2510 in
174 2448 315 2524 Christ0,
330 2459 465 2530 propter
486 2449 716 2511 difficultatem
743 2469 817 2511 eam
842 2470 918 2512 curn
946 2451 1167 2531 impeccabili-

10 2534 26 2635 ξ
63 2561 135 2614 tate
150 2551 359 2614 conciliandi.

21 2646 25 2697 ῗ
107 2654 168 2735 (Α)
195 2654 304 2729 Multi,
330 2655 415 2717 inter
437 2674 521 2734 quos
554 2654 706 2734 Vasquez,
726 2654 827 2735 Lnga,
856 2655 887 2715 T
884 2656 1023 2734 ournely,
1046 2657 1167 2718 docent

19 2778 26 2843 j
64 2758 235 2822 Christum
259 2777 325 2818 non
347 2756 447 2819 fuisse
468 2756 606 2818 liberum
632 2758 717 2817 circa
738 2757 960 2819 substantiam
985 2768 1167 2838 praecepto-

17 2884 25 2933 ς
63 2881 151 2935 rum,
177 2860 235 2921 sed
262 2859 370 2921 solum
394 2860 480 2921 circa
503 2860 769 2920 circumstantias
792 2861 999 2935 eorumdem,
1022 2869 1055 2921 et
1082 2861 1168 2922 circa

63 2960 158 3026 actus
174 2963 231 3043 qui
246 2982 312 3050 non
330 2963 454 3024 cadunt
469 2962 531 3024 sub
548 2971 733 3042 praecept03
756 2985 783 3025 v.
799 2983 828 3043 g.
843 2963 943 3042 juxta
959 2963 1057 3044 ipsos,
1074 2963 1167 3026 Chri-

63 3076 134 3128 stus
159 3084 227 3126 non
254 3074 325 3126 erat
351 3064 433 3126 liber
460 3066 546 3126 circa
573 3075 777 3146 praeceptum
804 3065 938 3127 amandi
965 3065 1085 3141 Deum,
1109 3067 1167 3128 sed

62 3169 150 3230 circa
163 3167 429 3229 circumstantias
442 3169 611 3248 temporis
624 3169 723 3242 modi,
737 3169 822 3229 circa
835 3168 1061 3230 intensitatem
1075 3166 1167 3231 adius

62 3282 123 3334 etc.
184 3269 285 3332 Ratio
317 3269 575 3331 fundamentalis
604 3269 792 3331 desumitur
819 3290 862 3330 ex
891 3270 1169 3351 impeccabilitate

62 3373 211 3437 Christi:
234 3372 269 3437 Si
294 3373 453 3447 Christus
475 3372 637 3453 inquiunt,
659 3371 757 3434 fuerit
780 3370 862 3431 liber
885 3371 970 3431 circa
994 3380 1167 3450 praecepta,

61 3476 176 3557 potuit
189 3495 229 3536 ea
244 3474 386 3536 violare:
403 3494 501 3555 porro
516 3474 572 3554 qui
589 3482 700 3553 potest
720 3470 843 3531 violare
868 3479 1042 3550 praecepta,
1059 3479 1168 3549 potest

61 3597 210 3659 peccare,
226 3597 287 3639 nec
303 3577 443 3659 proinde
459 3587 510 3639 est
526 3573 752 3656 impeccabilis
767 3595 774 3648 ;
800 3593 887 3652 ergo,

107 3681 159 3744 Ut
174 3689 286 3742 autem
303 3679 473 3760 explicent
485 3679 656 3759 quomodo
669 3676 821 3740 Christus
838 3674 935 3736 fuerit
953 3675 1033 3736 liber
1049 3677 1081 3736 in
1099 3695 1168 3736 mo-

60 3781 189 3856 riend0‚
205 3779 260 3841 alii
276 3781 392 3843 dicunt
412 3799 487 3840 cum
507 3779 644 3839 Petavio
665 3777 799 3840 Christo
819 3778 1010 3858 impositum
1032 3776 1130 3839 fuisse
1150 3799 1169 3838 a

62 3886 163 3948 Patre
186 3892 390 3964 praeceptum
416 3881 577 3942 moriendi
605 3903 667 3942 non
689 3882 848 3957 strictum,
864 3882 921 3944 sed
940 3884 1043 3945 latum
1060 3893 1093 3944 et
1109 3884 1168 3944 im-

60 3985 244 4069 proprium,
260 3985 312 4046 cui
328 3985 455 4064 absque
471 3992 609 4065 peccato
626 4004 690 4044 non
709 3985 940 4066 obtemperare
964 3987 1168 4066 potuisset33

94 4196 180 4267 ¹Joa.
196 4196 264 4262 Vll,
281 4211 303 4250 1.
318 4223 355 4233 -
367 4192 377 4226 ²
390 4195 475 4247 Hebr.
491 4195 560 4256 Xll,
577 4211 600 4246 2.

94 4281 184 4337 ³Nec
195 4283 296 4336 desunt
314 4281 472 4334 testimonia
491 4299 525 4335 ex
544 4281 646 4351 quibus
666 4279 762 4352 colligi
781 4279 875 4351 possit
892 4298 997 4336 uocem
1009 4281 1184 4333 mundatum
