2684 4634
191 194 260 246 ⁴⁸0
637 190 779 246 caput
797 194 841 244 11.

190 377 303 453 Patre,
312 377 448 458 plenum
475 376 592 456 gratiae
620 385 653 437 et
678 375 831 437 veritates
840 375 903 447 ’'1,·
937 393 1013 456 quae
1037 375 1175 455 quidem
1199 373 1287 434 verba

191 478 288 543 valde
313 479 530 562 probabiliter
554 478 779 560 praedicantur
797 479 847 540 'de
863 477 999 542 Christo
1023 479 1173 551 homi-ne,
1196 496 1286 558 quum

191 579 263 642 sola
279 589 399 642 natura
414 578 563 640 humana
579 579 684 658 ipsius
707 578 816 659 possit
827 577 984 659 gratiam
1008 577 1185 658 recipere,
1207 566 1287 658 atqui

191 681 343 746 Christus
357 700 424 742 non
441 688 554 762 potest
568 679 635 741 dici
648 680 767 760 plenus
782 679 933 740 veritatis
948 678 1011 740 nisi
1028 678 1160 740 fruatur
1174 677 1288 740 visione

191 782 353 859 beatifica,
365 784 445 864 quia
454 782 564 845 omnis
580 783 647 845 alia
660 783 805 863 cognitio
822 790 873 842 est
886 778 1092 861 imperfedta,
1100 779 1113 860 j
1118 791 1205 844 uxta
1219 781 1289 842 illud

193 887 225 950 S.
243 883 363 949 Pauli:
397 886 591 949 “Videmus
614 906 702 948 nunc
726 905 786 965 per
809 882 982 965 speculum
1004 884 1038 944 in
1055 883 1290 963 aenigmate”²;

191 989 325 1052 aliunde
340 988 418 1052 talis
433 988 518 1050 visio
534 988 597 1069 ipsi
614 988 740 1050 donata
752 986 814 1049 luit
830 986 873 1047 ab
889 985 993 1060 initio,
1003 986 1082 1065 quia
1099 985 1165 1065 ipsi
1179 985 1291 1048 adscri-

192 1093 332 1154 bitur-eo
348 1091 438 1173 quod
455 1091 498 1153 sit
515 1088 718 1171 Unigenitus
736 1089 860 1165 Patris;
899 1108 997 1169 porro
1012 1087 1077 1150 fuit
1094 1088 1292 1170 Unigenitus

195 1197 299 1258 Patris
315 1215 335 1257 a
351 1196 460 1276 primo
477 1194 632 1273 instanti;
654 1213 744 1274 ergo.
781 1191 834 1273 (b)
845 1190 1072 1255 Confirmatur
1083 1211 1130 1253 ex
1148 1192 1217 1254 alio
1228 1192 1292 1254 loco

193 1299 248 1360 ubi
265 1298 418 1362 Christus
434 1298 537 1361 dicit:
564 1297 705 1359 “Nemo
721 1296 872 1358 ascendit
889 1297 921 1356 in
937 1295 1075 1376 coelum,
1091 1296 1158 1358 nisi
1175 1297 1232 1377 qui
1243 1295 1292 1358 de·

193 1402 323 1464 scendit
339 1402 382 1464 de
397 1401 492 1478 coelo,
508 1400 618 1462 Filius
632 1399 782 1473 hominis,
798 1400 855 1478 qui
872 1407 923 1460 est
939 1399 972 1458 in
989 1397 1076 1459 coelo
1087 1397 1102 1423 ’¹
1117 1408 1150 1474 ³;
1173 1396 1229 1461 hi't
1244 1399 1292 1459 de·

192 1503 336 1566 claretur
352 1503 532 1577 Christum,
545 1503 604 1583 qui
621 1501 806 1563 secundum
823 1510 977 1562 naturam
995 1500 1147 1562 divinam
1163 1502 1292 1563 detcen·

194 1605 244 1668 dit
258 1606 412 1682 deeoelo,
429 1606 615 1668 secundum
632 1614 787 1666 naturam
804 1603 987 1666 humanam
1004 1603 1057 1684 (ut
1080 1603 1294 1684 probabiliter

195 1709 333 1772 infertur
354 1730 398 1771 ex
421 1711 493 1790 ipsa
508 1728 589 1770 voce
605 1706 715 1769 Filius
729 1702 888 1791 hominis)
907 1707 1097 1768 ascendisse
1119 1707 1292 1770 incoelurn

195 1817 228 1870 et
245 1809 278 1869 in
295 1807 381 1870 coelo
397 1828 486 1883 esse;
520 1806 613 1886 atqui
628 1804 782 1868 Christus
797 1824 865 1867 non
882 1813 1015 1885 poterat
1030 1814 1112 1866 ante
1136 1806 1293 1868 ascensio
1336 1866 1338 1901 Ι

194 1929 270 1971 nem
294 1931 367 1972 esse
392 1912 424 1972 in
449 1910 535 1972 coelo
554 1906 739 1970 secundum
763 1916 917 1971 naturam
942 1909 1139 1986 humanam,
1156 1910 1220 1972 nisi
1244 1928 1294 1990 per

195 2013 358 2074 visionem
383 2012 590 2088 beatificam3
625 2013 739 2073 revera
753 2012 863 2074 verbis
888 2010 1073 2092 aliquando
1095 2012 1294 2092 utitunquae

194 2115 226 2177 id
244 2115 388 2178 innuunt
402 2138 419 2176 ε.
437 2114 565 2196 “Quod
583 2116 715 2188 scimus,
732 2114 907 2194 loquimur,
925 2125 959 2178 et
974 2116 1064 2195 quod
1082 2116 1239 2191 vidimus,
1253 2126 1293 2177 te·

192 2228 353 2280 stamur..
411 2219 486 2299 Ego
508 2219 598 2298 quod
616 2217 688 2278 vidi
709 2217 801 2297 apud
812 2203 951 2279 Patrem
974 2237 1095 2293 meum,
1122 2218 1249 2300 loquor.
1259 2218 1295 2270 ”4

194 2320 271 2381 Huc
287 2322 387 2382 etiam
400 2322 544 2402 pertinet
560 2322 650 2400 quod
667 2321 716 2383 ait
730 2320 879 2381 Pauluss
890 2343 903 2383 .·
925 2322 942 2352 “
953 2320 992 2382 In
1009 2339 1078 2401 quo
1093 2330 1174 2383 sunt
1185 2340 1294 2384 omnes

192 2420 335 2483 thesauri
352 2424 499 2485 scientiae
516 2432 550 2485 et
565 2423 740 2504 sapientiae
757 2423 944 2485 absconditi
955 2422 992 2498 '’;
1019 2442 1107 2502 ergo

208 2523 296 2605 ’(Β)
315 2525 441 2588 Tradit.
479 2525 528 2606 (a)
539 2526 594 2587 Ex
611 2525 780 2588 Patribus.
818 2525 973 2605 Plerique
988 2523 1152 2588 indiredte
1168 2533 1295 2587 tantum

193 2627 312 2689 thesim
330 2639 479 2690 nostram
496 2638 720 2709 propugnant,
732 2630 813 2691 dum
829 2628 998 2690 affirmant
1015 2630 1192 2691 scientiam
1210 2629 1296 2692 Chri-

193 2731 234 2791 sti
251 2730 351 2792 fuisse
368 2728 653 2811 perfectissimam,
672 2732 797 2811 absque
815 2750 991 2819 progressu
1007 2730 1058 2792 vel
1077 2731 1298 2801 incremento;

192 2833 340 2912 jamvero
365 2836 391 2895 si
410 2834 561 2896 Christus
587 2854 653 2896 non
671 2833 844 2895 habuisset
859 2835 1022 2896 visionem
1040 2832 1232 2895 beatificam
1260 2833 1298 2894 ab

191 2935 297 3012 initio,
322 2937 393 3016 ejus
428 2938 567 2998 scientia
598 2937 793 2998 incrementi
823 2926 934 3017 capax
965 2923 1091 2998 fuisset.
1123 2935 1160 2998 S.
1185 2935 1300 3015 Augu-

193 3040 301 3102 stinus
317 3041 423 3120 magis
445 3038 579 3115 diretta,
597 3040 751 3120 quamvis
777 3059 837 3120 per
857 3049 1084 3114 transennam,
1100 3058 1170 3100 rem
1195 3038 1300 3101 decla·

194 3150 244 3202 rat
273 3164 279 3202 :
325 3140 538 3220 allegoricam
576 3139 863 3220 significationem
896 3135 1147 3201 resurredtionis
1185 3138 1300 3201 Lazari

148 3232 150 3234 ’
194 3263 377 3324 exponens
394 3243 543 3305 declarat
569 3243 713 3318 sudaria,
729 3243 823 3322 cujus
848 3243 949 3303 facies
974 3242 1096 3304 mortui
1118 3240 1210 3305 tedia
1226 3252 1303 3312 erat,

196 3344 375 3425 significari
392 3366 462 3420 noS,
478 3346 511 3406 in
536 3346 692 3426 praesenti
709 3345 787 3418 vite,
812 3345 940 3406 visione
963 3343 1119 3405 beatifica
1143 3364 1212 3406 non
1237 3343 1304 3414 frui,

195 3451 252 3510 sed
270 3447 376 3510 multa
392 3449 545 3528 ignorare
554 3473 562 3527 ;
589 3456 709 3528 postea
726 3447 821 3509 addit
836 3448 877 3508 de
889 3445 1064 3510 Christo⁶:
1092 3449 1108 3477 ‘⁴
1122 3446 1203 3528 Ipse
1218 3446 1304 3508 solus

196 3553 229 3613 in
248 3572 355 3624 carne,
375 3571 440 3612 non
458 3559 590 3613 tanturn
608 3551 640 3610 in
659 3558 880 3610 monumento
897 3569 964 3610 non
989 3556 1040 3611 est
1063 3544 1255 3629 oppressus,
1271 3557 1305 3610 ut

197 3653 332 3733 aliquod
350 3663 523 3734 peccatum
536 3653 567 3713 in
582 3674 622 3714 eo
640 3653 852 3727 inveniretur;
879 3654 937 3714 sed
955 3671 1016 3713 nec
1029 3651 1140 3713 linteis
1158 3652 1306 3733 implica-

202 3766 265 3830 tuS,
282 3765 320 3817 ut
334 3756 555 3836 eumaliqm'd
566 3756 690 3831 lateret,
711 3766 768 3818 aut
791 3755 834 3817 ab
855 3755 973 3817 itinere
994 3753 1181 3817 retardaret
1197 3755 1233 3832 '';
1266 3775 1306 3815 ex

202 3859 321 3940 quibus
339 3859 551 3940 Augustinus
567 3857 734 3939 significat
750 3857 858 3939 solum
870 3843 1058 3933 Christum,
1074 3857 1222 3933 durante
1247 3856 1306 3919 hac

201 3963 335 4024 mortali
352 3964 431 4036 vita,
448 3963 581 4043 plenam
608 3962 706 4023 istam
725 3938 1138 4040 cognitionem'babuisse,
1154 3942 1308 4045 quaetvo-

241 4158 1311 4237 ¹J0a.1,14.-²Jc0r.X111,12.-⁸J0a.111‚.13.‹-÷-rl0a111,11.

192 4255 866 4329 -⁵Coloss.ll,3.—⁶Lib.83quaest.q.b3.
929 4284 934 4298 κ
1003 4287 1051 4297 .„
1134 4296 1136 4303 .
1187 4284 1190 4303 ι
