2684 4634
400 185 456 235 DE
473 184 656 236 omero
674 185 800 235 FIDEI.
1102 183 1147 236 38

54 365 81 430 S.
96 367 193 431 Pauli
209 368 364 432 scribit¹t
387 374 403 400 ‘⁴
418 369 456 431 ln
473 368 593 450 quibus
609 377 686 432 sunt
698 367 852 449 quaedam
865 367 1011 431 difficilia
1022 366 1147 431 intelle·

52 468 108 546 uu,
131 492 213 552 quae
243 470 369 536 indocti
393 483 426 536 et
450 472 619 535 instabiles
643 474 835 553 depravant,
858 473 942 534 sicut
965 481 999 534 et
1021 479 1147 533 ceteras

50 575 240 656 scripturas,
250 577 292 638 ad
306 597 399 639 suam
413 576 671 658 perditionem”;
694 576 784 658 quod
797 576 929 657 quidem
942 574 1147 656 experientia

49 677 275 753 confirmatur,
292 699 368 742 nam
386 681 486 742 etiam
504 679 610 753 hodie,
627 690 703 762 post
720 691 770 743 tot
786 680 875 742 edita
898 701 918 742 a
942 679 1054 760 peritis
1071 678 1147 741 viris

49 784 302 858 commentaria,
318 784 424 846 multa
447 793 619 846 remanent
643 784 822 865 Scriptura:
846 783 926 858 loca,
942 784 984 845 de
1007 800 1147 863 quorum

49 883 327 964 interpretatione
344 906 409 948 non
427 897 558 952 constat
574 888 642 950 sive
658 889 746 968 apud
766 886 963 960 Catholicos,
974 887 1042 947 sive
1059 884 1147 966 apud

51 985 290 1067 Protestantes.
320 989 487 1052 Posterius
496 992 654 1072 probatur
664 1001 735 1053 turn
746 1011 789 1052 ex
802 988 997 1053 auctoritate
1007 987 1148 1050 docendi
1209 989 1214 998 '

51 1107 121 1168 quae
140 1090 306 1153 Ecclesiae
322 1113 342 1154 a
360 1091 492 1157 Christo
508 1093 629 1156 collata
653 1093 722 1168 fuit,
743 1091 843 1173 juxta
866 1091 967 1154 illud:
991 1096 1007 1123 “
1022 1091 1149 1153 Euntcs

51 1210 127 1272 ergo
144 1193 268 1256 docete
290 1215 406 1259 omnes
429 1207 545 1278 gentes
556 1197 572 1221 ’⁹
595 1196 658 1277 (Cf.
688 1197 718 1258 Τ
716 1217 739 1258 r.
763 1196 802 1258 de
824 1193 986 1275 Ecclest'rl),
1010 1203 1081 1257 tum
1105 1213 1148 1254 ex

52 1293 161 1357 officio
173 1297 313 1360 dederis
324 1301 413 1379 quod
426 1300 573 1364 Christus
586 1302 747 1364 instituit:
772 1306 787 1333 “
801 1302 871 1382 ipse
880 1300 973 1362 dedit
986 1299 1149 1380 quosdam

53 1399 196 1491 quidem⁴
208 1402 388 1482 apostolos,
404 1405 568 1485 quosdam
592 1415 704 1466 autem
728 1403 916 1486 prophetas
933 1402 1015 1464 alios
1039 1412 1149 1464 autem

54 1494 205 1582 pastores
221 1513 255 1565 et
270 1506 473 1583 donared&
496 1508 588 1588 atqui
604 1506 748 1569 officium
764 1504 919 1569 Doeloris
932 1515 981 1568 est
994 1503 1151 1584 ambigua

54 1605 200 1669 dilucide
216 1608 392 1689 explicare,
409 1610 570 1692 implicita
585 1608 741 1674 distincte
757 1630 951 1692 proponere,
968 1618 1001 1672 et
1018 1608 1152 1689 insuper

54 1708 201 1771 revelata
217 1720 333 1774 contra
349 1712 447 1775 falsas
463 1716 759 1778 contradicentium
785 1715 1073 1795 interpretationes
1096 1713 1152 1775 dc·

56 1810 200 1889 tendere,
217 1818 233 1845 “
245 1823 282 1876 ut
305 1825 424 1896 potens
446 1817 489 1879 sit
512 1817 680 1880 exhortari
705 1819 736 1879 in
752 1815 911 1881 'doctrina
934 1820 1023 1892 sana,
1040 1825 1072 1878 et
1095 1834 1152 1876 eos

55 1915 108 1994 qui
121 1917 358 1980 contradicunt
370 1938 506 2000 arguere
516 1919 532 1945 ’'
542 1930 564 1982 3.
601 1920 691 2002 Ergo
703 1919 929 1983 admittendus
941 1930 991 1982 est
1004 1938 1152 2000 progres-

56 2036 107 2079 sus
124 2020 309 2082 secundum
326 2022 416 2102 quid.

57 2118 104 2201 (b)
123 2120 350 2186 Confirmatur
364 2125 462 2187 variis
478 2123 652 2206 paraboliS,
667 2124 787 2205 quibus
810 2122 961 2188 Christus
984 2123 1087 2186 utitur
1111 2122 1152 2185 ad

56 2223 313 2288 describendum
331 2248 468 2308 regnum
489 2229 561 2302 Dei,
577 2248 633 2289 seu
659 2227 853 2302 Ecclesiam,
871 2247 909 2288 ac
932 2226 1071 2307 proinde
1094 2226 1152 2288 do·

57 2323 199 2389 &tinam
216 2330 260 2391 ab
278 2330 424 2393 Ecclesia
441 2332 662 2412 propositam;
686 2332 771 2394 hanc
794 2331 957 2412 siquidem
982 2338 1154 2410 comparat

58 2449 161 2508 grano
179 2431 312 2512 sinapis,
329 2435 418 2514 quod
435 2435 616 2496 seminatur
632 2435 664 2496 in
678 2456 766 2516 agro,
776 2445 818 2510 et,
831 2436 906 2498 licet
923 2435 1097 2496 minimum
1111 2433 1154 2496 sit

59 2535 215 2598 omnibus
232 2539 421 2613 seminibus,
436 2540 553 2602 crescit
576 2550 609 2601 et
632 2538 669 2601 fit
693 2539 800 2620 majus
823 2537 978 2599 omnibus
1001 2536 1154 2611 oleribus,

60 2637 102 2699 ita
119 2648 158 2701 ut
176 2637 324 2701 volucres
340 2642 414 2703 coeli
431 2643 573 2716 veniant,
589 2651 623 2703 et
639 2641 790 2704 habitent
807 2641 838 2701 in
864 2640 964 2701 ramis
988 2638 1087 2720 ejus,⁴
1103 2639 1154 2702 vel

61 2739 226 2804 fermento
241 2745 330 2824 quod
347 2745 561 2808 absconditur
576 2747 607 2807 in
626 2745 740 2807 farinae
757 2744 836 2805 satis
853 2741 966 2818 tribus
977 2743 1083 2803 donec
1094 2740 1155 2803 fer-

62 2854 248 2908 mentatum
272 2856 323 2908 est
343 2856 487 2924 totum⁵;
510 2850 600 2930 atqui
621 2849 673 2910 hae
693 2848 958 2928 comparationes
982 2845 1155 2907 manifeste

61 2960 257 3032 supponunt
273 2952 426 3014 veritates
443 2953 603 3014 revelatas
620 2971 686 3013 non
708 2970 779 3012 esse
802 2949 949 3030 lapidum
972 2948 1083 3023 instar,
1100 2948 1154 3027 qui

61 3075 208 3117 crescere
224 3075 290 3116 non
314 3067 464 3137 possunt,
480 3057 538 3119 sed
563 3057 652 3120 velut
676 3054 811 3128 semina,
828 3072 903 3133 qua·
927 3050 1076 3132 quotidie
1100 3072 1156 3113 au·

61 3168 189 3240 gentur.

101 3313 153 3378 86.
206 3312 327 3375 Tradit.
373 3311 432 3395 (A)
447 3310 659 3376 Auctoritate
675 3311 827 3382 Parrum,
838 3309 922 3370 inter
937 3328 1020 3388 quos
1036 3308 1157 3369 eminet

68 3416 257 3481 Vincentius
271 3416 386 3491 Lirin,
401 3437 500 3498 opere
513 3416 582 3496 jam
601 3414 737 3478 laudato
752 3413 764 3465 -s
767 3433 796 3474 n.
808 3428 826 3472 2
831 3418 863 3490 3)
877 3435 884 3473 :
908 3417 923 3442 “
938 3410 1004 3473 Sed
1022 3409 1157 3472 forsitan

59 3520 145 3582 dicit
161 3518 301 3599 aliquis:
326 3519 490 3582 Nullusne
512 3539 592 3600 ergo
615 3519 647 3578 in
673 3516 822 3578 Ecclesia
846 3513 967 3577 Christi
993 3508 1159 3593 prosec'lus

60 3622 242 3684 habebitur
257 3622 445 3702 religionis?
470 3622 644 3684 Habeatur
667 3620 766 3701 plane
788 3627 822 3679 et
846 3618 1024 3679 maximus,
1071 3615 1159 3679 Nam

60 3726 139 3807 quis
162 3724 217 3786 ille
238 3733 289 3786 est
311 3735 380 3787 tam
404 3725 531 3786 invidus
554 3724 754 3795 hominibus
771 3731 840 3784 tarn
864 3740 988 3782 exosus
1006 3719 1088 3793 Deo,
1103 3720 1160 3801 qui

61 3829 155 3892 istud
177 3828 352 3910 prohibere
373 3830 529 3891 conetur?
553 3827 620 3891 Sed
644 3828 691 3888 ita
714 3835 825 3886 tamen
852 3832 886 3884 ut
910 3842 982 3885 vere
997 3822 1163 3901 profectus

294 3965 589 3975 ..,..-.——
637 3961 881 3971 ——a-—ffl
896 3958 951 3965 -——-

99 4030 244 4084 ¹IlPetr.
261 4029 372 4094 111,1⁶‚
411 4029 492 4080 Hanc
512 4026 664 4094 Scriptura
683 4021 882 4077 obscuritatem
902 4019 989 4072 {usius
1008 4020 1163 4073 deelaravi-

62 4137 129 4174 mus
140 4118 186 4172 Dc
196 4115 331 4182 Ecclesut,
344 4133 371 4169 n.
390 4114 447 4169 168.

98 4214 110 4237 ¹
122 4205 228 4275 Epher.
246 4204 297 4266 lv,
316 4219 353 4256 ιι.
367 4233 403 4241 -
420 4194 431 4226 ¹
448 4202 503 4255 Tit.
523 4203 545 4267 1,
559 4215 583 4266 9.
598 4230 631 4238 -
650 4200 760 4251 ellan,
783 4197 869 4261 ΧΙΗ,
890 4208 978 4263 31·33.
993 4224 1025 4231 --
1045 4194 1160 4247 ‘Marc

64 4296 118 4359 lv,
130 4294 224 4359 2632.
