2684 4634
198 198 268 249 580
649 195 784 246 CAPUT
801 195 853 243 1v.

197 377 311 438 divina
326 375 448 436 virtute
464 373 533 435 fieri
549 374 668 454 potuit,
681 383 718 436 ut
728 375 798 454 jam
815 371 1132 436 animadvertebant
1149 371 1292 454 Episcopi
1338 391 1340 403 ·

200 478 316 540 Ρο]οηί
334 477 365 538 ἰη
385 475 572 537 Memoriali
595 475 627 539 S.
645 475 679 538 C.
698 477 763 538 Rit.
781 475 904 550 oblato,
920 476 961 536 ad
984 474 1210 537 obtinendam
1232 494 1293 537 con·

199 581 381 642 cessionem
398 580 472 640 sesti
497 580 528 639 in
554 579 714 640 honorem
737 579 770 642 S.
788 579 927 642 Cordis:
951 577 1084 659 “Quod
1105 599 1189 639 sane
1215 579 1296 640 mira·

198 683 274 746 culo
294 683 485 763 proximum
507 692 566 757 est,
583 703 690 762 neque
711 683 799 743 enim
823 681 954 743 videtur
975 679 1045 742 fieri
1065 681 1221 761 potuisse
1241 681 1297 741 sine
1336 760 1340 775 ¹

199 785 312 847 divino
329 781 486 845 instinctu
505 793 541 845 ut
558 792 608 845 tot
624 783 739 863 populi
756 784 839 858 loce,
855 783 998 864 ingeni0,
1015 783 1178 859 moribus,
1195 784 1298 846 studiis

200 895 268 948 tam
285 886 384 966 longe
400 885 517 959 dissiti,
530 884 655 947 cultum
673 906 806 962 novum,
819 906 880 947 nec
892 887 982 967 prius
999 886 1042 948 ab
1058 886 1142 966 ipsis
1159 887 1297 949 auditum

199 998 256 1050 aut
275 988 443 1068 cognitum
465 988 671 1067 arripuerint,
694 1009 732 1050 ac
755 989 990 1051 communibus
1016 990 1139 1051 studiis
1162 989 1298 1070 amplexi

198 1091 274 1167 sint,
290 1091 472 1171 praesertim
493 1091 519 1152 si
541 1092 735 1154 attendatur
755 1092 882 1154 cultum
907 1091 965 1156 SS.
989 1092 1110 1155 Cordis
1135 1092 1298 1154 ordinariis

198 1192 353 1254 subsidiis
370 1192 411 1254 ad
429 1193 478 1254 sui
495 1194 771 1274 propagationem
789 1196 932 1258 caruisse
944 1196 968 1257 ’'.
1016 1195 1149 1257 Revera
1167 1195 1298 1276 Spiritus

200 1292 352 1371 Sanctus
368 1297 424 1374 qui
441 1295 626 1357 Ecclesiam
644 1299 729 1378 regit
745 1307 778 1361 et
794 1300 964 1379 gubernat,
981 1299 1177 1379 permittere
1195 1298 1297 1380 nequit
1338 1371 1340 1376 Ι

199 1398 385 1459 universam
402 1397 587 1460 Ecclesiam
604 1400 636 1460 in
655 1420 688 1461 re
705 1403 790 1463 tanti
807 1403 979 1478 momenti,
995 1403 1038 1464 ad
1058 1402 1206 1464 salutem
1230 1422 1297 1463 con-

199 1501 331 1577 ferente,
349 1522 407 1583 per
423 1501 517 1582 plura
533 1503 655 1564 saecula
671 1503 779 1585 decipi
795 1518 815 1567 1.

241 1635 310 1714 265.
349 1634 411 1715 (B)
426 1635 502 1697 Rae.
516 1636 606 1698 theol.
644 1637 695 1717 (a)
709 1639 878 1720 Imprimis
894 1640 948 1702 illc
965 1639 1072 1702 cultus
1090 1649 1143 1702 est
1159 1661 1179 1702 a
1195 1659 1296 1720 super·

198 1738 333 1799 stitione
349 1740 506 1801 immunis
522 1749 555 1801 et
572 1739 740 1820 legitimus
756 1743 812 1822 qui
829 1744 871 1804 ad
889 1763 1066 1824 personam
1080 1745 1229 1806 divinam
1243 1752 1295 1805 ter·
1334 1794 1340 1803 .

199 1845 365 1921 minatur,
388 1847 480 1926 atqui
497 1846 544 1908 ita
560 1856 610 1908 est
626 1848 668 1908 de
685 1844 774 1907 cultu
800 1843 860 1908 SS.
879 1844 1018 1921 Cordis;
1046 1865 1125 1907 nam
1147 1846 1205 1926 qui
1228 1845 1295 1906 colit
1337 1834 1340 1875 ⁵

198 1956 327 2028 partem
346 1968 495 2028 personae
512 1949 618 2029 ipsam
635 1967 812 2030 personam
830 1946 918 2022 colit,
931 1969 958 2009 v.
975 1967 1005 2027 g.
1022 1948 1078 2027 qui
1095 1948 1294 2010 deosculatur
1338 2012 1340 2017 ,

199 2071 335 2112 manum
354 2050 532 2127 Pontificis,
547 2053 655 2132 ipsum
674 2050 870 2114 Pontificem
888 2050 982 2128 colit;
1006 2051 1116 2112 cultus
1132 2052 1221 2113 enim
1238 2071 1292 2112 non

199 2162 350 2215 naturam
375 2165 432 2216 aut
452 2165 580 2236 partem
601 2164 728 2217 naturae
748 2154 855 2215 solum
873 2154 1018 2234 attingit,
1033 2154 1093 2216 sed
1111 2164 1218 2217 totam
1233 2174 1291 2236 per-

198 2278 336 2332 sona1n;
361 2277 439 2337 ergo
460 2259 516 2338 qui
537 2258 615 2320 colit
637 2258 703 2321 Cor
723 2259 811 2338 Jesu,
828 2257 935 2336 ipsum
957 2245 1071 2336 Jesum
1097 2257 1187 2333 colit,
1203 2276 1289 2338 quum

199 2361 262 2423 Cor
277 2360 355 2439 ejus
374 2362 442 2422 sive
462 2363 636 2438 rituterz'ale,
653 2364 721 2423 sive
743 2358 958 2439 symbolicum,
975 2380 1032 2421 seu
1052 2361 1184 2436 caritas,
1200 2361 1289 2440 hypo-

197 2463 316 2524 statice
340 2483 490 2543 personae
515 2465 619 2526 Verbi
651 2465 693 2525 sit
724 2460 949 2542 conjunblum.
997 2462 1161 2523 Rationes
1193 2473 1289 2524 autern

198 2568 314 2628 adesse
329 2587 386 2628 cur
401 2568 548 2646 specialis
566 2568 675 2629 cultus
696 2566 755 2629 SS.
774 2565 874 2628 Cordi
899 2564 1054 2640 solvatur,
1073 2565 1176 2644 paulo
1199 2574 1289 2627 atten·
1339 2548 1340 2571 ³

197 2670 289 2731 denti
306 2679 443 2749 patent;
468 2670 534 2733 Cor
556 2671 644 2732 enim
669 2669 838 2730 materiale
858 2667 981 2729 Christi
1001 2676 1090 2729 certe
1110 2689 1178 2730 una
1194 2678 1244 2730 est
1256 2687 1290 2727 ex

198 2773 412 2833 nobilissimis
432 2794 532 2834 sacrae
554 2772 625 2851 ejus
647 2771 864 2832 humanitatis
886 2770 1045 2850 partibuS,
1061 2791 1105 2830 ex
1123 2791 1192 2851 quo
1208 2771 1291 2832 lluxit

198 2875 333 2955 sanguis
357 2875 410 2935 ille
434 2876 702 2954 pretiosissimus,
718 2894 785 2954 quo
806 2873 970 2952 redempti
995 2893 1119 2948 sumuS,
1137 2875 1220 2935 etin
1238 2892 1291 2953 quo

197 2977 372 3038 vividiores
400 2978 501 3038 animi
527 2997 642 3038 sensus
672 2975 952 3037 manifestantur:
983 2976 1193 3055 experientia
1217 2977 1293 3036 enirn

198 3088 406 3158 compertum
431 3089 481 3140 est
504 3100 560 3140 cor
582 3080 633 3141 vel
656 3079 807 3141 subsilire
829 3078 954 3152 laetitia,
977 3078 1029 3139 vel
1051 3081 1130 3159 angi
1155 3099 1297 3146 moerore,

196 3182 361 3260 variisque
374 3184 575 3244 commoveri
589 3185 734 3245 motibus
747 3181 929 3243 secundum
943 3183 1050 3243 varias
1063 3180 1257 3245 affed'tiones
1269 3193 1296 3242 et

197 3284 367 3365 passiones
384 3304 458 3364 quae
475 3285 620 3345 animam
638 3285 744 3364 ipsam
759 3284 914 3345 afficiunt.
956 3283 1023 3346 Sed
1036 3284 1122 3344 ratio
1135 3286 1298 3365 praecipua

195 3408 254 3448 cur
269 3387 420 3467 specialis
437 3387 545 3448 cultus
563 3387 621 3450 SS.
636 3387 736 3449 Cordi
750 3387 916 3461 reddatur,
928 3395 977 3448 est
986 3387 1064 3466 quia
1077 3395 1115 3448 ut
1126 3388 1299 3466 synzbolnm

195 3492 264 3570 ej'us
293 3490 415 3551 aratoris
444 3490 691 3569 consideratur;
722 3499 849 3552 certum
877 3498 927 3550 est
953 3491 1040 3550 enirn
1067 3489 1157 3569 apud
1186 3510 1298 3552 omnes

196 3601 313 3671 gentes
330 3591 528 3652 vocabulum
546 3613 599 3651 cor
613 3592 762 3653 adhiberi
782 3591 824 3652 ad
844 3591 1073 3653 denotandum
1095 3611 1256 3668 amorem,
1271 3600 1302 3652 et

197 3695 315 3755 merito
331 3695 476 3773 quidem,
487 3713 588 3773 quum
607 3714 700 3755 amor
716 3703 900 3774 ceteraeque
917 3694 1098 3773 passiones
1112 3715 1188 3773 quae
1205 3715 1249 3756 ex
1265 3715 1302 3755 eo

197 3800 391 3878 procedunt,
404 3819 479 3859 cum
494 3798 593 3861 corde
607 3797 770 3857 materiali
785 3793 1035 3858 conneetantur.
1074 3795 1300 3876 Quamobrem

197 3902 350 3981 CorJesu
364 3901 520 3963 aestimari
535 3899 635 3961 debet
648 3898 838 3980 symbolum
852 3900 939 3961 illius
953 3900 1075 3962 amoris
1088 3900 1157 3962 sive
1167 3901 1302 3963 humani

195 4004 264 4064 sive
280 4004 382 4065 divini
400 4023 499 4082 quern
517 4023 576 4083 pro
594 4003 688 4063 nobis
705 4001 830 4063 habuit.
870 4001 977 4082 Atqui
990 4002 1062 4062 haec
1074 4012 1126 4064 est
1138 4002 1303 4065 sufficiens

229 4206 336 4279 ¹Quod
351 4205 457 4262 diserte
470 4203 576 4261 evolvit
590 4205 759 4275 Dulgairns,
769 4205 832 4257 The
851 4205 985 4259 devotion
1006 4216 1034 4259 to
1053 4207 1102 4260 the
1123 4208 1150 4262 S.
1168 4210 1260 4262 Heart
1278 4206 1307 4260 of

176 4299 278 4372 Jesus,
295 4316 317 4356 c.
335 4299 361 4357 1.
