2684 4634
514 174 569 223 DE
588 173 774 224 HOMINE.
1126 175 1188 226 337

100 353 142 436 a)
152 355 315 437 Arguunt
331 376 375 418 ex
388 358 533 437 corporis
549 357 733 437 organismo
748 367 779 419 et
792 359 897 432 colore,
908 378 1006 440 quern
1025 357 1071 419 ita
1084 356 1190 418 diver-

100 478 167 523 sum
181 459 344 539 judicant,
353 471 391 523 ut
406 458 512 523 uarias
528 461 701 524 hominum
719 464 845 543 species
863 481 1042 542 agnoscere
1058 478 1192 521 necesse

100 561 143 625 sit.
193 562 260 626 Sed
272 573 395 639 contra
408 585 452 626 ex
468 566 654 627 recentibus
668 566 906 647 physiologicis
923 564 1051 637 studiis,
1062 571 1188 625 constat

101 663 128 725 in
144 667 298 728 omnibus
314 666 503 730 hominibus
516 670 668 731 eamdem
680 671 817 732 inveniri
835 666 1033 732 strufturam
1046 667 1187 748 corporis

103 770 329 845 anatomicam,
345 771 497 833 eamdem
518 773 560 833 ad
579 773 712 834 morbos
734 773 977 836 contrahendos
1003 771 1188 852 dispositio-

105 889 182 946 nem,
199 874 333 934 easdem
350 875 573 955 generationis
590 886 623 937 et
639 887 753 957 partus
770 878 869 958 leges
887 879 955 938 imo
980 876 1192 938 matrimonia

108 972 182 1037 inter
197 977 369 1040 individua
386 979 548 1041 variarum
572 982 722 1060 gentium
739 978 910 1043 contracta
926 1001 998 1043 esse
1022 979 1193 1043 Indefinite

108 1075 254 1157 fecunda;
279 1101 375 1161 porro
391 1082 461 1145 haec
477 1085 590 1146 omnia
606 1084 748 1165 probant
764 1104 880 1145 omnes
897 1084 1049 1145 homines
1066 1082 1108 1143 ad
1121 1082 1192 1143 uni·

108 1201 170 1245 cam
186 1186 332 1265 speciem
349 1187 520 1267 pertinere,
537 1208 596 1250 nec
613 1188 752 1268 proinde
768 1207 954 1268 repugnare
967 1197 1003 1248 ut
1019 1207 1135 1248 omnes
1151 1184 1193 1245 ab

106 1288 215 1350 eodem
242 1283 409 1351 communi
437 1302 574 1371 parente
600 1292 813 1353 descendant.
861 1291 1048 1353 Varietates
1071 1299 1193 1364 autem,

107 1407 172 1468 quae
189 1391 275 1454 inter
290 1393 396 1454 varias
413 1393 538 1458 Gentes
555 1396 714 1470 existunt,
730 1404 808 1457 sunt
831 1395 1056 1456 accidentales
1080 1405 1113 1456 et
1136 1415 1194 1475 per

104 1493 240 1557 climatis
263 1497 468 1579 aliarumque
489 1497 688 1560 naturalium
711 1517 884 1559 causarum
907 1496 1071 1558 influxum
1088 1496 1194 1577 expli-

104 1598 163 1659 cari
181 1610 329 1679 possunt,
340 1602 521 1682 praesertim
539 1602 565 1662 si
578 1604 645 1665 duo
658 1603 873 1664 attendantur
888 1624 894 1662 :
918 1601 1098 1662 humanam
1110 1600 1194 1662 scili-

103 1710 150 1762 cet
167 1712 319 1765 naturam
332 1706 364 1765 in
382 1705 544 1785 principio
558 1704 657 1767 fuisse
674 1706 780 1786 magis
797 1703 988 1778 flexibilem,
1000 1712 1033 1764 et
1049 1703 1195 1764 secundo

101 1798 171 1866 illas
184 1807 359 1869 varietates
373 1809 503 1870 nonnisi
514 1809 678 1890 gradatim
690 1818 723 1870 et
734 1828 884 1870 successu
899 1807 1060 1887 temporis
1074 1807 1194 1887 produ-

100 1903 169 1969 flas
186 1907 294 1984 fuisse,
307 1912 413 1973 donec
426 1913 561 1974 tandem
579 1912 761 1974 hereditate
778 1911 913 1975 stabiles
927 1908 1053 1973 effeetae
1066 1911 1195 1974 fuerint.

101 2009 222 2091 Quoad
239 2013 383 2077 colorem
400 2017 583 2097 speciatim,
596 2016 667 2077 haec
684 2015 947 2077 anImadvertere
965 2015 1082 2076 liceat:
1106 2015 1195 2077 color

100 2134 165 2177 non
183 2137 226 2177 ex
240 2119 410 2198 sanguine,
421 2139 482 2180 nec
494 2140 535 2180 ex
550 2118 636 2200 pelle
649 2118 720 2199 ipsa
737 2129 898 2193 causatur,
910 2119 966 2179 sed
978 2139 1022 2179 ex
1031 2118 1197 2198 pigmento

100 2219 188 2298 quod
206 2220 291 2283 infra
307 2231 416 2284 cutem
434 2223 611 2299 invenitur,
632 2223 701 2302 jam
719 2243 798 2283 vero
813 2222 903 2283 color
915 2223 1018 2301 ipsius
1034 2221 1197 2302 pigmenti

100 2340 117 2381 a
133 2322 249 2385 multis
266 2319 526 2388 accidentalibus
543 2327 650 2388 causis
667 2328 801 2406 pendet,
818 2327 1001 2407 praesertim
1018 2346 1097 2387 vero
1113 2338 1196 2388 aestu

100 2420 186 2496 soIIS,
203 2433 320 2486 urente
336 2423 465 2506 frigore,
481 2425 558 2486 vitae
575 2446 694 2505 genere
719 2425 856 2505 aliisque
876 2424 1095 2504 hujusmodi1.
1144 2426 1198 2487 In-

100 2544 198 2606 super
213 2537 374 2588 extremae
398 2528 516 2609 stirpes
533 2527 574 2589 ad
592 2529 733 2589 invicem
751 2538 953 2609 comparata:
977 2537 1011 2588 et
1026 2529 1161 2589 seorsim
1178 2549 1198 2588 a

101 2628 218 2688 mediis
235 2629 401 2711 stirpibus
419 2631 603 2692 maximam
622 2631 756 2710 quidem
780 2630 1002 2694 differentiam
1020 2631 1197 2707 exhibent;

102 2731 157 2791 sed
175 2731 202 2791 si
220 2733 304 2793 ratio
327 2731 489 2795 habeatur
505 2734 690 2795 mediorum
708 2754 783 2814 quae
800 2744 953 2795 extrema
966 2734 1121 2814 jungunt,
1138 2735 1197 2795 hu-

103 2875 163 2927 The
177 2877 294 2929 Human
309 2877 434 2944 Species;
453 2877 569 2938 Reusclt,
583 2876 665 2929 Bible
678 2877 735 2929 and
750 2879 869 2941 Nature,
881 2877 1012 2928 XXVIII
1025 2893 1079 2944 sq.;
1099 2877 1198 2944 Vr'gou·

105 2977 184 3026 roux,
199 2963 277 3016 Man.
292 2963 363 3016 Bibl.
378 2981 404 3017 n.
419 2963 467 3031 301
484 2981 526 3033 sq.
544 2964 597 3016 Les
614 2963 710 3017 Livres
725 2963 819 3017 Sainrs
833 2975 860 3016 et
874 2965 901 3015 la
912 2964 978 3017 Crit.
994 2964 1046 3016 vol.
1064 2965 1119 3029 III,
1134 2982 1156 3016 c.
1173 2979 1186 3032 5
1192 2986 1198 3028 3

110 3047 201 3114 Tirem,
215 3066 242 3102 n.
256 3063 306 3116 233
320 3068 360 3120 sq.
366 3070 373 3115 ;
398 3051 531 3115 Verneau,
544 3050 585 3103 Ies
601 3051 692 3102 Races
710 3050 880 3115 Humaines;
901 3051 1025 3116 Guibert,
1039 3067 1084 3118 op.
1101 3051 1145 3104 cit.
1160 3053 1197 3113 V,

109 3134 190 3187 Unite¹
203 3135 239 3188 de
250 3136 380 3206 I’Espece
393 3136 525 3191 humaine
533 3154 541 3205 ς
560 3134 704 3202 Humani,
720 3137 916 3204 Polygenisme
929 3148 957 3190 et
972 3135 1199 3204 Monogenisme,

107 3220 176 3288 apud
189 3222 389 3276 L’Universite
400 3224 572 3291 Catholiquc,
585 3223 655 3292 juin,
665 3223 724 3292 juil.
742 3224 815 3290 1889.

138 3309 241 3376 ¹Quod
253 3310 375 3364 fatentur
384 3309 437 3379 ipsi
451 3309 644 3364 materialistae
658 3328 681 3362 v.
696 3327 723 3376 g.
739 3309 765 3359 T
763 3307 891 3376 opinard,
903 3308 971 3358 Rev.
980 3307 1037 3358 d'll
1041 3307 1200 3374 ntlzropolo-

103 3389 154 3456 gie,
168 3390 231 3444 Odi.
248 3391 322 3446 1886.
362 3391 417 3446 Hic
438 3393 523 3446 etiam
540 3393 642 3445 referre
652 3393 731 3460 juvat
750 3407 860 3458 eaquae
874 3390 998 3440 Darwin
1012 3387 1151 3455 (Descent
1172 3390 1202 3440 of

109 3476 181 3545 Man,
193 3495 222 3547 p.
240 3481 262 3546 1,
275 3497 298 3533 c.
312 3479 339 3548 7)
352 3481 437 3533 modo
449 3480 573 3547 generali
586 3478 784 3533 animadvertit
797 3477 833 3530 de
846 3475 1042 3544 discrepantiis
1056 3493 1118 3543 quae
1129 3476 1200 3529 inter

108 3563 232 3620 homines
244 3566 360 3634 vigent:
386 3566 493 3621 “Licet
513 3567 644 3620 humanae
663 3567 773 3632 stirpes
789 3581 852 3632 quae
866 3563 950 3614 modo
965 3572 1038 3626 sunt,
1051 3562 1199 3629 multiplici

107 3653 209 3707 ratione
223 3654 295 3706 inter
308 3671 338 3707 se
351 3654 489 3716 differant,
501 3665 531 3706 ut
544 3654 645 3718 colore,
656 3652 775 3720 capillis,
789 3650 876 3703 cranii
888 3650 986 3713 forma,
999 3648 1123 3716 corporis
1138 3667 1199 3716 pro-

106 3739 230 3806 portione
242 3750 304 3807 etc.‚
315 3751 439 3794 attamen
452 3741 499 3793 ubi
518 3757 614 3792 earum
632 3739 757 3807 corporis
770 3739 909 3804 integram
924 3735 1093 3788 sonituram
1108 3737 1197 3787 consi-

106 3824 242 3897 deramus,
253 3827 394 3882 similesin
402 3828 527 3898 pluribus
538 3827 703 3881 Invenimus.
744 3828 824 3879 Plura
838 3823 996 3894 hujusmodi
1009 3823 1199 3875 similitudinis

106 3913 195 3983 capita
203 3915 278 3969 adeo
291 3931 367 3983 parvi
361 3915 510 3984 'ponderis
524 3933 556 3968 ac
570 3914 724 3983 peculiaria
733 3926 807 3978 sunt,
812 3924 841 3965 ut
852 3930 886 3965 ea
900 3913 1062 3979 singulatim
1076 3929 1108 3963 ac
1123 3912 1199 3963 inde-

106 4002 462 4069 monasterolensis
474 4001 591 4070 originis
605 4002 738 4069 stirpibus
752 4000 890 4068 acquisita
905 4000 998 4064 fuisse,
1016 3998 1137 4050 maxime
1151 3998 1199 4048 im-

100 4113 171 4172 ³354
272 4114 322 4162 ,ῃ-Ιε)
362 4090 502 4145 durnt
467 4090 511 4144 sit.
560 4090 630 4158 Quae
652 4088 860 4141 animadversio
887 4086 1070 4139 similitudine
1101 4086 1199 4137 morali

337 4183 338 4186 ’
365 4198 366 4202 ’
400 4198 424 4236 u}
449 4175 660 4231 umdrversrs
674 4187 818 4243 reperitur,
832 4185 917 4226 enam
931 4183 1015 4240 atque
1035 4183 1121 4224 etiam
1135 4187 1199 4223 con
