2684 4620
202 171 268 220 ³34
642 171 780 221 CAPUT
798 170 857 218 111.

964 283 1292 298 m·

202 345 320 402 unicam
333 363 397 404 esse
410 345 539 403 animam
560 346 589 402 in
609 347 740 416 homine,
754 365 821 418 quae
839 346 890 404 dat
909 346 1025 426 corpori
1045 346 1180 402 humano
1200 345 1292 408 vitam,

201 433 254 491 sed
274 452 333 490 non
353 434 490 504 quomodo
508 435 608 491 anima
627 434 663 491 sit
682 434 814 506 corporis
828 435 930 491 forma.
971 434 1072 490 Nostri
1087 442 1206 489 nonest
1220 432 1293 488 litem

201 519 338 578 dirimere
343 539 351 591 ;
369 531 509 592 putamus
523 530 623 578 tamen
637 518 808 579 Concilium
823 520 953 578 noluisse
966 519 1091 578 definire
1104 516 1292 590 quaestionenr

201 624 281 664 mere
300 607 549 678 philosophicam,
566 608 753 679 proindeque
773 607 946 679 opinionem
968 604 1116 671 Palmieri,
1132 606 1213 662 salva
1231 602 1290 671 fide,

201 692 318 751 delendi
332 711 427 765 posse.
466 693 496 751 Si
517 711 586 751 vero
606 703 710 766 agatur
730 695 768 752 de
790 704 890 752 mente
908 695 937 751 S.
956 692 1077 763 Thorace,
1101 702 1181 750 certe
1200 691 1292 748 docuit

201 781 378 839 sententiam
392 799 483 854 quam
497 793 667 854 propugnat
681 783 716 841 C.
732 783 869 854 Zigliara3
887 783 928 840 ait
941 782 1040 839 enim:
1065 780 1189 840 “Unde
1202 779 1292 836 dicen-

201 868 273 925 dum
287 878 331 926 est
344 869 426 940 quod
440 869 521 926 nulla
533 870 590 927 alia
603 871 697 927 forma
711 869 911 927 substantialis
925 878 969 926 est
982 869 1011 925 in
1026 867 1151 925 homine
1164 866 1220 923 uisi
1240 866 1294 922 sola

201 955 297 1013 anima
310 956 498 1027 intelledliva
514 966 543 1013 et
556 957 639 1027 quod
654 957 717 1028 ipsa
730 957 806 1014 sicut
819 957 926 1014 virtute
939 956 1072 1034 continet
1085 956 1218 1012 animam
1237 971 1293 1010 sen·

184 1091 187 1102 ,
201 1041 316 1103 sitivam
329 1052 359 1100 et
372 1042 550 1112 nutritivam,
563 1043 603 1100 ita
617 1043 723 1100 virtute
736 1043 870 1101 continet
883 1060 989 1099 omnes
1008 1041 1162 1098 inferiores
1181 1042 1292 1103 formas,

202 1139 230 1186 et
243 1129 311 1186 lacit
323 1129 387 1201 ipsa
401 1130 463 1186 sola
476 1130 626 1201 quidquid
640 1129 874 1201 imperfectiores
888 1131 990 1186 sormae
1009 1128 1038 1185 in
1058 1129 1124 1185 aliis
1144 1126 1292 1185 iaciunt”¹.

202 1215 294 1287 Quod
307 1216 412 1288 probat
425 1215 561 1288 sequenti
573 1226 766 1287 argumento:
787 1216 811 1273 si
822 1226 927 1288 praeter
936 1216 1066 1273 animam
1079 1213 1294 1277 intelledtivam,

201 1302 398 1373 praeexisteret
410 1320 608 1374 quaecumque
620 1303 677 1360 alia
689 1303 783 1360 forma
796 1302 996 1360 substantialis
1010 1302 1039 1358 in
1053 1300 1186 1370 homine,
1200 1317 1296 1371 seque-

200 1397 279 1446 retur
291 1390 374 1460 quod
387 1388 487 1447 anima
499 1407 560 1446 non
573 1389 657 1447 daret
670 1408 735 1449 esse
748 1390 931 1462 simpliciter,
945 1389 1027 1460 quod
1042 1407 1102 1445 non
1118 1398 1197 1446 esset
1210 1389 1298 1444 forma

201 1477 409 1554 substantialis,
434 1487 463 1536 et
483 1478 566 1550 quod
588 1496 641 1550 per
662 1478 825 1536 adventum
847 1479 954 1536 animae
974 1496 1035 1535 non
1054 1487 1133 1535 esset
1151 1475 1298 1548 generatio

105 1608 110 1614 -
163 1592 165 1596 ·
201 1565 381 1637 simpliciter,
408 1584 505 1637 neque
530 1583 583 1637 per
604 1566 668 1635 ejus
691 1583 839 1623 recessum
866 1565 1016 1636 corruptio
1041 1565 1224 1636 simpliciter,
1250 1562 1299 1619 sed

201 1653 297 1710 solum
311 1652 477 1710 secundum
492 1653 565 1724 quid
574 1673 582 1723 ;
600 1653 682 1723 atqui
698 1653 761 1709 haec
775 1653 877 1709 onmia
889 1662 959 1710 sunt
972 1650 1128 1708 manifeste
1147 1650 1228 1706 falsa.
1265 1649 1300 1704 Et

125 1739 126 1743 ’
201 1739 272 1798 alibi
286 1741 323 1811 (Ι,
339 1759 367 1812 q.
384 1745 426 1815 76,
448 1758 471 1797 a.
491 1746 508 1795 6
527 1740 566 1797 ad
588 1742 613 1811 1)
633 1740 735 1798 addit:
755 1743 770 1769 “
780 1740 851 1799 Una
870 1740 950 1798 enim
971 1751 1000 1798 et
1019 1739 1126 1797 eadem
1147 1738 1243 1794 forma
1260 1746 1301 1794 est

202 1847 255 1900 per
267 1827 436 1894 essentiam,
453 1845 610 1899 perquam
624 1827 716 1885 homo
730 1836 775 1884 est
788 1845 841 1884 ens
854 1827 932 1894 adiu,
949 1836 977 1884 et
997 1842 1049 1898 per
1067 1844 1159 1898 quarn
1178 1833 1224 1883 est
1243 1842 1300 1880 cor-

203 1933 269 1987 pus,
284 1926 313 1973 et
327 1933 481 1987 perquam
496 1925 540 1972 est
552 1915 662 1980 vivum,
679 1923 708 1972 et
721 1933 774 1987 per
787 1933 875 1986 quarn
895 1924 939 1973 est
958 1915 1077 1980 animal,
1093 1923 1122 1971 et
1141 1931 1195 1985 per
1215 1930 1300 1984 quam

203 2012 246 2060 est
259 2001 380 2060 homo’'.

426 2124 475 2183 ΙΙ.
494 2126 549 2184 De
566 2125 716 2184 unitate
732 2128 884 2196 generis
900 2126 1074 2186 humani.

247 2239 312 2306 126.
363 2253 394 2301 10
417 2239 562 2302 Errores.
609 2238 733 2304 Unitas
759 2237 896 2304 humani
923 2246 1052 2324 generis
1076 2254 1199 2327 negata
1223 2245 1302 2309 fuit:

203 2353 275 2406 tum
296 2363 315 2404 a
334 2343 577 2418 Proeadamitr's,
593 2344 659 2424 qui,
674 2345 759 2407 duce
781 2345 894 2406 [saaca
908 2347 946 2408 de
961 2347 994 2409 la
1009 2348 1149 2427 Peyrere
1170 2349 1229 2430 (16
1234 2351 1304 2431 55)2

204 2446 389 2510 calviniano
403 2443 537 2530 (postea
547 2447 589 2507 ad
601 2446 700 2510 tidem
712 2448 911 2511 catholicam
925 2453 1108 2534 converso),
1125 2456 1304 2517 contende-

203 2559 280 2612 runt
291 2549 361 2630 jam
379 2559 457 2611 ante
475 2548 644 2611 Adamum
662 2551 788 2632 aliquos
805 2553 975 2615 exstitisse
991 2554 1153 2632 homines,
1163 2566 1196 2619 ct
1214 2557 1304 2622 Ada-

204 2669 295 2714 mum
311 2672 382 2713 esse
397 2651 532 2733 quidem
549 2662 677 2733 patrem
689 2654 893 2734 Judaeorum‚
905 2677 970 2719 non
985 2667 1096 2720 autem
1111 2661 1305 2738 Gentilium;

203 2765 310 2819 tuma
329 2754 537 2832 Condamitis,
554 2778 612 2819 seu
628 2757 854 2839 Polygenistzr,
877 2760 1061 2823 secundum
1086 2782 1170 2845 quos
1194 2763 1306 2844 plures

204 2860 300 2921 simul
332 2859 487 2922 humanae
509 2859 643 2923 familiae
667 2861 869 2924 exstiterunt
892 2861 1028 2927 Adamo
1051 2885 1183 2941 coaevae,
1201 2867 1248 2928 ita
1271 2877 1306 2929 ut

205 2962 316 3025 Adam
333 2983 400 3024 non
417 2963 459 3024 sit
475 2971 570 3044 pater
586 2963 736 3025 omnium
753 2964 953 3027 hominumn.

246 3106 312 3176 127.
358 3103 387 3155 2⁰
412 3099 529 3157 leesis:
565 3097 784 3162 Universum
805 3116 924 3177 genus
946 3099 1143 3164 humanum
1165 3101 1212 3166 ab
1236 3121 1308 3167 uno

204 3198 456 3274 protoparente
476 3193 592 3258 Adam
615 3202 733 3260 ortum
756 3196 888 3260 habuit.
937 3197 1072 3261 Certum
1097 3209 1148 3262 est
1171 3208 1206 3262 et
1230 3200 1307 3263 fidei

204 3299 403 3381 proximum.

239 3485 291 3537 ¹S.
312 3483 407 3538 Thom.
427 3485 448 3536 l.
466 3500 491 3552 q.
507 3484 549 3549 76,
566 3500 590 3537 a.
608 3498 636 3548 43
655 3482 689 3536 cf.
706 3483 737 3538 C.
756 3484 838 3537 Gent.
855 3485 872 3537 l.
892 3485 931 3548 ΙΙ,
947 3501 971 3538 c.
990 3485 1034 3552 583
1054 3485 1090 3539 de
1105 3485 1202 3554 Spirit.
1220 3499 1305 3542 creat.

203 3590 230 3642 q.
247 3589 292 3626 un.
309 3589 335 3624 a.
352 3588 379 3640 3;
400 3572 446 3624 De
458 3569 592 3637 animal.
610 3571 647 3637 ΙΙ,
665 3569 728 3624 lect.
747 3586 766 3623 1.

237 3666 246 3688 ²
268 3660 300 3711 ln
320 3674 404 3726 opere
424 3657 467 3710 cui
487 3657 602 3711 titulus:
632 3657 836 3725 Praeadamitae,
855 3659 899 3712 vel
919 3669 1043 3727 systema
1061 3660 1256 3728 theologicum
1275 3680 1307 3716 ex

109 3815 110 3818 Ἴ
203 3745 449 3817 praeadamitarum
463 3744 621 3812 hypothesi.
663 3746 754 3814 Quem
768 3763 891 3799 errorem
904 3746 1026 3801 dilucide
1039 3749 1169 3816 exposuit
1183 3750 1308 3803 confuta·

203 3829 298 3900 vitque
318 3831 359 3889 F„
376 3831 413 3883 A.
439 3828 604 3896 Zacharias,
629 3829 656 3882 in
676 3830 873 3884 dissertatione
892 3847 955 3899 quae
974 3832 1111 3900 reperitur
1130 3831 1205 3887 inter
1224 3852 1310 3904 opera

203 3917 319 3970 Petavii
330 3915 407 3983 (edit.
424 3915 518 3980 Vives,
529 3917 585 3970 vol.
602 3930 628 3981 4,
645 3933 671 3984 p.
692 3930 739 3982 123
753 3916 814 3986 sq.).
1265 3969 1268 3976 ,

236 4002 247 4033 ³
261 4005 301 4057 Cf.
315 4005 441 4067 Morton,
456 4003 560 4057 Crania
573 4003 753 4068 Americana3
774 4006 846 4057 Non
857 4007 917 4057 and
930 4006 1061 4069 Gliddon,
1074 4008 1170 4076 Types
1183 4008 1216 4061 of
1228 4010 1309 4062 Mans

201 4093 281 4156 kind;
301 4091 431 4157 Panchai,
447 4090 580 4159 Plurality
593 4091 624 4143 os
633 4092 681 4145 the
698 4093 812 4144 Human
827 4094 916 4156 Race;
937 4093 974 4145 Α.
999 4094 1145 4163 Winchell‚
1163 4095 1307 4150 Pre-Ada-

200 4179 291 4246 mites,
307 4180 441 4248 Chicago,
458 4179 535 4242 1881;
555 4178 693 4249 Agazar'a,
712 4179 833 4233 Memoir
847 4178 972 4234 inserted
985 4191 1013 4236 at
1033 4182 1082 4235 the
1101 4182 1261 4252 beginning
1280 4184 1311 4236 of

195 4271 291 4340 Types
305 4269 505 4330 oflllankind.
