2684 4634
394 151 451 201 DE
469 151 539 200 DEI
557 151 826 201 EXISTENTIA.
1121 153 1161 202 97

28 340 32 347 '
71 331 227 412 quillitate
255 344 460 397 moveantur.
508 334 543 398 Si
570 333 732 415 geologiae
760 317 979 396 attentionem
1006 333 1164 415 praebeas,

67 435 148 498 haud
173 456 265 517 aegre
288 437 431 518 percipis
459 440 585 518 quanta
607 441 685 499 cura
709 457 747 499 ac
771 439 980 518 providentia
996 448 1090 512 terra,
1107 457 1165 518 per

10 562 13 589 ι
65 538 160 621 longa
187 539 312 603 saecula
338 541 511 622 variasque
537 542 791 615 vicissitudines,
817 541 979 623 disposita
1004 540 1101 603 fuerit
1127 549 1164 601 ut

61 640 208 704 hominis
223 642 452 706 habitaculum
470 644 571 707 fieret.
618 645 910 707 Praetermittendo
926 645 1081 707 scientias
1097 643 1163 705 chi-

60 745 175 819 micas,
191 744 347 826 physicas
363 765 402 807 ac
414 745 632 821 mechanicas
642 757 768 828 quanta
780 749 890 810 unitas
902 749 999 811 simul
1013 770 1052 811 ac
1061 749 1163 810 varie-

58 855 108 908 tas
124 848 159 908 in
178 847 383 909 viventibus!
411 848 532 910 Nonne
548 852 761 930 systematice
777 871 796 912 a
812 851 999 915 viventibus
1012 850 1134 932 imperf
1150 889 1164 898 -

56 947 220 1011 &issimis
241 951 283 1012 ad
307 949 548 1031 perfedlissima
571 973 630 1033 per
652 973 769 1015 omnes
792 955 914 1034 gradus
937 954 1164 1016 ascendimus?

57 1050 94 1115 Si
120 1053 388 1134 unumquodque
414 1055 598 1116 viventium
626 1065 755 1118 attente
785 1058 982 1133 consideres
1013 1057 1164 1118 maxima

56 1155 228 1235 sapientia
243 1156 413 1219 evidenter
429 1166 568 1238 apparet
584 1158 653 1221 sive
669 1159 701 1220 in
718 1159 906 1222 evolutione
922 1161 985 1234 ovi,
996 1161 1084 1240 quod
1101 1160 1161 1220 vir-

57 1259 198 1321 tualiter
213 1268 322 1321 totum
346 1261 573 1340 organismum
598 1264 755 1337 continet,
771 1264 840 1327 sive
863 1264 895 1324 in
920 1264 999 1344 ipsis
1022 1262 1163 1342 organis

56 1382 145 1442 quae,
162 1383 224 1443 pro
239 1363 377 1425 diversis
392 1364 575 1427 viventium
592 1367 773 1447 speciebus,
788 1368 838 1431 ad.
853 1367 1000 1429 diversas
1023 1364 1163 1428 fundtio-

56 1485 117 1526 nes
142 1467 317 1547 aptissime
341 1465 550 1549 adaptantur.
597 1470 690 1532 Idem
713 1471 777 1533 dici
801 1470 901 1533 debet
924 1492 944 1532 a
969 1469 1095 1533 fortiori
1121 1471 1163 1532 de

56 1570 208 1648 homine,
224 1574 280 1654 qui
297 1572 386 1635 solus
403 1575 487 1636 inter
503 1573 661 1635 animalia
676 1573 805 1638 eredtus,
818 1582 885 1635 stat
898 1583 934 1636 ut
946 1571 1066 1634 coelum
1079 1574 1163 1634 tueri

56 1675 176 1756 possit,
193 1676 236 1738 de
252 1676 322 1757 ejus
338 1676 442 1739 oculis
459 1679 500 1738 ad
518 1675 699 1739 videndum
717 1687 785 1740 tam
802 1674 890 1738 redte
903 1676 1081 1756 dispositis,
1094 1696 1162 1738 ma·

57 1779 159 1841 nibus
175 1779 219 1865 ad
235 1780 451 1861 palpandum,
468 1779 609 1861 pedibus
625 1781 667 1841 ad
684 1779 923 1841 ambulandum
939 1789 1000 1841 etc.

99 1881 224 1944 Minor
239 1882 424 1963 probatur:
462 1882 527 1944 ltcec
551 1881 703 1944 ordinata
730 1882 891 1961 dasposz‘tz'o
917 1882 1095 1944 mediorum
1120 1881 1168 1943 ad

49 1985 159 2068 finem
198 1987 313 2067 arguit
352 2007 406 2049 ens
445 1985 750 2068 supramundanum
790 1995 936 2065 supreme
975 1984 1162 2064 intelligens.

58 2090 198 2151 Etenim
215 2090 286 2152 haec
302 2090 468 2152 ordinatio
485 2089 536 2151 vel
554 2110 573 2151 a
589 2109 666 2150 casu
682 2087 841 2169 procedit,
853 2086 904 2148 vel
921 2108 941 2149 a
953 2089 1071 2154 natura
1083 2087 1163 2168 ipsa,

59 2192 111 2253 vel
128 2191 172 2253 ab
188 2202 264 2254 ente
280 2191 554 2274 supramundano
570 2211 609 2253 ac
625 2211 779 2273 supreme
795 2190 1003 2272 intelligenti.
1056 2191 1162 2272 Atqui

58 2294 128 2355 duo
143 2294 253 2374 priora
269 2304 456 2377 repugnant
471 2319 477 2357 :
493 2331 537 2339 —
552 2293 602 2375 (a)
611 2293 720 2374 prius,
733 2314 810 2355 nam
827 2315 905 2356 casu
920 2293 987 2355 fieri
1001 2295 1115 2374 nequit
1127 2298 1163 2357 ut

58 2399 237 2472 elementa,
259 2399 451 2479 cognitione
474 2399 630 2473 carentia,
652 2418 718 2458 non
743 2398 855 2473 semel,
876 2399 934 2460 sed
959 2396 1163 2478 frequentius

58 2511 118 2564 aut
132 2522 266 2583 semper
280 2503 321 2565 ad
339 2501 438 2565 finem
455 2505 597 2566 tendant
612 2522 755 2582 eumque
771 2502 939 2582 attingant
956 2503 1073 2563 mediis
1089 2523 1163 2582 pro·

59 2605 276 2686 portionatis3
302 2627 330 2669 v.
347 2626 376 2686 g.
394 2626 472 2668 casu
496 2605 565 2668 fieri
589 2607 706 2687 nequit
722 2614 768 2679 ut,
785 2604 811 2665 si
828 2604 966 2666 confusa
982 2604 1164 2667 multitudo

59 2704 288 2771 characterum
305 2710 338 2770 in
366 2718 487 2772 terram
512 2709 714 2791 projiciatur,
729 2707 933 2788 frequentius
950 2708 996 2768 ita
1018 2708 1103 2771 inter
1129 2729 1163 2770 se

59 2811 281 2893 disponantur
297 2820 332 2873 ut
348 2810 525 2875 efforment
537 2813 723 2874 orationem
735 2813 916 2891 quamdam
928 2809 1036 2890 logico
1048 2810 1163 2877 ordine

59 2914 282 2995 compositam
298 2912 350 2976 vel
366 2933 486 2995 poema
501 2916 650 2977 versibus
666 2925 745 2997 apte
767 2913 976 2996 dispositum.
1024 2913 1113 2975 Hinc
1136 2916 1163 2975 si

60 3018 133 3099 quis
149 3017 241 3097 legat
256 3027 412 3099 poemata
428 3019 561 3100 Virgilii
576 3029 635 3081 aut
649 3018 799 3094 Homeri,
808 3017 859 3080 vel
874 3018 1041 3080 orationes
1053 3017 1164 3094 Tullii,

59 3121 175 3184 statim
193 3130 354 3202 agnoscet
370 3141 409 3184 ea
425 3122 470 3183 ab
485 3122 597 3203 aliquo
613 3122 821 3202 intelligente
845 3110 999 3185 ordinata
1023 3143 1110 3199 esse;
1136 3125 1163 3184 si

59 3228 133 3308 quis
150 3226 263 3288 videat
278 3223 488 3306 horologium
505 3234 659 3286 accurate
674 3224 771 3286 horas
788 3226 854 3287 diei
868 3247 906 3288 ac
918 3234 1081 3288 astrorum
1094 3247 1164 3288 mo-

57 3340 131 3392 tum
143 3328 303 3404 indicans,
313 3329 426 3391 statim
438 3327 680 3409 intelligentem
691 3327 851 3390 artificem
862 3338 1028 3408 agnoscet.
1057 3329 1162 3410 Atqui

56 3433 193 3512 singula
218 3431 309 3493 entia
338 3431 496 3511 organica
530 3429 582 3493 vel
613 3432 807 3513 inorganica
837 3430 1163 3513 ordinepulchriori

56 3537 257 3598 ordinantur
273 3554 373 3615 quam
391 3542 548 3615 poemata
573 3533 713 3596 Homeri
737 3534 788 3596 vel
812 3535 980 3597 orationes
1004 3535 1115 3612 Tullii,
1130 3546 1161 3598 et

56 3649 131 3700 tota
148 3636 302 3699 machina
319 3637 434 3699 mundi
451 3656 530 3697 sane
544 3635 772 3717 perfedtiorem
786 3636 991 3700 intellectum
1005 3641 1161 3719 supponit

56 3761 160 3823 quam
184 3738 459 3822 perse8tissimum
484 3739 702 3819 horologium.
747 3741 797 3820 (b)
825 3741 896 3800 Nec
915 3740 1076 3820 posterius
1098 3740 1162 3802 dici

56 3843 158 3917 valet,
184 3842 251 3904 scil.
276 3842 427 3904 ordinem
451 3842 640 3921 hujusmodi
664 3863 735 3903 esse
762 3864 782 3902 a
809 3842 930 3903 natural
947 3866 959 3905 .·
985 3842 1049 3902 hoc
1074 3845 1162 3906 enim

56 3947 194 4009 nomine
210 3945 406 4026 designatur
420 3944 470 4008 vel
485 3954 556 4006 tota
568 3943 720 4007 collectio
731 3946 856 4006 entium
869 3942 1036 4005 intellectu
1050 3965 1162 4007 caren-

55 4052 153 4123 tium,
167 4085 211 4094 -
225 4057 259 4111 et
282 4057 362 4110 tunc
385 4048 472 4109 redit
496 4045 584 4108 idem
608 4057 841 4128 argumentum
870 4067 907 4106 ac
931 4066 1039 4125 supra,
1054 4081 1096 4090 —-
1112 4049 1162 4109 vel

55 4172 158 4216 causa
173 4152 363 4233 intelligens
376 4151 643 4224 intramundana,
653 4150 778 4210 scilicet
789 4147 907 4221 homo;
934 4148 1026 4226 atqui
1040 4149 1162 4229 impos-

55 4256 153 4317 sibile
168 4263 219 4317 est
235 4252 405 4316 hominem
422 4272 495 4314 esse
511 4272 645 4313 causam
662 4251 787 4312 ordinis
811 4249 963 4322 universi,
979 4253 1156 4351 turfflpia

175 4384 301 4430 Sinonsrs
312 4384 344 4429 11.
359 4396 413 4436 -7
