2684 4620
193 173 261 222 400
616 171 776 222 capu-r
794 170 853 220 111.
888 145 890 149 ⁴

193 356 366 432 ditionato,
390 356 440 418 vel
466 358 544 437 quia
571 359 718 420 conditio
743 358 852 438 posita
877 358 919 419 de
947 352 1035 417 fatto
1063 341 1286 415 irrationabilis
1331 349 1334 388 ³

194 459 275 537 fuit;
299 462 390 541 atqui
407 470 561 523 neutrum
578 462 642 523 dici
659 471 789 543 potest;
813 481 900 534 nam,
1330 454 1333 461 ’

237 563 296 644 (Α)
314 564 405 626 Deus
422 573 551 644 poterat
568 565 702 645 quidem
721 565 861 645 gratiam
878 573 911 626 et
928 564 1017 626 dona
1041 568 1282 644 praeternatura-
1328 586 1334 595 ·

195 663 238 726 lia
253 665 378 728 homini
396 666 537 729 tribuere
553 668 611 728 sub
625 667 801 729 conditione
809 689 824 739 ,·
838 665 1085 748 ,siquidem-illa
1107 666 1197 727 dona
1219 669 1282 724 sunt
1328 660 1334 699 ἶ

195 770 355 849 gratuita;
378 769 469 831 salva
482 768 620 848 justitia,
639 768 730 831 Deus
747 779 878 850 poterat
893 768 948 831 illa
965 769 1114 831 conferre
1130 766 1181 830 vel
1198 767 1281 828 dene·
1328 764 1334 802 ²

195 892 273 953 gare
299 873 454 936 humanae
482 883 629 950 naturae3
660 894 739 954 ergo
767 895 786 935 a
813 873 938 937 sortiori
968 874 1060 935 Deus
1085 879 1215 954 poterat
1238 868 1282 929 illa
1328 866 1332 904 ἶ

196 977 375 1039 concedere
388 978 448 1040 sub
461 977 571 1059 aliqua
584 978 783 1054 conditione,
797 978 921 1040 scilicet
931 977 993 1040 sub
1005 976 1197 1039 conditione
1206 972 1281 1054 quod
1328 968 1334 991 ²

197 1079 358 1159 Adamus,
374 1094 474 1164 caput
491 1074 616 1145 morale
632 1093 792 1158 nostrum,
808 1102 874 1143 non
892 1090 1050 1163 peccaret.
1329 1071 1334 1089 ²

239 1183 300 1265 (B)
316 1185 465 1250 Aliunde
481 1187 628 1249 conditio
644 1208 663 1248 a
682 1187 756 1249 Deo
773 1187 927 1267 apposita
943 1184 1004 1246 fuit
1020 1183 1161 1245 omnino
1177 1177 1285 1244 rationi
1332 1176 1334 1212 ³

197 1295 410 1363 consentanea,
427 1288 453 1348 si
470 1288 686 1349 attendantur
702 1287 758 1348 lex
776 1285 965 1349 hereditatis
984 1295 1016 1348 et
1037 1283 1092 1346 lex
1112 1281 1283 1346 solidarita·

197 1389 248 1464 tis,
272 1409 347 1469 quae
377 1390 465 1470 apud
497 1389 643 1453 homines
671 1390 791 1471 vigent.
839 1389 931 1452 Sicut
958 1389 1046 1450 enim
1075 1394 1236 1468 parentes,
1259 1383 1284 1443 in

196 1491 311 1554 ordine
329 1493 478 1569 naturali,
497 1494 527 1556 vi
542 1494 738 1570 hereditatis,
756 1493 896 1574 posteris
919 1492 1032 1567 vitam,
1048 1511 1087 1552 ac
1111 1487 1285 1571 dispositio-

197 1614 256 1656 nes
282 1596 427 1677 corporis
454 1606 487 1659 et
518 1597 647 1671 animae,
676 1597 743 1657 sive
774 1595 1016 1676 cognoscitivas
1048 1594 1117 1654 sive
1150 1590 1287 1661 morales

107 1765 111 1772 ,
198 1690 437 1774 transmittunt,
453 1699 498 1761 ita
516 1700 636 1781 pariter
652 1699 801 1774 decebat,
812 1708 857 1776 ut,
869 1699 902 1761 in
919 1698 1035 1760 ordine
1046 1682 1219 1778 spirituali,
1231 1695 1288 1756 vita

198 1811 232 1864 et
255 1803 342 1864 bona
365 1802 548 1884 spiritualia
572 1824 630 1884 per
654 1812 807 1885 parentes
832 1802 926 1864 nobis
954 1802 1290 1877 transmitterentur1;

198 1917 231 1970 et
248 1907 333 1969 sicut
348 1916 500 1989 parentes
517 1908 696 1988 aliquando
711 1907 943 1970 transmittunt
960 1906 1133 1968 morbum²
1149 1924 1291 1986 corpora·

199 2009 263 2072 lem
281 2009 364 2091 proli
387 2030 464 2085 suae,
481 2009 527 2072 ita
552 2011 673 2091 pariter
697 2019 838 2072 nonest
862 2009 982 2072 mirum
1006 2009 1105 2090 quod,
1122 2008 1293 2071 accedente

200 2112 272 2194 lege
296 2114 359 2175 Dei
384 2114 535 2195 positiva,
556 2115 683 2194 possint
709 2113 941 2177 transfundere
968 2113 1120 2176 morbum
1149 2113 1294 2195 spiritua-

200 2216 274 2293 lem,
291 2237 348 2278 seu
367 2217 585 2297 privationem
609 2217 735 2299 gratiae.
782 2217 875 2279 Deus
899 2217 999 2297 igitur
1019 2215 1106 2297 juste
1131 2216 1296 2278 instituere

202 2328 337 2402 poterat
353 2327 390 2380 ut
407 2319 560 2382 Adamus
573 2320 786 2400 generatione
800 2320 895 2381 nobis
908 2319 1048 2400 gratiam
1063 2319 1298 2381 transmitteret

200 2423 261 2486 sub
278 2422 467 2485 conditione
490 2423 578 2502 quod
602 2423 672 2504 ipse
694 2443 768 2485 eam
793 2431 945 2484 servaret.
993 2421 1029 2486 Si
1045 2422 1088 2484 de
1104 2419 1194 2484 facto
1212 2419 1298 2482 Ada-

236 2630 343 2684 ¹Hanc
364 2629 527 2684 hereditatis
551 2631 642 2698 legem
662 2630 723 2698 jam
748 2627 914 2682 Scholastici
937 2636 1109 2694 agnoverant
1133 2643 1191 2680 non
1215 2627 1301 2680 solum

202 2720 295 2789 quoad
312 2719 435 2784 morboS,
449 2718 499 2771 sed
519 2717 603 2771 etiam
620 2717 713 2786 quoad
731 2716 931 2785 dispositiones
949 2713 1156 2783 cognoscitivas
1173 2715 1302 2767 morales·

202 2824 274 2877 que:
293 2805 307 2832 “
319 2805 450 2875 Corporis
463 2803 590 2859 defectus
604 2804 787 2857 traducuntur
799 2821 817 2857 a
830 2813 945 2872 parente
960 2803 988 2854 in
1001 2802 1118 2871 prolem,
1132 2802 1203 2855 sicut
1217 2802 1303 2872 lepro-

203 2911 250 2950 sus
263 2903 378 2962 generat
391 2893 531 2961 leprosum
545 2902 571 2945 et
585 2892 752 2961 podagricus
766 2889 950 2960 podagricum
960 2887 982 2942 '¹.
1022 2890 1051 2943 S.
1068 2890 1096 2941 T
1091 2889 1179 2954 hom„
1197 2905 1217 2942 1.
1228 2904 1262 2955 2.,
1275 2906 1300 2958 q.

204 2984 245 3048 81,
256 2999 281 3035 a.
295 2981 328 3050 1).
365 2980 553 3037 “Secundum
567 2996 633 3032 vero
646 2989 776 3032 naturam
790 2977 935 3045 individui,
944 2986 988 3032 est
1000 2976 1102 3045 aliquis
1115 2976 1230 3031 habitus
1243 2994 1304 3044 cog·

203 3069 356 3124 noscitivus
370 3069 523 3122 secundum
536 3068 739 3120 inchoationem
753 3067 923 3132 naturalem,
934 3066 961 3118 in
976 3075 1114 3134 quantum
1127 3081 1199 3118 unus
1211 3065 1301 3131 homo,

203 3175 239 3210 ex
258 3157 437 3225 dispositione
456 3170 638 3222 organorum,
659 3164 701 3207 est
722 3154 812 3220 magis
833 3163 915 3221 aptus
940 3152 978 3205 ad
998 3152 1071 3206 bene
1093 3151 1304 3220 intelligendum

204 3260 289 3314 quam
302 3241 382 3309 alius,
396 3241 424 3295 in
438 3252 574 3310 quantum
587 3241 623 3294 ad
639 3241 832 3310 operationem
851 3237 1009 3294 intelleiius
1029 3236 1190 3306 indigemus
1203 3237 1302 3292 virtuti·

204 3332 256 3384 bus
270 3328 418 3383 sensitivis.
460 3327 492 3380 In
506 3326 643 3396 appetivis
656 3338 751 3380 autem
765 3326 906 3394 potentiiS,
919 3342 953 3379 ex
965 3335 1045 3395 parte
1064 3324 1199 3393 corporis,
1213 3341 1303 3379 secun-

205 3418 273 3471 dum
283 3426 412 3469 naturam
422 3413 566 3481 individui,
576 3424 639 3467 sunt
648 3413 733 3482 aliqui
744 3412 857 3466 habitus
867 3410 1021 3482 appetitivi,
1032 3411 1189 3465 secundum
1199 3411 1304 3466 inchoa·

206 3508 292 3560 tiones
304 3502 470 3566 naturales,
483 3512 547 3555 sunt
560 3500 636 3555 enim
649 3499 765 3569 quidam
780 3499 919 3568 dispositi,
930 3516 964 3553 ex
976 3496 1088 3568 propria
1098 3497 1226 3568 corporis
1235 3515 1302 3552 com·

206 3590 342 3662 plexione,
364 3589 401 3642 ad
421 3589 580 3642 castitatem
600 3588 643 3642 vel
662 3586 916 3651 mansuetudinem,
928 3586 973 3639 vel
991 3584 1099 3655 aliquid
1117 3584 1301 3654 hujusmodit

207 3680 242 3748 (1.
257 3693 279 3731 2.
294 3696 319 3746 q.
336 3690 377 3744 51,
390 3693 414 3728 a.
432 3675 465 3742 1).
505 3675 643 3728 Hodiemi
663 3685 758 3728 autern
777 3672 937 3742 philosophi
956 3689 990 3726 ac
1007 3670 1167 3740 biologistae
1180 3672 1301 3727 eamdem

206 3774 298 3834 legem
312 3763 396 3817 variis
409 3763 501 3816 modis
515 3762 696 3829 illustrarunt,
710 3779 743 3815 ac
754 3759 924 3830 quandoque
937 3771 1187 3829 exaggeraverunt,
1200 3759 1301 3814 liberta·

207 3854 243 3908 tis
256 3852 424 3906 detrimento
436 3870 443 3916 3
463 3851 512 3904 sed
527 3852 570 3903 lex
584 3850 645 3919 ipsa
663 3848 827 3903 hereditatis
841 3859 918 3902 certo
935 3858 1056 3914 constat,
1068 3847 1134 3902 licet
1153 3848 1300 3902 libertatem

207 3937 323 3990 minime
336 3936 469 3989 destruat.
507 3935 562 4002 (Cf.
578 3935 668 4000 Ribot,
684 3933 841 3987 L'heredite
855 3931 1084 4002 psychologique,
1097 3931 1178 4000 cujus
1195 3942 1298 4000 exagge

208 4024 330 4078 rationes
344 4022 523 4076 confutantur
535 4039 552 4074 a
569 4021 667 4086 Vallet,
682 4021 771 4074 Effets
785 4030 812 4074 et
826 4021 1036 4088 consequences
1049 4019 1085 4073 de
1098 4018 1250 4084 l’heredite,
1261 4030 1295 4083 ap·

210 4113 294 4180 Cong.
316 4110 433 4178 scootttzf.
452 4111 596 4177 internan,
621 4110 697 4176 1891,
717 4110 762 4162 Sc.
786 4107 958 4177 philosoph,
977 4125 1002 4176 p.
1024 4108 1076 4173 246
1095 4123 1154 4176 sq.;
1172 4107 1296 4178 laefibvre,

202 4197 386 4265 L’Heredite‚
405 4196 482 4270 apud
503 4197 587 4268 Cong.
601 4197 695 4252 scient.
707 4197 811 4250 interr.
834 4195 911 4262 rssqr,
931 4211 970 4248 sc.
992 4194 1079 4249 math.
1102 4205 1130 4249 et
1149 4191 1293 4252 naturelies,

191 4304 223 4357 p.
244 4287 387 4358 170-196).
