2684 4620
195 177 264 226 402
641 172 780 223 CAPUT
798 172 855 220 111.

194 347 299 422 batur,
316 346 411 409 facile
427 349 564 413 omnino
582 358 713 429 poterat
731 369 861 411 servare
878 357 1083 430 praeceptum
1108 368 1127 408 a
1146 347 1222 409 Deo
1238 347 1289 408 im-

195 452 349 532 positum,
365 471 403 512 ac
420 451 560 531 proinde
582 454 724 532 gratiam
748 472 879 514 servare
902 453 1112 534 posterisque
1129 452 1289 514 transmit-

195 563 279 633 tcrc;
304 555 444 636 insuper,
458 561 634 636 postquam
651 555 813 631 Adamus,
824 575 882 636 per
894 576 988 618 suam
1001 556 1288 636 culpam‚incapax

196 655 301 719 sactus
315 658 375 721 fuit
386 659 481 720 nobis
493 660 741 722 transmittendi
754 659 906 741 gratiam,
919 658 1008 722 aliud
1026 660 1212 741 medium‘a
1225 659 1289 720 Deo

196 758 384 821 institutum
409 757 471 820 iuit
494 777 561 838 quo
585 757 685 820 finem
722 768 873 820 nostrum
908 759 1073 839 attingere
1106 777 1289 839 possemus;

196 881 333 941 ergo—
344 861 415 923 Nec
432 862 569 937 dicatur,
585 863 629 924 ob
643 862 843 925 levissimam
861 882 1006 937 causam,
1023 861 1200 925 Adamum
1216 862 1290 943 ejus-

196 983 260 1044 que
276 974 426 1045 posteros
440 963 539 1028 fuisse
549 965 693 1046 graviter
706 966 856 1046 punit0s;
881 985 958 1027 nam
969 965 1031 1028 etsi
1044 966 1209 1029 comestio
1219 965 1289 1046 ligni

197 1066 353 1148 prohibiti
378 1067 410 1126 in
435 1086 470 1127 se
493 1067 645 1130 videatur
668 1069 748 1150 quid
774 1068 988 1144 levissimum,
1005 1077 1084 1135 ,erat
1117 1077 1230 1131 tamen
1252 1088 1289 1129 ex

198 1168 462 1243 circumstantiis,
475 1171 709 1250 gravissimum
723 1181 951 1254 peccatum,u·t
962 1191 1063 1263 supra
1077 1171 1290 1252 probavimus,

199 1272 382 1353 meritoque
399 1281 535 1353 propter
552 1274 632 1336 illud
650 1285 824 1355 peccatum
842 1275 996 1338 Adamus
1021 1274 1214 1356 posterique
1229 1273 1291 1354 ejus
1313 1358 1317 1366 θ

198 1375 340 1456 gratiam
357 1375 549 1437 amiserunt.

241 1493 310 1558 209.
358 1491 391 1556 30
408 1478 525 1558 Neque
542 1477 686 1541 bonitati.
734 1479 910 1540 Peccatum
935 1477 1096 1559 originale
1119 1478 1184 1540 Dei
1208 1477 1292 1540 boni·

200 1581 261 1642 tati
278 1591 488 1663 repugnaret,
504 1582 530 1643 si
548 1601 607 1662 per
631 1581 711 1644 illud
736 1582 884 1656 totaliter
906 1592 1063 1664 corrupta
1080 1590 1174 1646 esset.
1186 1591 1294 1643 natura

200 1683 356 1759 humana,
372 1693 409 1746 ut
424 1685 547 1747 docent
565 1685 808 1762 Protestantes;
832 1686 890 1748 sed
908 1706 958 1747 res
976 1706 1043 1748 non
1061 1687 1109 1748 ita
1125 1706 1162 1748 se
1185 1684 1294 1758 habet;

202 1808 288 1862 nam,
304 1787 405 1850 etiam
431 1797 508 1868 post
530 1787 692 1869 originale
715 1798 900 1870 peccatum,
916 1789 1018 1851 homo
1039 1790 1171 1870 integra
1194 1798 1296 1850 servat

202 1912 261 1954 sua
278 1892 449 1969 naturalia,
466 1891 567 1955 libere
587 1902 697 1973 potest
722 1894 807 1955 inter
822 1892 947 1954 bonum
966 1902 999 1954 et
1023 1893 1149 1955 malum
1174 1892 1296 1974 eligere,

203 1995 352 2076 nihilque
375 1997 487 2059 amisit
504 1996 565 2058 nisi
583 1997 673 2077 quod
687 1998 749 2078 ipsi
767 1996 954 2059 indebitum
971 2005 1050 2058 erat.
1095 1994 1248 2058 Aliunde
1270 1995 1297 2056 in

202 2097 265 2160 hoc
289 2099 438 2162 maxime
461 2110 600 2181 apparet
625 2101 689 2162 Dei
713 2101 856 2175 bonitas,
879 2101 969 2181 quod
995 2099 1178 2162 instituerit
1201 2119 1298 2162 reme·

95 2191 97 2194 ⁵
203 2203 304 2277 dium,
327 2222 394 2283 quo
420 2204 550 2266 macula
576 2205 745 2285 originalis
774 2205 901 2286 peccati
929 2202 1075 2283 abstergi
1102 2202 1219 2284 possit,
1246 2223 1300 2265 nec
1336 2208 1338 2247 :

203 2297 405 2370 dubitaverit
429 2307 550 2370 Filium
575 2328 670 2371 suum
697 2309 828 2371 mittere
852 2309 884 2370 in
910 2307 1083 2381 mundum,
1098 2316 1137 2369 ut
1161 2307 1301 2369 mundus

143 2419 146 2426 '
204 2408 385 2472 salvaretur
410 2429 468 2490 per
492 2411 608 2492 ipsum.
656 2411 775 2492 ltaque
798 2409 950 2475 doctrina
977 2409 1149 2492 originalis
1177 2409 1302 2491 peccati

205 2532 271 2574 non
296 2512 396 2574 debet
420 2514 557 2575 seorsim
586 2511 737 2595 spectari,
765 2514 822 2576 sed
854 2522 1019 2595 quatenus
1049 2533 1207 2576 connexa
1231 2534 1303 2575 cum

204 2618 363 2696 dogmate
382 2616 644 2698 Redemptionis,
654 2626 687 2679 et
704 2627 784 2680 tunc
801 2617 919 2679 merito
935 2636 1011 2679 cum
1026 2615 1178 2678 Ecclesia
1195 2617 1304 2679 excla-

206 2740 295 2783 mare
319 2739 519 2800 possumus:
543 2720 603 2784 “O
632 2719 713 2782 felix
738 2719 845 2801 culpa,
873 2739 948 2800 quae
973 2718 1076 2784 talem
1104 2739 1144 2782 ac
1172 2729 1302 2783 tantum

207 2824 326 2887 meruit
341 2822 463 2886 habere
481 2823 744 2906 Redemptorem
758 2824 787 2886 ”l
806 2901 808 2904 .

273 2963 322 3018 11.
341 2961 548 3019 Peccatum
565 2961 752 3031 originale
769 2973 843 3019 non
861 2965 1053 3033 repugnat
1068 2974 1118 3020 ex
1135 2967 1249 3034 parte

541 3041 640 3100 modi
656 3041 975 3100 transmissionis.

250 3168 321 3217 210.
370 3153 545 3214 Peccatum
563 3153 651 3214 enim
669 3152 828 3232 originale
845 3172 904 3233 per
919 3154 1171 3233 generationem
1189 3175 1302 3236 propa·

151 3323 153 3325 ,
209 3265 314 3337 gatur,
331 3275 397 3317 non
410 3256 544 3336 quidem
562 3277 602 3317 eo
618 3275 716 3317 sensu
733 3255 822 3335 quod
839 3255 1011 3336 generatio
1027 3258 1181 3336 ponatin
1200 3259 1302 3320 anima

210 3359 384 3434 maculam,
400 3368 458 3420 aut
482 3358 633 3421 habitum
658 3359 793 3435 malum,
810 3358 868 3421 sed
891 3359 922 3420 in
944 3378 985 3420 eo
1010 3379 1109 3422 sensu
1133 3361 1235 3441 quod,
1250 3380 1302 3442 per

209 3463 457 3546 generationem
483 3464 685 3544 producatur
709 3462 811 3525 homo
837 3463 901 3547 qui,
917 3470 1036 3544 utpote
1060 3461 1187 3552 Adami
1216 3463 1298 3535 iilius,

210 3568 345 3630 deberet
360 3567 466 3648 gratia
483 3567 602 3641 ornari,
615 3576 647 3628 et
665 3577 775 3629 tamen
793 3569 832 3628 ea
848 3565 1004 3648 privatur,
1020 3565 1064 3628 ob
1086 3565 1220 3648 culpam
1236 3585 1298 3648 pro

210 3670 409 3751 toparentis;
444 3670 535 3750 atqui
560 3669 622 3730 hoc
646 3690 712 3731 non
737 3678 901 3750 repugnat
925 3688 1033 3750 neque
1056 3689 1100 3730 ex
1126 3679 1221 3750 parte
1238 3666 1295 3740 Dei,

211 3793 316 3853 neque
333 3793 376 3834 ex
393 3781 487 3852 parte
504 3782 687 3852 parentum.
1329 3808 1336 3873 Ι

258 3891 289 3938 10
308 3877 381 3938 Non
407 3898 450 3938 ex
466 3887 564 3957 parte
579 3877 653 3951 Dei,
669 3877 747 3957 quia
770 3877 906 3956 quando
925 3876 1017 3937 Deus
1041 3885 1133 3937 creat
1156 3876 1293 3941 animam

211 3979 336 4042 nullam
354 3979 529 4055 maculam,
547 3979 673 4041 nullum
694 3978 851 4040 vitiosum
876 3978 1027 4041 habitum
1053 3978 1086 4039 in
1112 3999 1187 4040 eam
1205 3976 1292 4040 infun·

211 4083 268 4158 dit,
285 4083 342 4144 sed
361 4082 450 4143 illam
468 4082 621 4163 producit
638 4082 738 4143 talem
756 4082 863 4162 qualis
880 4075 1052 4144 fuisset'in
1077 4090 1169 4144 statu
1185 4089 1292 4144 natura

200 4208 305 4269 purae,
330 4208 371 4250 ac
398 4186 540 4270 proinde
565 4186 676 4250 vocari
701 4186 819 4266 nequit
841 4183 956 4248 auctor
977 4185 1106 4266 peccati
1132 4180 1290 4266 originalis.

191 4292 233 4356 Si
260 4302 382 4358 autem
402 4294 512 4375 Deus,
538 4294 693 4359 animam
720 4290 882 4361 creando,
898 4307 971 4348 non
987 4287 1140 4347 'totundit
1153 4289 1299 4361 'lutosam
