2684 4634
119 167 186 220 438
582 171 722 222 CAPUT
740 172 765 220 1.

120 346 178 417 tris,
196 349 380 419 proindeque
401 348 554 406 scientiam
571 367 639 407 vere
661 349 831 408 infinitam:
863 351 994 408 “Nemo
1016 351 1102 408 novit
1118 349 1211 407 Filium

121 433 174 490 nisi
191 434 275 490 Pater
283 453 291 505 3
319 453 405 504 neque
418 435 537 491 Patrem
550 435 615 506 an's
632 436 715 493 nom't
731 437 791 493 nisi
801 437 905 505 Filias,
918 447 949 494 et
968 438 1021 495 cui
1041 436 1166 494 voluerit
1176 434 1213 491 Fi·

121 523 176 578 lius
188 523 315 580 revelare
323 523 338 548 ''
349 531 364 580 ¹.
395 523 475 581 Alibi
489 525 618 582 declarat
632 526 762 597 seipsum
777 535 919 596 tanquam
933 525 1105 581 Donn'nnm
1118 543 1135 580 a
1146 523 1214 594 regio

122 610 277 668 Psalmista
305 611 393 668 fuisse
418 612 579 682 agnitunr².
627 613 758 670 Aliunde
782 612 991 685 Evangelistae,
1018 612 1215 669 miraculosam

122 698 230 755 Christi
243 699 469 770 conceptionem
485 701 640 766 narrando,
652 719 782 772 euinque
793 701 930 759 vocando
939 700 1128 756 Emmanuel
1135 699 1214 770 (quod
1253 734 1255 753 .

121 797 165 842 est
178 786 400 858 interpretatum
417 809 422 844 :
450 788 605 846 nobiscum
623 791 724 859 Deus),
740 789 918 859 juxtalsaiae
933 789 1129 860 prophetiam
1143 805 1215 859 supe·

121 876 179 930 rius
192 876 354 946 expositam
370 879 409 946 (n.
421 880 520 949 39-40),
534 877 612 934 clare
625 877 787 935 ostendunt
802 877 880 934 Eum
895 894 956 933 non
971 894 1060 934 mere
1073 875 1213 933 hominen

122 979 194 1032 esse,
210 961 262 1019 sed
277 962 384 1017 Filium
400 963 455 1020 Dei
480 982 569 1020 sensu
593 965 739 1036 proprio³.
781 964 908 1020 Narrant
932 963 1047 1038 pariter
1062 961 1212 1028 Elizabeth,

121 1044 223 1102 divino
240 1045 357 1102 afflante
376 1045 494 1118 Spiritu,
510 1059 634 1104 matrem
653 1047 763 1106 Christi
780 1057 811 1104 ut
830 1052 951 1102 renarrem
966 1046 1034 1102 Dei
1049 1045 1211 1116 agnovisse:

125 1133 245 1190 “Unde
259 1133 316 1189 hoc
330 1133 401 1189 mihi
419 1143 450 1190 ut
463 1134 561 1191 veniat
575 1145 667 1192 mater
681 1135 803 1192 Domini
823 1134 881 1190 mei
901 1133 940 1192 ad
954 1152 1004 1191 me
1016 1134 1067 1202 ”43
1094 1135 1211 1204 jamvero

122 1238 177 1275 vox
190 1219 337 1275 Dominus
350 1219 379 1275 in
394 1220 430 1276 N.
443 1221 524 1278 Test.
536 1239 654 1293 semper
667 1240 768 1279 verum
784 1221 882 1278 Deum
896 1220 1047 1290 designat,
1063 1230 1093 1277 et
1105 1217 1211 1276 aliunde

122 1315 276 1362 contextus
288 1306 319 1363 id
333 1307 470 1378 postulat,
484 1326 577 1379 quum
593 1309 682 1380 paulo
702 1309 791 1365 infra⁶
804 1307 909 1365 eadem
930 1325 988 1364 vox
1007 1315 1166 1378 usurpetur
1181 1303 1210 1360 ad

123 1395 220 1451 Deum
236 1394 462 1465 designandum.
491 1396 656 1454 Adducunt
668 1395 776 1466 pariter
786 1393 957 1452 Zachariam
972 1394 1035 1464 qui,
1047 1391 1210 1466 prophetico
1253 1416 1255 1431 =

122 1481 234 1551 spiritu,
250 1481 557 1540 Christum-Messiam
571 1487 671 1540 vocat⁶
683 1482 877 1552 Altissimnm,
889 1481 1066 1550 Donn'nnm,
1078 1480 1209 1538 Orientem

121 1587 157 1623 ex
169 1568 245 1637 alto,
272 1587 339 1640 quae
360 1569 482 1640 quidem
502 1569 592 1627 verba
612 1568 744 1628 divinam
758 1568 867 1627 Christi
882 1578 1019 1625 naturam
1033 1578 1064 1626 et
1076 1566 1208 1639 originem
1253 1562 1255 1615 l

122 1654 280 1713 declarant.
322 1657 419 1725 Unde,
442 1657 564 1727 quando
586 1655 757 1729 praedicatio
775 1656 964 1727 praecursoris
985 1654 1172 1724 describitur,
1186 1653 1209 1709 in
1253 1650 1255 1659 '

122 1744 295 1800 memoriam
309 1754 461 1801 revocatur
474 1744 630 1815 prophetia
644 1744 728 1800 Isaiae
742 1743 791 1800 ubi
803 1743 921 1801 Messiae
931 1743 1072 1802 divinitas
1087 1759 1210 1815 praenun-

122 1831 217 1901 tiatur,
233 1842 262 1889 et
275 1832 380 1888 eadem
393 1832 431 1889 de
445 1831 563 1890 Christo
577 1831 748 1902 intelligitur
764 1851 770 1886 :
790 1831 924 1888 “Parate
938 1830 1017 1887 viam
1031 1830 1164 1898 Domini,
1176 1845 1209 1884 re-

122 1916 184 1973 ctas
204 1918 291 1976 facite
316 1919 434 1976 semitas
459 1920 523 1990 ejus
532 1919 547 1943 ''
556 1919 575 1975 ⁷.
624 1918 700 1990 Quae
721 1917 844 1989 quidem
865 1917 966 1975 omnia
989 1918 1080 1974 simul
1101 1926 1209 1987 sumpta

122 2005 284 2063 ostendunt
297 2006 448 2064 Christum
467 2024 531 2064 esse
545 2006 653 2063 Filium
667 2006 729 2062 Dei
747 2024 805 2062 non
825 2006 1088 2078 qualemcumque,
1102 2004 1155 2063 sed
1173 2021 1212 2060 re·

123 2111 187 2148 rum
200 2111 235 2149 ac
249 2095 409 2165 proprium.

158 2231 197 2281 60.
237 2230 277 2295 (b)
292 2225 378 2282 Idem
398 2235 515 2283 constat
535 2244 571 2284 ex
593 2227 684 2284 modo
702 2244 763 2297 quo
777 2225 929 2297 Synoptici
944 2225 1090 2282 miracula
1111 2221 1213 2283 Christi

123 2310 251 2367 referunt
263 2331 270 2381 ;
295 2331 372 2382 nam,
390 2324 421 2370 ut
434 2330 522 2384 supra
532 2314 699 2371 notavimus
712 2316 751 2384 (n.
765 2314 858 2384 49-54)
872 2312 1009 2371 Christus
1023 2312 1179 2392 exhibetur
1188 2321 1215 2367 ut

124 2398 263 2455 miracula
277 2410 394 2470 patrans
408 2420 467 2457 non
481 2412 622 2473 tanquam
636 2401 758 2471 legatus,
768 2420 785 2457 a
795 2402 861 2457 Deo
875 2411 1055 2472 potestatem
1069 2419 1155 2457 suam
1169 2400 1215 2457 ob-

123 2487 229 2552 tinenS,
241 2486 293 2543 sed
303 2488 426 2558 propria
439 2489 552 2559 rn'rtnte,
566 2489 648 2559 quasi
663 2499 740 2546 esset
748 2505 904 2559 supremus
914 2485 1050 2542 omnium
1062 2487 1215 2551 Dominus,

123 2574 170 2630 cui
184 2574 263 2646 leges
277 2587 387 2632 naturae
400 2576 561 2643 obediunt;
581 2577 641 2633 imo
655 2575 799 2633 nonnulla
811 2584 950 2647 operatur
962 2574 1000 2632 ad
1014 2592 1100 2631 suam
1115 2573 1216 2633 divini-

123 2672 212 2718 tatem
227 2662 497 2720 demonstrandam.

158 2797 197 2847 61.
238 2799 274 2865 (c)
289 2795 353 2852 Nec
366 2797 396 2852 id
411 2796 507 2852 minus
521 2796 684 2853 luculenter
697 2805 814 2852 constat
826 2812 862 2852 ex
873 2793 1008 2850 delirent
1027 2810 1120 2865 quam
1135 2793 1215 2852 Chri·

124 2895 185 2939 stus
198 2883 346 2954 praedicat.
388 2884 465 2939 Nam
485 2883 541 2940 sibi
555 2884 686 2940 vindicat
708 2894 885 2954 potestatem
906 2881 1078 2940 remittendi
1098 2893 1218 2953 peccata

123 2981 266 3040 tanquam
280 2971 333 3027 sibi
350 2972 504 3042 propriam,
520 2972 589 3028 licet
608 2971 689 3028 solus
704 2971 788 3027 Deus
809 2979 932 3041 peccata
949 2968 1101 3026 remittere
1116 2969 1215 3036 valeat,

124 3068 153 3114 et
166 3057 204 3114 de
217 3058 296 3115 facto
309 3059 386 3116 hanc
400 3069 577 3130 potestatem
601 3069 726 3130 exercet,
743 3060 814 3130 quin
837 3074 970 3129 unquam
991 3055 1124 3113 declaret
1144 3074 1218 3114 earn-

125 3144 194 3200 dern
217 3163 280 3201 esse
303 3145 356 3202 sibi
381 3147 546 3218 delegatam
557 3150 575 3202 ⁸.
629 3148 772 3204 Praeterea
796 3156 918 3218 peccata
945 3143 1077 3212 remittit,
1101 3155 1219 3215 propter

124 3251 255 3291 amorem
277 3234 334 3290 sibi
355 3236 526 3306 praestitum,
543 3235 626 3306 quasi
647 3245 745 3292 essent
762 3235 875 3292 offensa
892 3232 949 3290 sibi
963 3230 1108 3302 inflicta&
1140 3231 1218 3303 quod

125 3321 237 3392 optime
251 3340 333 3378 suam
347 3341 414 3378 curn
431 3323 516 3380 Patre
530 3323 716 3380 identitatem
730 3321 868 3379 declarat.
885 3353 918 3360 ν-
934 3323 967 3375 ln
981 3336 1121 3376 sermone
1135 3336 1218 3390 supra

125 3421 257 3467 montem
280 3424 420 3482 tanquam
445 3413 601 3482 Supremas
620 3411 783 3481 Legr‘slator
803 3418 935 3480 apparet,
955 3409 1041 3477 cujus
1061 3407 1218 3465 auetoritas

126 3517 184 3555 non
198 3500 295 3557 minor
307 3513 350 3557 est
363 3519 452 3571 quam
469 3501 576 3565 Patris;
604 3501 687 3571 quod
701 3517 771 3556 sane
784 3498 933 3569 colligitur
953 3514 989 3552 ex
1007 3494 1066 3552 hac
1085 3497 1217 3554 oratione

125 3599 184 3642 tarn
199 3605 277 3658 saepe
290 3589 413 3659 repetita
428 3610 434 3645 :
456 3588 618 3645 “Audistis
632 3588 701 3659 quia
714 3586 830 3645 dictum
844 3595 888 3642 est
901 3583 1033 3656 antiquis
1090 3583 1158 3654 Ego
1169 3603 1215 3640 au·

124 3686 184 3729 teni
198 3674 266 3731 dico
279 3676 363 3732 vohis
373 3676 392 3707 ¹⁰
403 3676 417 3699 '’
429 3676 608 3732 ...—Iterum
620 3673 772 3745 discipulis
785 3672 845 3729 suis
854 3670 988 3744 praecipit
1000 3679 1033 3727 ut
1045 3670 1076 3726 in
1090 3670 1216 3742 seipsum

125 3762 255 3821 credant.
269 3764 343 3819 sicut
365 3763 394 3818 in
409 3763 524 3819 Patrem
540 3762 674 3831 credunt,
689 3770 722 3818 ut
740 3760 872 3830 seipsum
891 3757 1016 3828 diligant
1032 3757 1108 3815 sicut
1122 3759 1216 3816 Deum

159 3958 258 4009 hilari.
275 3957 326 4017 xl,
344 3969 384 4019 27.
402 3985 433 3990 —
447 3955 550 4005 &tlara
567 3953 665 4014 XXll,
679 3963 769 4018 41-45.
786 3980 819 3986 —
832 3947 932 4000 ³rllatt
956 3948 1131 4016 xt'111,25;
1150 3946 1214 4002 Luc.

167 4059 179 4076 ,
270 4043 280 4070 a
346 4058 352 4068 ·
434 4057 444 4076 a

127 4043 509 4181 1⁸⁸³⁸5'l'acrticilelllbilell'quae
522 4109 599 4163 dicta
613 4123 677 4162 sunt
691 4110 740 4163 tibi
754 4127 771 4160 a
787 4105 933 4159 Domin0”
946 4105 1025 4173 (Luc.
1044 4107 1067 4173 Ῐι
1083 4106 1139 4175 45)·

156 4201 241 4258 ¹⁵an.
259 4199 282 4261 Ι.
298 4202 387 4269 70-78.
406 4198 454 4239 -³
469 4201 560 4253 ,liure¹
574 4199 598 4251 l.
613 4211 670 4261 ις,
687 4198 736 4249 cir.
756 4197 808 4246 isa„
823 4195 883 4256 XL,
899 4207 922 4258 5
938 4189 1216 4260 -⁸,t!ate.1x,1-6;

108 4293 181 4353 lac.
205 4297 235 4353 l'.
252 4308 345 4366 ωας.
409 4294 421 4324 ·“
434 4293 502 4346 laec.
517 4289 592 4343 h'll.
604 4301 646 4355 ῃ.
659 4316 691 4321 --
702 4283 722 4315 ¹⁰
738 4281 984 4342 northam,
995 4282 1042 4341 gu,
1055 4293 1153 4344 mxc.
