2684 4634
222 193 279 242 DE
297 193 601 245 CONSECTARIIS
618 193 861 254 UTRlUSQUE
880 193 1100 242 MYSTERII.
1159 194 1219 244 591

119 372 293 453 originalis
305 373 443 454 peccati,
455 373 533 453 quia
546 381 664 453 utpote
677 372 871 434 naturaliter
882 372 925 434 ab
936 372 1073 433 Adamo
1085 371 1220 433 descen-

118 476 215 552 dens,
232 477 402 540 debuisset
418 477 499 539 illud
524 475 728 550 contrahere,
744 474 806 535 nisi
824 475 916 536 Deus
932 473 1067 555 speciali
1092 466 1220 554 privile·

117 578 178 660 gio
202 578 293 642 illam
317 580 360 641 ab
384 579 446 645 ista
470 578 543 659 lege
560 580 819 659 praeservisset:
854 577 912 640 sed
929 577 1085 639 immunis
1102 577 1163 638 suit
1180 575 1222 638 ab

117 685 250 748 aduali
261 685 433 765 infernam
443 685 565 766 peccati
577 684 760 766 originalis,
776 685 855 765 quia
872 684 965 746 Deus
983 683 1156 765 impedivit
1180 701 1222 743 ne

119 788 179 849 lex
192 787 356 869 generalis
369 789 455 851 circa
465 791 740 868 propagationem
754 786 841 848 illius
853 787 1103 868 peccatiMariae
1116 784 1221 866 appli-

119 899 269 968 caretur;
303 892 509 972 proindeque
532 911 552 952 a
576 891 685 973 primo
709 890 846 952 instanti
865 887 981 971 gratid
1003 888 1222 970 sanliificante

120 1002 242 1055 ornata
259 992 336 1070 luit;
359 1013 437 1056 nam
455 995 486 1055 in
501 994 656 1075 praesenti
670 992 891 1054 Providentiae
906 991 1030 1066 ordine,
1041 1011 1107 1052 non
1124 989 1222 1052 datur

122 1100 231 1159 status
263 1099 391 1160 medius
422 1099 507 1160 inter
538 1106 663 1159 statum
693 1096 820 1178 peccati
855 1093 1005 1156 mortalis
1032 1102 1066 1155 et
1096 1101 1221 1155 statum

122 1200 251 1281 gratiae.

123 1301 176 1383 (b)
191 1302 278 1365 Illud
295 1303 501 1384 privilegium
515 1303 673 1365 collatum
692 1302 754 1375 luit
770 1305 806 1365 B.
819 1293 949 1383 Virgini
962 1301 1070 1381 primo
1084 1288 1225 1361 instanti

123 1404 197 1485 ejus
214 1407 458 1488 conceptionis;
490 1406 522 1468 id
540 1415 591 1468 est
607 1405 664 1467 illo
681 1406 817 1467 instanti
834 1424 901 1485 quo
918 1404 1029 1466 anima
1052 1388 1222 1465 rationalis

124 1507 236 1570 infusa
252 1507 313 1571 luit
329 1510 362 1570 in
379 1508 465 1570 illius
481 1528 616 1589 corpus;
649 1509 738 1569 unde
754 1508 807 1570 hic
824 1528 890 1569 non
908 1508 1017 1587 agitur
1040 1506 1081 1567 de
1105 1525 1222 1568 conce-

124 1613 242 1693 ptione
257 1609 374 1689 activa,
390 1613 443 1675 vel
459 1616 502 1675 de
518 1614 737 1694 conceptione
761 1613 893 1695 passiva
917 1612 1082 1686 inchoata,
1098 1611 1156 1672 sed
1180 1611 1222 1672 de

125 1717 345 1798 conceptione
358 1716 428 1797 jam
445 1718 582 1779 omnino
597 1715 750 1798 perfecta,
766 1737 841 1797 quae
857 1725 994 1778 vocatur
1009 1716 1176 1789 animatio
1189 1723 1223 1775 et

126 1817 237 1881 locum
254 1819 363 1895 habet,
380 1821 515 1901 quando
531 1821 643 1882 anima
660 1819 831 1882 rationalis
848 1819 978 1899 corpori
994 1818 1114 1880 unitur.

128 1917 185 2006 (c)
207 1921 293 1984 Illud
310 1922 518 2004 privilegium
536 1924 694 1985 collatum
710 1923 772 1985 luit
788 1924 823 1984 B.
838 1922 969 2003 Virgini
987 1941 1053 1982 non
1060 1921 1141 2000 jure
1146 1931 1222 2000 pro-

121 2026 206 2106 prio,
219 2028 277 2089 sed
294 2048 338 2089 ex
348 2026 502 2108 gratuitcl
512 2029 726 2090 concessione
739 2028 812 2102 Dei,
825 2037 859 2090 et
875 2027 1010 2107 quidem
1024 2026 1067 2088 ob
1084 2027 1223 2105 praevisa

128 2129 248 2192 merita
260 2129 391 2193 Christi.
440 2130 529 2192 Hinc
546 2151 669 2210 magna
685 2140 733 2192 est
750 2129 938 2192 differentia
954 2129 1039 2190 inter
1055 2127 1222 2191 Christum

127 2240 161 2293 et
178 2232 214 2294 B.
232 2232 403 2315 Virginem
420 2257 426 2295 :
459 2233 609 2296 Christus
623 2233 696 2313 jure
713 2233 846 2315 proprio
862 2232 924 2294 suit
941 2231 1097 2293 immunis
1113 2240 1184 2292 tum
1205 2252 1224 2291 a

127 2334 243 2397 debito
277 2335 377 2399 etiam
411 2345 548 2410 remoto,
575 2345 646 2398 tum
671 2357 690 2396 a
714 2336 842 2397 macula
875 2335 1002 2416 peccati
1035 2333 1224 2414 originalis;

128 2438 164 2501 B.
182 2445 294 2500 autem
310 2438 417 2519 Virgo
434 2438 588 2500 immunis
612 2439 674 2501 luit
697 2438 803 2500 solum
828 2459 848 2500 a
872 2436 1009 2513 macula,
1025 2447 1058 2499 et
1082 2437 1144 2499 hoc
1167 2456 1225 2518 per

127 2536 311 2621 gratuitum
328 2540 545 2622 privilegium.

167 2699 238 2768 273
283 2698 311 2749 2⁰
328 2673 424 2750 Pheris
442 2717 453 2752 .·
486 2693 524 2754 B.
537 2691 660 2768 Virgo,
680 2689 716 2752 in
738 2690 852 2767 primo
873 2690 1024 2753 instanti
1044 2707 1121 2753 suae
1142 2708 1225 2754 con·

127 2786 314 2866 ceptionis,
330 2786 461 2851 intuitu
477 2787 685 2851 meritorum
708 2785 851 2864 Christi,
873 2786 939 2849 suit
953 2786 999 2849 ab
1014 2786 1109 2849 omni
1125 2787 1226 2865 origi-

128 2885 221 2949 nalis
235 2886 348 2963 eulpae
362 2886 441 2950 labe
457 2890 676 2964 praeservata
696 2883 874 2947 immunis.
918 2885 969 2945 De
982 2885 1054 2964 fide
1074 2905 1113 2946 ex
1126 2885 1224 2946 Bullcl

128 2989 310 3072 [neffabilis
324 2993 473 3072 superius
490 2993 600 3082 citatis.

170 3136 241 3205 274.
283 3127 455 3208 Scripturd
471 3128 628 3189 innuitur.
662 3126 720 3207 (A)
734 3146 777 3187 ex
794 3125 1079 3204 Proroevangeli01
1094 3146 1105 3185 .·
1130 3129 1145 3154 ‘⁶
1161 3125 1225 3185 Ini-

129 3232 271 3294 micitias
297 3252 420 3313 ponam
446 3233 531 3294 inter
553 3241 586 3294 te
610 3242 643 3292 et
667 3229 848 3302 mulierem,
873 3237 906 3289 et
930 3247 1042 3289 semen
1067 3236 1161 3288 tuum
1193 3237 1226 3288 et

128 3355 242 3398 semen
260 3334 346 3397 illius
365 3356 372 3397 :
406 3336 477 3415 ipsa
493 3328 653 3411 (hebraice
677 3331 800 3412 ipsum)
817 3340 964 3392 conteret
980 3338 1080 3409 caput
1097 3339 1189 3391 tuum
1201 3331 1225 3391 '’.

127 3443 235 3523 Juxta
249 3441 372 3516 PatreS,
383 3460 488 3501 semen
504 3439 652 3500 mulieris
667 3445 717 3497 est
734 3435 852 3496 saltem
867 3434 965 3513 typice
979 3433 1129 3496 Christus
1147 3434 1226 3514 ipse,

127 3542 222 3623 cujus
244 3542 363 3604 virtute
386 3542 565 3604 contritum
590 3549 639 3601 est
663 3548 764 3620 caput
787 3537 948 3618 serpentis,
966 3537 983 3598 i.
1001 3557 1027 3598 e.
1044 3537 1172 3612 diaboli,
1188 3558 1226 3599 ac

128 3646 269 3730 proinde
290 3646 409 3707 mulier
430 3655 480 3707 est
505 3647 538 3706 B.
556 3645 687 3724 Virgo2.
734 3643 811 3724 Quo
835 3641 953 3722 positu,
975 3661 1019 3701 ex
1043 3640 1105 3701 hoc
1129 3650 1226 3703 textu

164 3848 252 3902 ¹Gen.
268 3848 324 3913 ΙΙΙ,
342 3861 380 3915 15.
419 3846 475 3898 Hic
493 3846 570 3898 locus
579 3843 844 3913 protoevangelr'um
864 3851 988 3908 vocatur,
1002 3840 1068 3909 quia
1088 3850 1117 3893 ut
1136 3840 1227 3908 prima

130 3936 246 3992 Messiae
259 3933 436 3988 annuntiatio
449 3933 575 3986 habetur.

162 4022 248 4079 ²Dixi
260 4021 359 4075 saltem
368 4022 463 4089 tripete,
475 4020 540 4088 quia
549 4018 771 4082 controvertitur
782 4015 868 4070 etiam
880 4015 952 4068 inter
960 4014 1123 4080 catholicos
1135 4024 1227 4067 utrum

127 4111 247 4182 praelata
265 4108 352 4163 verba
363 4108 528 4160 litteraliter
539 4106 575 4158 de
590 4104 702 4157 Christo
715 4113 743 4157 et
757 4104 788 4156 B
804 4103 838 4154 V
832 4118 921 4170 irgine
939 4101 1094 4170 praedicata
1112 4101 1223 4154 fuerint

128 4195 265 4254 Nonnulli
279 4196 432 4265 affirmant,
446 4203 475 4246 ut
488 4192 649 4261 Parsaglia,
663 4192 787 4253 Patrz'zz,
802 4189 897 4252 Bade,
914 4199 943 4242 et
956 4188 1038 4242 haec'
1032 4189 1249 4257 interpretatio

124 4285 223 4341 multis
235 4282 367 4337 Patribus
378 4281 496 4350 praeut,-
515 4279 557 4335 sic
570 4299 594 4334 v
608 4297 635 4349 g
650 4279 681 4335 S
696 4280 820 4332 [remens
832 4277 873 4332 ait
884 4275 932 4343 lC
937 4277 1024 4330 ihrer
1028 4276 1126 4338 ΙΙΙΙ,
1132 4290 1160 4325 c
1170 4274 1241 4336 QX·-
