2684 4634
475 173 532 222 DE
551 172 695 223 HOMIN
702 174 735 223 E.
1093 176 1159 228 369

50 355 158 433 venit,
181 365 216 420 et
242 356 274 418 in
297 377 439 418 errorem
467 356 562 418 facile
585 356 712 419 labitur.
760 356 958 418 Immunitas
982 367 1093 420 autem
1118 359 1160 422 ab

51 457 248 540 ignorantia
269 467 320 522 est
345 460 496 541 specialis
519 460 605 521 acics
629 457 823 535 intelledtuS,
848 462 914 540 qua
941 458 977 522 fit
1001 472 1037 524 ut
1060 463 1161 525 homo

52 561 216 625 facillime
240 564 412 626 scientiam
436 562 592 643 acquirat.
645 563 744 626 Unde
767 564 837 628 sic:
868 569 954 632 Illud
978 566 1084 630 solum
1108 574 1159 627 est

53 663 173 729 stricte
196 665 323 728 homini
346 667 495 730 debitum
519 666 608 749 quod
632 665 784 729 absolute
807 674 1027 734 necessarium
1051 677 1101 730 est
1125 677 1160 730 ut

53 770 166 850 possit
182 768 281 833 finem
298 791 393 833 suum
406 791 613 852 cognoscere,
623 791 683 832 nec
694 790 759 832 non
774 776 882 837 media
898 778 939 839 ad
958 775 1049 838 illum
1061 773 1160 835 attin-

54 875 205 954 gendum
222 897 229 952 ;
254 875 355 957 atqui,
371 876 471 938 etiam
487 896 562 937 cum
579 873 700 938 adtuali
715 875 910 942 difficultate
926 898 1038 941 verum
1055 875 1159 956 adipi-

55 977 183 1054 scendi,
198 976 299 1040 homo
314 989 425 1060 potest
440 979 540 1042 finem
557 999 651 1042 suum
668 979 791 1045 scilicet
808 982 927 1057 Deum,
942 991 975 1044 et
992 981 1101 1043 media
1117 980 1159 1041 ad

55 1078 160 1142 finem
177 1083 447 1163 consequendum
463 1104 672 1165 cognoscere,
689 1084 841 1146 videlicet
857 1085 1023 1166 praecipua
1039 1082 1160 1158 officia;

55 1205 138 1267 ergo
155 1186 348 1249 immunitas
364 1188 406 1250 ab
423 1188 609 1270 ignorantia
626 1187 686 1268 ipsi
704 1208 769 1249 non
786 1188 975 1250 debebatur.

101 1285 205 1368 Quod
222 1290 328 1370 magis
343 1311 382 1352 ac
398 1291 504 1372 magis
519 1290 656 1372 patebit,
668 1290 694 1351 si
711 1292 903 1354 attendatur
919 1301 1036 1353 natura
1052 1292 1160 1353 homi-

56 1392 108 1452 nis
132 1391 230 1473 cujus
250 1393 446 1472 intelledtus
467 1404 503 1458 ut
526 1394 684 1477 probatur
705 1395 736 1455 in
756 1393 901 1455 lastitat.
920 1391 1159 1472 Pla'losopla'ai,

56 1495 103 1557 ita
126 1507 340 1578 comparatus
363 1508 413 1561 est
436 1507 473 1562 ut
494 1499 698 1580 pedetentim
722 1518 741 1559 a
764 1497 860 1559 rebus
883 1496 1092 1559 sensibilibus
1116 1495 1158 1556 ad

56 1597 245 1679 spiritualia
274 1602 432 1665 ascendat
461 1601 690 1677 ratiocinando,
719 1600 902 1675 inducendo,
928 1598 1158 1678 sollogz'aaada·

55 1701 121 1764 hoc
153 1704 242 1766 enim
273 1705 422 1769 excludit
447 1706 652 1786 exigentiam
677 1704 836 1786 cujusque
862 1704 1009 1765 scientiae
1034 1701 1157 1762 infusae.

58 1805 180 1887 Neque
196 1807 261 1870 dici
277 1809 365 1872 valet
386 1810 448 1891 ipsi
470 1809 688 1871 necessariam
710 1828 781 1870 esse
802 1807 883 1887 juris
900 1805 1058 1867 naturalis
1074 1804 1158 1865 noti-

57 1908 160 1986 tiam;
175 1917 212 1972 ut
227 1911 314 1974 enim
332 1910 419 1975 redte
434 1932 531 1994 agere
548 1912 661 1993 possit,
672 1909 792 1972 sufficit
806 1908 921 1971 notitia
937 1909 1157 1988 quorumdam

57 2007 297 2093 principiorum
325 2015 550 2078 essentialium
575 2035 650 2095 quae
676 2013 771 2075 sacile
798 2021 1032 2093 comparatur:
1062 2011 1157 2072 dum-

59 2113 164 2175 modo
186 2113 275 2176 enim
302 2126 456 2198 operetur
479 2118 661 2180 secundum
678 2137 717 2178 ea
733 2137 806 2198 quae
824 2116 925 2191 novit,
942 2135 1002 2176 nec
1025 2113 1158 2175 aliunde

59 2214 212 2296 negligat
238 2238 335 2281 nosse
364 2240 439 2300 quae
469 2221 577 2297 debet,
604 2221 729 2283 bonum
760 2218 940 2281 formaliter
969 2217 1159 2298 operabitur

58 2337 224 2401 suumque
248 2319 347 2385 finem
374 2326 523 2407 attinget.
572 2329 661 2390 Hinc
684 2326 771 2391 reae
796 2326 1158 2406 §.augustinumin

60 2421 143 2485 “Ad
160 2443 260 2506 quam
277 2427 442 2492 miseriam
456 2430 554 2511 justae
570 2431 789 2496 damnationis
813 2430 955 2510 pertinet
971 2429 1158 2509 ignorantia

15 2540 21 2547 ·
59 2533 93 2588 et
107 2525 282 2608 dffcultas
297 2529 328 2612 (i.
342 2551 367 2596 e.
380 2534 660 2616 concupiscentia)
677 2554 776 2616 quam
794 2532 917 2614 patitur
933 2532 1041 2593 omnis
1057 2532 1158 2593 homo

59 2628 101 2690 ab
117 2632 260 2695 exordio
276 2635 458 2700 nativitatis
474 2659 552 2715 suae,
568 2660 627 2701 nec
643 2637 686 2699 ab
703 2637 766 2699 isto
783 2635 872 2696 malo
891 2635 951 2696 nisi
970 2635 1032 2696 Dei
1051 2635 1157 2715 gratia

59 2733 237 2814 quisquam
268 2737 448 2804 liberatur...
502 2739 663 2823 Quamvis
693 2735 880 2816 ignorantia
910 2743 943 2796 et
973 2730 1157 2805 difficultas

60 2836 189 2900 etiamsi
200 2850 310 2903 essent
319 2841 650 2924 hominisprimardza
662 2840 836 2917 nataralia,
847 2861 907 2902 nec
917 2840 962 2900 sic
974 2838 1157 2919 culpandus

62 2940 164 3017 Deus,
179 2942 237 3004 sed
255 2942 440 3008 laudandus
457 2958 543 3010 esset
555 2949 579 3010 '’.
627 2947 681 3008 Ex
698 2966 764 3026 quo
780 2943 847 3006 duo
863 2951 1029 3017 eruuntur,
1044 2940 1157 3002 videli-

61 3051 110 3106 cet
135 3043 359 3124 ignorantiam
384 3055 417 3109 et
442 3049 745 3130 concupiscentiam
773 3069 816 3109 ex
843 3046 994 3127 originali
1021 3053 1157 3126 peccato

61 3145 195 3224 quidem
219 3148 304 3224 oriri,
319 3149 376 3212 sed
404 3152 552 3232 potuisse
576 3161 687 3214 tamen
712 3151 854 3214 existere
871 3149 995 3231 absque
1012 3159 1158 3230 peccat0,

63 3251 145 3330 quia,
161 3259 198 3315 ut
214 3251 292 3314 alibi
308 3254 457 3340 exponit,
473 3275 538 3317 non
558 3264 635 3318 sunt
657 3255 781 3318 malum
799 3253 931 3330 morale,
948 3253 1004 3315 sed
1021 3254 1159 3331 des'eaios

63 3352 233 3430 naturales,
249 3344 292 3417 ex
311 3357 430 3437 quibus
450 3378 628 3439 exsurgere
648 3358 752 3439 possit
764 3356 956 3438 proficiendi
974 3356 1158 3433 (adanorum,

64 3464 90 3518 et
97 3456 305 3537 porfeaiionis
320 3461 493 3523 exordium.

101 3606 169 3676 171.
218 3594 276 3676 (C)
288 3596 338 3659 De
354 3597 561 3660 immanitate
575 3621 596 3660 a
611 3595 866 3679 concupiscentid.
912 3597 1157 3678 Concupiscen-

10 3732 12 3775 3
66 3696 170 3774 liade
189 3702 255 3778 qua
276 3699 328 3762 hic
350 3701 467 3783 agitur,
490 3711 540 3764 est
563 3703 735 3765 inclinatio
756 3683 925 3782 appetitus
947 3701 1094 3762 sensitivi
1115 3701 1157 3762 ad

10 3806 15 3907 l
66 3797 183 3867 bonum
201 3802 365 3879 sensibile,
380 3805 481 3868 etiam
498 3815 613 3868 contra
630 3806 753 3868 ordinis
769 3806 941 3868 rationem.
989 3803 1052 3867 His
1071 3804 1158 3885 posi-

10 3920 12 3939 ²
65 3904 108 3982 tis,
123 3906 171 3969 sic
187 3908 413 3989 argumentari
434 3908 556 3971 datur:
583 3909 781 3986 Immunitas
802 3929 821 3969 a
840 3907 1107 3988 concupiscentia
1125 3908 1157 3968 in

10 4090 12 4097 Ι
64 4016 188 4075 tantum
205 4019 293 4075 esset
308 4010 434 4074 homini
451 4012 572 4088 debita,
589 4013 621 4074 in
646 4021 808 4092 quantum
825 4011 1094 4092 concupiscentia
1109 4031 1158 4072 re-

89 4202 99 4235 ¹
112 4203 237 4265 Retratt
252 4203 298 4261 lib.
315 4205 337 4270 1,
350 4221 373 4260 c.
387 4221 419 4275 93
439 4203 597 4260 dot'trinam
611 4204 760 4274 Augustini
774 4205 827 4259 hac
846 4189 884 4258 de⁵
901 4221 928 4258 re
947 4205 1033 4258 fusius
1047 4206 1160 4275 exponit

61 4290 204 4359 Palrmivn',
217 4290 257 4347 th.
272 4304 315 4363 44.

171 4406 299 4455 sunonis
310 4406 342 4454 11.
355 4429 378 4441 -
395 4420 423 4463 ¹14
