2684 4620
208 176 274 228 396
648 179 789 230 CAPUT
807 180 868 228 111.

209 367 359 421 amentes
383 357 424 419 de
446 357 566 439 quibus
589 360 706 441 agitur,
724 381 790 423 non
811 369 889 424 sunt
910 361 1096 442 regenerati
1113 381 1173 442 per
1187 361 1299 442 baptis·

210 483 324 541 mum;
347 482 426 544 ergo
443 484 508 525 non
533 474 673 544 possunt
697 465 831 528 introire
855 465 887 527 in
913 479 1051 545 regnum
1077 466 1153 540 Dei,
1169 485 1225 527 seu
1248 464 1298 527 frui

208 566 334 627 visione
350 565 502 628 beatifica
519 565 582 647 (Cf.
605 567 658 629 Tr.
673 569 713 631 de
727 568 902 648 Baptismo,
919 589 948 632 n.
960 610 963 639 ,
968 586 984 648 3
990 570 1031 649 5).

208 667 259 748 (b)
281 669 505 731 Florentinum
528 669 691 746 definivit,
714 670 870 733 “illorum
894 671 1023 734 animas
1046 672 1103 753 qui
1128 673 1162 734 in
1190 669 1294 734 atluali
1338 689 1342 710 ·’

209 773 339 836 mortali
363 783 510 854 peccato,
525 775 577 836 vel
596 775 661 836 solo
686 775 844 856 originali
857 775 1032 850 decedunt,
1049 796 1132 837 mox
1157 775 1189 837 in
1212 775 1293 853 infer-

208 897 286 938 num
324 877 534 953 descendere,
572 878 679 957 poenis
718 888 830 940 tamen
870 879 1057 961 disparibus
1096 877 1272 960 puniendas
1283 877 1292 898 '⁵

208 979 379 1060 (Hearing.
400 980 483 1060 588).
528 981 685 1061 Jamvero
704 981 738 1043 in
762 980 890 1043 inferno
911 1002 976 1043 non
993 981 1094 1044 datur
1109 982 1193 1043 visio
1207 981 1293 1043 beati-

208 1081 294 1145 fica:
325 1097 413 1164 ergo·
460 1083 655 1145 Notandum
687 1094 738 1147 est
765 1094 876 1147 autem
904 1104 1021 1147 vocem
1048 1085 1216 1166 infernum
1240 1103 1293 1145 non

207 1186 381 1266 designare
397 1187 582 1264 necessario
596 1187 688 1248 illum
702 1187 812 1250 locum
826 1187 859 1249 in
870 1207 937 1269 quo
947 1197 1025 1251 sunt
1035 1187 1187 1250 damnati
1198 1186 1294 1260 adulti,
1336 1251 1342 1277 ἱ

207 1288 265 1350 sed
290 1289 464 1369 designare
487 1309 621 1351 omnem
646 1288 753 1352 locum
776 1289 864 1352 coelo
887 1287 1083 1363 inferiorem,
1106 1297 1141 1350 et
1164 1305 1284 1367 compre

207 1390 351 1454 bendere
381 1400 452 1454 tum
486 1392 653 1466 Limbum,
678 1401 749 1453 tum
778 1376 1020 1471 Purgatorium,
1045 1397 1118 1450 tum
1148 1387 1294 1450 infernum
1330 1458 1342 1483 u

209 1495 342 1577 proprie
358 1492 485 1558 distum
498 1506 517 1555 1.
1336 1558 1342 1584 ,¹

206 1595 254 1677 (c)
268 1595 384 1660 Gratia
400 1594 611 1659 sanitificans
628 1605 679 1658 est
696 1595 843 1658 medium
858 1594 1080 1657 necessarium
1094 1595 1136 1657 ad
1151 1595 1295 1656 visionem
1332 1572 1342 1689 l

206 1699 394 1763 beatificam
417 1700 708 1780 consequendam:
732 1699 824 1780 atqui
849 1697 1049 1761 decedentes
1073 1718 1150 1760 cum
1175 1706 1297 1779 peccato
1333 1690 1342 1768 Ι

205 1801 356 1883 originali
373 1822 440 1864 non
457 1802 582 1865 habent
599 1803 750 1883 gratiam,
766 1823 810 1865 ex
828 1799 925 1864 dictis
941 1821 1061 1881 supra3
1085 1821 1166 1883 ergo
1175 1813 1196 1864 ².

248 1953 317 2020 203.
364 1938 423 2020 (Β)
443 1936 702 2002 Controvertitrrr
715 1948 827 2002 autem
846 1939 931 2001 inter
943 1936 1119 2018 theologos
1132 1946 1241 1999 utrum
1253 1935 1299 1997 de·
1339 1971 1342 1975 >

207 2045 363 2107 cedentes
380 2064 455 2105 cum
473 2053 610 2124 peccato
627 2029 778 2125 originali
796 2041 969 2104 tristitiam
981 2040 1129 2104 habeant
1146 2060 1189 2103 ex
1206 2040 1299 2122 priva-

207 2147 298 2208 tione
313 2146 449 2208 visionis
466 2143 639 2207 beatificae.

207 2249 254 2328 (a)
285 2248 362 2324 Alii,
388 2268 464 2311 cum
488 2247 697 2322 Bellarinino,
720 2245 897 2322 affirmant,
924 2246 1003 2326 quia
1027 2246 1074 2308 illi
1099 2244 1228 2328 parvuli
1255 2252 1303 2306 aut

207 2349 359 2418 amentes,
373 2357 585 2432 cognoscent,
601 2348 720 2411 saltem
738 2349 770 2411 in
784 2348 921 2429 judici0,
937 2368 972 2410 se
992 2349 1140 2430 privatos
1156 2368 1229 2410 esse
1244 2366 1304 2410 ma·

207 2455 301 2516 ximo
318 2454 416 2527 bono,
432 2460 465 2514 et
481 2471 548 2514 non
565 2458 723 2532 poterunt
746 2470 812 2511 non
835 2450 957 2512 tristari
974 2449 1016 2511 de
1032 2450 1090 2512 tali
1107 2449 1305 2512 amissione:

208 2556 353 2618 fatentur
368 2566 480 2618 tamen
498 2554 646 2634 ipsorum
664 2551 814 2614 dolorem
832 2552 900 2615 sore
918 2553 1131 2615 mitissimum
1142 2552 1164 2615 3.

208 2658 259 2741 (b)
282 2658 352 2721 Alii
375 2678 454 2719 vero
476 2659 582 2719 multo
605 2655 811 2738 probabilius
833 2666 958 2738 negant
977 2677 1055 2722 cum
1079 2656 1114 2719 S.
1137 2657 1168 2719 Τ
1164 2654 1308 2719 iomar.-

208 2784 284 2825 nam
307 2781 406 2824 nemo
425 2761 576 2824 tristatur
597 2761 639 2822 de
661 2760 840 2823 amissione
864 2757 1004 2838 alicujus
1027 2757 1105 2819 boni
1130 2760 1221 2838 quod
1247 2777 1307 2819 non

207 2865 397 2947 cognoscit:
421 2865 513 2944 atqui
538 2864 585 2926 illi
610 2863 738 2945 parvuli
762 2883 829 2924 non
853 2868 1061 2942 cognoscunt
1080 2869 1308 2942 supernatura-

207 2969 271 3031 lem
281 2966 533 3041 beatitudinem,
546 2985 621 3046 quae
634 2986 700 3026 non
715 2965 776 3026 nisi
790 2963 957 3045 perfidem
972 2964 1180 3027 innotescere
1190 2973 1309 3047 potest;

206 3091 285 3151 ergo
300 3072 343 3133 de
358 3070 421 3133 hac
437 3069 616 3133 amissione
640 3070 808 3133 tristitiam
826 3089 892 3130 non
910 3068 1108 3149 concipient
1155 3069 1308 3142 Aliunde,

242 3245 250 3267 ¹
265 3231 349 3298 Quod
362 3240 458 3298 aperte
472 3229 558 3283 tradit
572 3229 680 3283 Catech.
699 3229 778 3281 Cone.
800 3229 923 3305 Trident.
939 3228 976 3297 (p.
994 3229 1015 3294 1,
1029 3245 1054 3282 a.
1069 3229 1103 3295 V,
1117 3247 1144 3283 n.
1159 3229 1188 3295 4)
1204 3249 1210 3284 :
1232 3230 1249 3256 ‘¹
1259 3230 1307 3282 Ve-

206 3335 268 3372 rum
281 3318 437 3388 inferorum
450 3333 553 3370 nornen
567 3315 665 3369 abdita
679 3314 726 3367 illa
738 3314 916 3383 receptacula
929 3313 1077 3383 significat,
1091 3315 1116 3367 in
1135 3316 1238 3386 quibus
1255 3315 1306 3368 ani-

207 3422 261 3458 mae
275 3402 444 3470 detinentur,
457 3419 520 3471 quae
534 3401 678 3455 coelestem
692 3399 897 3454 beatitudinem
909 3416 966 3453 non
981 3409 1046 3454 sunt
1059 3412 1231 3456 consecutae.
1269 3403 1306 3454 lta

207 3508 295 3545 sacrae
308 3489 408 3543 litterae
422 3489 496 3542 hanc
509 3505 608 3542 vocem
622 3487 717 3542 multis
731 3488 759 3541 in
773 3488 843 3541 locis
856 3487 1026 3565 usurparunt
1034 3488 1057 3542 ”.

241 3578 294 3630 ²S.
313 3577 340 3629 T
336 3576 418 3640 horn,
433 3574 450 3627 l.
467 3591 491 3627 c.
506 3592 531 3627 a.
548 3591 571 3628 1.
588 3605 621 3612 —
634 3581 644 3611 ³
658 3574 698 3627 Cl.
716 3573 851 3626 Bellarm.
865 3590 913 3642 op,
929 3573 974 3627 cit„
989 3573 1005 3627 t
1020 3574 1072 3642 VI,
1085 3591 1110 3628 c.
1127 3573 1184 3642 6·7.

241 3665 298 3718 ⁴·S.
317 3662 447 3728 Thomas,
461 3677 506 3729 op.
523 3660 569 3714 cit.
586 3678 609 3713 a.
626 3676 652 3728 35
667 3659 694 3713 in
707 3675 731 3712 2.
748 3659 812 3713 dist.
828 3673 863 3728 33
876 3676 903 3728 q.
917 3675 941 3727 2,
955 3676 979 3712 a.
994 3651 1019 3726 a,
1032 3659 1080 3713 ubi
1094 3660 1134 3714 ait
1147 3680 1153 3716 :
1168 3661 1258 3716 “Hoc
1268 3668 1303 3713 est

207 3747 454 3820 superexcedentis
472 3747 570 3815 gratiae
590 3757 619 3800 ut
638 3745 739 3816 aliquis
759 3746 819 3799 sine
833 3744 897 3799 adiu
912 3745 1024 3823 proprio
1038 3748 1221 3816 praemietur:
1241 3744 1302 3800 unde

206 3836 332 3892 desertus
346 3835 410 3890 talis
423 3834 522 3904 gratiae
533 3851 589 3887 non
600 3833 690 3902 magis
701 3832 841 3888 tristitiam
855 3837 954 3887 caus'at
964 3831 993 3886 in
1003 3832 1097 3903 pueris
1109 3833 1300 3889 decedentibus

206 3942 262 3978 non
276 3922 422 3992 baptizatis
437 3940 521 3992 quam
536 3921 564 3975 in
578 3920 752 3989 sapientibus
765 3921 819 3974 hoc
832 3920 908 3990 quod
928 3918 956 3973 in
975 3920 1017 3975 eis
1036 3920 1134 3976 multae
1146 3923 1244 3991 gratiae
1255 3932 1299 3973 non

206 4013 283 4077 fiunt,
297 4026 360 4081 quae
374 4011 403 4064 in
417 4010 479 4063 aliis
492 4007 629 4062 similibus
643 4006 726 4063 nnae
740 4017 805 4061 sunt
816 4005 839 4062 ’ἃ
880 4008 966 4062 Unde
984 4006 1095 4060 etiamsi
1109 4012 1299 4078 cognoscerent

208 4114 237 4151 se
251 4098 339 4165 gloria
352 4097 475 4166 privatos
487 4113 560 4162 esse,
574 4095 611 4150 de
628 4096 681 4149 hoc
701 4111 756 4147 non
778 4095 912 4162 dolerent,
926 4092 992 4163 quia
1010 4093 1101 4149 scient
1120 4112 1152 4151 se
1171 4104 1297 4164 nunquan

200 4184 289 4241 fuisse
308 4185 439 4257 proxime
462 4182 692 4257 proportionatos
715 4181 754 4235 ad
776 4181 895 4250 gloriam
916 4191 1051 4236 aeternam
1072 4180 1293 4252 consequendam

193 4274 251 4328 Cir.
271 4276 394 4345 Suarer,
413 4276 452 4331 de
467 4274 613 4342 Peccatis,
626 4272 702 4342 disp.
716 4271 775 4337 nt,
785 4267 857 4322 sett.
869 4270 898 4320 b.
