2684 4634
339 172 395 221 DE
415 171 636 221 MYSTERIO
654 170 986 225 REDEMPTIONIS.
1147 169 1214 220 529

105 361 205 426 esset,
216 346 276 414 seu
293 352 366 414 loco
380 354 485 413 nostri
496 370 609 414 veram
621 359 656 412 et
667 350 799 431 proprie
811 348 936 413 dietam
949 346 1213 412 satislae'tioncm

105 455 280 517 obtulisse.

141 604 200 668 185-
241 597 359 654 Frustra
371 596 522 654 Sociniani
535 606 565 653 et
578 593 707 653 Unitarii
721 594 868 665 objiciunt
880 595 1061 654 vocabulum
1079 596 1215 652 redimere

105 702 329 755 nonnunquam
342 683 372 739 in
386 682 542 755 scripturis
556 681 690 753 usurpari
708 691 740 738 ut
758 681 965 741 liberationem
979 699 1211 753 quamcumque,

104 771 197 828 etiam
212 769 295 827 nullo
308 770 404 841 pretio
417 769 522 838 soluto,
536 769 680 840 designet.
712 768 868 840 Numquid
881 770 960 827 enim
974 787 1010 826 ex
1019 769 1077 826 hoc
1087 778 1214 827 statuere

104 855 211 914 licebit
223 856 254 913 in
268 857 409 914 omnibus
421 857 494 913 locis
507 856 585 912 hanc
598 873 702 912 vocem
716 873 805 912 sensu
824 857 884 913 lato
901 856 1124 927 intelligendam
1138 873 1211 923 esse,

103 943 221 1014 reiedto
234 944 355 1016 proprio
368 953 398 1001 et
411 942 526 1000 litterali
541 941 677 999 vocabuli
692 943 797 999 sensu?
833 943 960 1040 Insuper
976 952 1149 1014 argumenta
1162 960 1214 998 no

104 1039 165 1109 stra
178 1047 243 1086 non
256 1029 354 1086 solum
367 1047 403 1086 ex
416 1045 476 1085 uno
489 1027 535 1085 vel
548 1027 640 1084 altero
654 1027 754 1093 verbo,
769 1030 822 1086 sed
834 1046 871 1087 ex
884 1028 1046 1086 innumeris
1063 1029 1123 1086 iere
1136 1028 1213 1086 testi-

104 1115 218 1172 moniis
234 1114 433 1183 deducuntur,
446 1124 570 1184 totoque
589 1122 729 1170 contextu
749 1113 911 1180 firmantur,
927 1125 958 1172 ut
977 1132 1066 1186 supra
1084 1113 1213 1172 ostendi-

104 1221 182 1260 mus.
230 1203 375 1260 Praeterea
399 1202 423 1258 si
449 1201 585 1260 Christus
608 1199 799 1257 solummodo
823 1201 920 1259 verbis
942 1211 971 1258 et
992 1201 1135 1272 exemplis
1159 1218 1213 1258 nos

104 1288 245 1357 redemit,
258 1300 347 1361 prout
360 1288 461 1346 Saneti
480 1298 509 1345 et
529 1287 674 1358 Martyres
694 1287 835 1359 fecerunt,
851 1305 903 1344 cur
921 1289 1001 1345 solus
1021 1289 1097 1346 inter
1110 1306 1213 1345 omnes

104 1376 286 1433 illediatoris
298 1387 326 1434 et
339 1375 538 1447 Redemptoris
550 1374 672 1431 nomine
685 1374 857 1431 decoratur?
874 1392 926 1430 cur
938 1375 1019 1431 solus
1031 1373 1140 1432 dicitur
1149 1391 1214 1431 san-

104 1463 200 1534 guine
214 1480 268 1519 suo
282 1480 336 1520 nos
349 1461 520 1526 redemisse,
536 1459 565 1516 in
579 1477 611 1518 se
624 1470 746 1533 peccata
765 1471 863 1518 nostra
881 1462 991 1532 tulisse,
1007 1462 1111 1519 eadem
1126 1480 1214 1534 super

103 1548 225 1620 lignum
237 1551 331 1606 crucis
347 1549 489 1621 expiasse,
503 1566 604 1605 verum
624 1548 752 1620 pretium
771 1565 825 1619 pro
845 1547 930 1604 nobis
950 1548 1088 1606 solvisse?
1124 1549 1213 1607 Certe

104 1633 280 1704 Stephanus
298 1651 353 1705 pro
372 1631 612 1704 persecutoribus
631 1633 790 1695 oraverat¹,
808 1641 837 1688 et
857 1641 951 1688 morte
970 1633 1024 1688 sua
1043 1632 1210 1702 exemplum

105 1718 290 1777 fortitudinis
315 1719 447 1786 dederat,
471 1719 757 1789 conversionemque
786 1717 869 1773 Pauli
901 1717 1078 1775 obtinuerat.
1130 1719 1210 1775 Num

104 1810 223 1868 idcirco
235 1810 355 1867 sanetus
367 1819 477 1880 martyr
490 1808 598 1865 dicitur
618 1808 647 1864 in
667 1824 790 1878 corpore
803 1824 856 1863 suo
869 1807 970 1864 tulisse
984 1807 1064 1864 Pauli
1079 1818 1208 1879 peccata,

103 1907 135 1954 et
155 1896 338 1968 Apostolum
359 1895 501 1953 Gentium
521 1895 662 1966 Stephani
684 1893 825 1951 livoribus
847 1893 937 1951 fuisse
961 1897 1114 1952 sanatum?
1151 1897 1212 1952 Hic

104 1983 195 2055 igitur
208 2001 328 2041 sensum
342 1981 499 2040 verborum
514 1982 665 2054 proprium
681 1980 869 2039 retinendum
883 1999 948 2039 esse
960 1982 1061 2040 omnia
1074 1983 1208 2041 suadent.

151 2115 220 2180 186.
267 2130 303 2179 20
330 2117 361 2178 T
358 2115 526 2178 reditione.
574 2115 632 2196 (A)
653 2116 709 2177 Ex
724 2116 891 2192 Patribus,
907 2119 963 2198 qui
980 2119 1101 2180 docent
1119 2119 1211 2182 Chri-

103 2228 197 2281 stum
211 2239 287 2281 vere
302 2228 336 2281 et
352 2219 484 2299 proprie
500 2238 560 2300 pro
577 2219 674 2280 nobis
690 2218 898 2281 satisfecisse.
938 2219 1105 2284 Audiatur
1115 2223 1211 2302 Poly-

103 2333 224 2402 carpus
235 2333 248 2363 ²
261 2346 272 2384 .·
288 2326 304 2352 “
315 2321 466 2385 Christus
477 2321 574 2402 jesus
589 2322 646 2401 qui
663 2321 798 2402 pertulit
815 2329 926 2382 nostra
939 2331 1076 2402 peccata
1092 2323 1125 2384 in
1142 2344 1211 2386 cor-

103 2444 187 2506 pore
204 2443 265 2485 suo
281 2444 379 2505 super
395 2423 532 2504 lignum,
545 2424 601 2504 qui
619 2433 792 2504 peccatum
810 2443 875 2485 non
894 2423 979 2499 fecit,
992 2436 1126 2507 propter
1142 2448 1211 2502 nos

104 2536 141 2589 ut
169 2528 322 2589 vivamus
348 2528 381 2588 in
409 2528 491 2608 ipso,
516 2527 630 2588 omnia
658 2528 815 2589 sustinuit
825 2527 849 2588 '’.
897 2528 982 2589 Item
1012 2528 1046 2591 S.
1070 2529 1213 2592 Ireneeus

103 2630 223 2692 scribit
239 2628 407 2692 Christum
426 2640 594 2702 mortuum
613 2629 712 2690 fuisse
729 2634 792 2690 “ut
808 2628 965 2690 exiliatus
987 2630 1088 2692 homo
1104 2634 1210 2694 exiret

103 2735 147 2794 de
164 2731 473 2795 condemnatione”
484 2743 506 2794 3
554 2731 709 2810 Origenes
725 2729 851 2810 (homil.
864 2747 905 2807 24
923 2732 953 2791 in
973 2731 1095 2813 Num.‚)
1112 2736 1209 2796 ratio-

104 2855 184 2897 nem
202 2834 343 2897 reddens
360 2855 417 2896 cur
434 2835 536 2897 Filius
554 2834 618 2895 Dei
635 2836 823 2896 incarnatus
848 2833 952 2908 luerit,
931 2837 1036 2897 atit:
1057 2837 1209 2900 “Verum

104 2939 266 3019 quoniam
281 2940 329 3001 int
316 2939 428 3001 troivit
441 2947 615 3019 peccatum
629 2939 661 2999 in
675 2937 763 2999 hunc
777 2937 937 2999 mundum
941 2942 1084 3020 ,peccati
1098 2952 1208 3004 autem

104 3041 288 3102 necessitas
303 3040 575 3122 propitiationem
593 3041 738 3119 requirit,
755 3050 787 3102 et
804 3041 996 3121 propitiatio
1013 3063 1077 3104 non
1096 3043 1132 3107 fit
1149 3045 1210 3106 nisi

104 3164 164 3225 per
188 3143 342 3220 hostiam,
360 3145 582 3206 necessarium
612 3143 673 3205 suit
695 3145 868 3224 providere
890 3144 1032 3208 hostiam
1057 3169 1116 3228 pro
1135 3169 1210 3229 pec·

104 3257 182 3309 cato
195 3247 218 3309 '’.
260 3248 351 3311 Inter
369 3248 508 3311 Latinos
527 3247 561 3309 S.
578 3246 760 3326 Cypre'amm
776 3248 832 3328 (de
851 3248 984 3330 Lapsis)
1000 3250 1070 3311 haec
1088 3252 1209 3313 habet:

104 3353 119 3379 “
132 3349 266 3410 veniam
279 3350 433 3430 peccatis,
446 3369 521 3429 quae
538 3351 570 3409 in
588 3350 696 3430 ipsum
710 3351 888 3411 commissa
902 3361 987 3426 sunt,
998 3352 1087 3412 solus
1100 3363 1210 3433 potest

105 3450 160 3512 ille
177 3450 297 3530 largiri,
309 3452 365 3531 qui
382 3462 520 3532 peccata
536 3462 650 3513 nostra
666 3455 820 3532 portavit,
832 3454 888 3532 qui
906 3474 966 3534 pro
983 3455 1079 3516 nobis
1095 3457 1210 3532 doluit,

104 3573 205 3633 quern
219 3554 311 3615 Deus
328 3555 466 3617 tradidit
482 3575 542 3635 pro
559 3555 704 3635 peccatis
722 3557 842 3617 nostris
856 3557 879 3617 ''.
928 3557 993 3620 Sed
1011 3558 1090 3638 quid
1107 3559 1209 3640 plura,

105 3676 209 3738 quum
225 3658 403 3719 adversarii
422 3657 515 3718 fateri
533 3666 696 3737 cogantur
715 3655 800 3718 hanc
822 3656 920 3719 fuisse
939 3661 1130 3723 unanimem
1149 3662 1209 3723 Pa-

104 3770 193 3823 trum
217 3761 428 3836 sententiam,
445 3771 481 3822 ut
505 3761 585 3822 dicit
610 3761 680 3840 ipse
707 3759 844 3823 Ceellz'ees
868 3762 900 3823 in
925 3763 1120 3842 praefatione
1145 3766 1208 3826 Re-

104 3865 294 3944 sponsionis
311 3865 353 3926 ad
371 3862 564 3927 Grotiumr?

506 3997 600 4004 ——

138 4046 224 4125 ΣΑίί.
241 4071 308 4138 vu,
325 4070 669 4141 59.--²A‹1Ple·l2p.‚8.
686 4103 720 4109 -
732 4077 742 4107 ³
756 4072 826 4124 Auv.
843 4073 952 4124 uaeres.
969 4075 986 4125 l.
1005 4074 1053 4140 iv,
1071 4090 1095 4127 c.
1112 4087 1136 4139 7.

136 4173 147 4204 ⁴
161 4159 278 4239 Patrum
290 4158 326 4211 de
338 4158 392 4211 hoc
405 4156 538 4224 dogmate
552 4155 719 4222 doetrinam,
734 4158 881 4226 variosque
900 4159 999 4211 modos
1019 4160 1119 4228 quibus
1133 4178 1208 4213 eam-

102 4245 171 4300 dem
183 4260 248 4299 cum
260 4244 368 4299 ratione
381 4245 531 4298 conciliare
550 4256 687 4301 conantur
700 4245 821 4298 dilucide
834 4257 976 4313 exponunt
993 4247 1145 4315 Oxealzam,
1158 4265 1204 4316 op.

221 4361 352 4411 Suuoesrs
365 4363 398 4410 11.
412 4389 440 4397 -
453 4379 481 4422 aa
