2684 4634
193 177 260 226 502
644 175 784 228 CAPUT
802 176 844 224 11.

236 373 303 440 147.
349 359 410 439 (B)
425 358 575 423 Christus
590 380 652 421 non
662 359 778 422 habuit
792 359 933 421 ve'rtntes-
945 367 1170 440 repugnantes
1186 353 1288 417 unioni

189 459 400 540 leypostntiece,
414 460 533 521 scilicet
542 460 656 540 fidem,
670 471 765 539 spem,
773 459 1000 540 penitentiam
1016 469 1048 521 et
1062 457 1286 521 continentiam

185 562 458 642 preprieditiam.
1000 563 1003 567 ’

193 665 241 743 (a)
259 664 410 727 Christus
427 685 492 726 non
509 664 627 727 habuit
644 664 743 728 fidem
761 667 892 747 proprie
913 664 1039 728 dietam
1061 689 1085 727 :1
1105 685 1189 726 nam
1217 663 1286 725 fides

192 777 342 829 versatur
356 768 442 829 circa
459 788 509 829 res
525 787 591 828 non
605 768 702 841 visaS,
714 788 774 829 nec
786 788 862 830 cum
872 769 1000 830 visione
1011 767 1175 830 beatifici
1187 765 1286 829 coexi-

192 880 279 933 stere
295 880 427 951 potest;
457 872 549 950 atqui
567 871 718 934 Christus
734 871 777 932 ab
793 872 888 933 initio
905 872 1060 933 intuitive
1078 871 1194 933 Deum
1209 870 1287 932 vide·

194 974 252 1036 bat
275 984 308 1035 et
331 995 447 1040 omncs
464 995 515 1036 res
535 976 691 1037 divinas:
721 995 800 1054 ergo
821 995 887 1036 non
904 975 1013 1055 potuit
1036 972 1287 1036 habere'fidem.

196 1080 326 1142 Habuit
338 1089 450 1142 tamen
464 1080 618 1142 meritum
630 1079 715 1155 fidei,
725 1091 890 1160 quatenus
900 1088 1035 1160 paratus
1045 1089 1119 1141 erat
1137 1078 1288 1141 assentire

194 1183 258 1244 illis
275 1184 381 1258 rebus,
397 1184 424 1244 si
440 1203 496 1244 eas
513 1203 579 1245 non
596 1183 733 1245 vidisset
749 1183 801 1262 (S.
823 1184 853 1245 Τ
850 1185 879 1247 le.
896 1203 926 1264 q.
943 1198 971 1261 7,
987 1203 1014 1244 a.
1033 1183 1076 1262 3).

197 1286 245 1368 (b)
262 1286 413 1349 Christus
439 1306 505 1347 non
537 1285 654 1347 habuit
681 1306 775 1366 spem
804 1287 936 1367 proprie
958 1283 1084 1347 diuam
1110 1309 1117 1348 :
1154 1305 1233 1347 nam
1254 1284 1289 1346 de

193 1390 337 1451 essentia
357 1390 427 1469 spei
454 1398 504 1450 est
528 1386 723 1469 exspedtare
747 1389 936 1451 fruitionem
954 1389 1018 1450 Dei
1042 1388 1199 1451 nondum
1224 1407 1290 1469 pos·
1331 1374 1333 1419 1

195 1491 275 1552 sessi
295 1514 301 1551 :
339 1490 432 1569 atqui
448 1488 599 1552 Christus
615 1488 658 1549 ab
674 1489 769 1550 initio
785 1488 994 1569 possessione
1016 1488 1082 1549 Dei
1107 1487 1291 1562 fruebatur;

195 1615 275 1676 ergo
291 1614 358 1654 non
379 1592 496 1653 habuit
512 1593 668 1653 virtutem
695 1591 774 1671 spei.
821 1591 985 1653 Attamen
1003 1591 1160 1654 Christus
1182 1590 1292 1652 habuit

193 1717 288 1777 spem
301 1696 479 1776 improprie
494 1693 628 1767 dietam,
638 1703 801 1773 quatenus
814 1692 951 1756 firmiter
965 1691 1193 1774 exspedmbat
1202 1694 1293 1775 glori·

196 1799 382 1861 ficationem
399 1798 522 1880 proprii
540 1798 686 1878 corporis
703 1797 754 1877 (S.
778 1797 808 1858 T
805 1797 833 1859 le.
850 1817 879 1876 q.
898 1813 926 1875 7,
942 1817 970 1859 a.
986 1796 1029 1876 4).

194 1901 245 1983 (c)
263 1903 388 1963 Pariter
404 1921 469 1961 non
486 1898 603 1960 habuit
618 1899 775 1961 virtutem
792 1901 999 1980 poenitentiae
1023 1902 1160 1982 proprie
1184 1899 1295 1976 ditia

198 2026 263 2066 non
281 2005 356 2066 talis
372 2005 476 2065 virtus
492 2013 542 2065 est
558 2001 653 2064 dolor
668 2001 710 2062 de
727 2003 860 2082 proprio
876 2012 1023 2083 peccato,
1044 2024 1121 2065 cum
1140 2006 1296 2067 emenda-

197 2109 297 2170 tionis
314 2117 393 2169 voto
411 2130 417 2167 ε
455 2106 546 2186 atqui
565 2104 715 2166 Christus
733 2124 798 2165 non
819 2115 951 2185 poterat
967 2107 1081 2168 dolere
1097 2108 1141 2169 de
1159 2109 1298 2190 propriis

198 2213 353 2294 peccatis,
370 2214 448 2290 quia
475 2207 701 2290 impeccabilis
726 2218 804 2269 erat.
852 2209 952 2289 Ergo.
998 2209 1165 2273 Attamen
1195 2213 1298 2293 poeni·

199 2317 312 2378 tentiae
329 2335 430 2394 opera
446 2314 514 2392 egit
531 2332 591 2392 pro
608 2311 754 2391 peccatis
779 2313 908 2385 nostris,
925 2321 1091 2391 quatenus
1109 2324 1186 2376 erat
1202 2324 1300 2395 caput

199 2429 348 2479 nostrum
366 2417 398 2475 in
423 2415 538 2476 ordine
556 2415 680 2489 morali,
697 2423 730 2474 et
753 2415 785 2474 in
810 2435 850 2475 eo
867 2415 928 2476 fuit
944 2401 1107 2496 quidquid
1124 2419 1170 2480 ad
1199 2417 1301 2500 perse-

197 2518 343 2580 dtioncm
361 2516 568 2597 poenitentia
585 2516 738 2594 pertinet,
751 2539 793 2579 sc.
810 2521 992 2581 detestatio
1008 2522 1147 2600 peccati.

199 2621 251 2704 (d)
264 2621 417 2684 Tandem
435 2639 501 2680 non
519 2619 580 2680 suit
594 2621 625 2679 in
645 2621 716 2700 ipso
732 2623 835 2683 virtus
860 2624 991 2703 proprie
1014 2620 1104 2685 ditia
1127 2627 1301 2687 continen-

200 2729 264 2800 tiae,
277 2727 334 2786 sed
348 2723 455 2785 solum
469 2721 711 2803 persectissima
723 2728 946 2806 temperantia
958 2738 992 2788 et
1003 2728 1180 2806 virginitas
1196 2753 1203 2790 :
1227 2749 1301 2790 nam

198 2828 406 2890 continentia
422 2826 595 2887 ordinatur
607 2829 648 2886 ad
668 2838 778 2889 motus
796 2830 1003 2890 inordinatos
1020 2832 1303 2910 concupiscentia:

201 2930 450 2992 resraenandos:
478 2929 569 3006 atqui
593 2929 675 2988 tales
698 2941 808 2991 motus
833 2930 1011 2992 inordinati
1029 2951 1095 2992 non
1118 2931 1256 2996 suerunt
1272 2934 1301 2993 in

200 3035 342 3097 Christo,
390 3033 480 3111 Ergo
496 3032 702 3093 continentia
719 3053 785 3094 non
804 3034 984 3114 indigebat.

247 3164 313 3236 148.
362 3170 396 3235 3⁰
415 3157 564 3220 Clenestns
578 3157 693 3217 hczbnit
707 3159 817 3218 artenia
832 3159 917 3219 dena
934 3158 1083 3237 Spiritus
1101 3159 1230 3223 Sanni.

245 3262 304 3342 (A)
323 3259 438 3338 Sere‘pt.
484 3259 595 3319 lsee'ns
611 3261 699 3321 enim
718 3280 876 3339 expresse
900 3262 1017 3322 asserit
1035 3261 1203 3341 Spiritum
1223 3263 1300 3326 San·

200 3363 292 3427 &um
307 3362 439 3422 Messiae
457 3382 514 3422 seu
533 3362 666 3423 Christo
683 3362 881 3424 collaturum
899 3383 971 3424 esse
988 3364 1102 3425 omnia
1119 3365 1178 3426 illa
1195 3366 1298 3426 dona:

199 3472 216 3498 ⁴‘
232 3466 429 3544 Requiescet
446 3484 544 3543 super
560 3485 636 3525 eum
653 3464 796 3545 Spiritus
811 3466 958 3541 Domini,
971 3467 1108 3546 spiritus
1126 3468 1297 3548 sapientia·

200 3579 235 3630 et
252 3564 447 3641 intellc&us‚
464 3568 599 3646 spiritus
617 3568 745 3629 consilii
762 3578 795 3629 et
812 3568 1025 3642 fortitudinis,
1042 3570 1182 3649 spiritus
1203 3573 1298 3633 scien·

201 3673 258 3733 tiae
275 3680 307 3731 et
325 3671 466 3750 pietatiS,
483 3680 516 3730 et
534 3670 674 3749 replebit
691 3690 766 3731 cum
784 3671 919 3750 spiritus
936 3671 1064 3732 timoris
1077 3672 1094 3697 ''
1109 3684 1131 3734 1.

240 3834 312 3895 ¹lsa,
326 3832 378 3894 Xl,
392 3848 415 3882 2.
456 3832 488 3882 ln
509 3842 584 3882 textu
603 3831 737 3883 hebraico
760 3848 808 3883 sex
831 3841 939 3884 tantum
962 3831 1038 3883 dona
1058 3840 1299 3892 connumerantur,

202 3921 254 3972 sed
276 3920 443 3971 vocabulum
463 3919 552 3970 ireatlz
572 3918 711 3984 Veledndlz,
729 3919 803 3986 quod
825 3920 912 3969 timer
932 3920 1052 3970 Domini
1071 3919 1213 3983 redditur,
1232 3919 1300 3988 plura

201 4007 350 4073 significat,
373 4023 410 4057 sc.
432 4022 488 4057 non
510 4006 601 4057 solum
627 4005 756 4058 timorem
781 4003 905 4071 Domini,
924 4004 975 4057 sed
994 4004 1081 4058 etiam
1104 4022 1225 4059 omnem
1243 4017 1300 4070 erga

205 4092 298 4142 Deum
317 4089 532 4155 observantiam,
550 4088 723 4156 religionem,
741 4089 890 4155 pietatem3
919 4085 1116 4154 complestitur
1133 4104 1205 4156 ergo
1224 4088 1300 4141 etiam

203 4178 315 4244 pietatis
330 4177 443 4242 donum,
457 4187 484 4227 ut
500 4175 665 4228 universalis
679 4175 730 4227 fert
745 4175 899 4227 christiana
913 4174 1035 4228 traditio
1077 4174 1121 4227 cf.
1136 4175 1301 4245 Vegouroux,

205 4267 283 4316 Man.
301 4265 370 4315 llibl.
386 4276 403 4315 t.
422 4265 460 4327 ll,
475 4281 500 4315 n.
515 4277 577 4331 934;
597 4259 810 4327 lr'ezabenleoner,
828 4263 855 4313 in
872 4261 985 4327 lsaiam,
999 4260 1027 4312 in
1040 4261 1067 4313 h.
1079 4260 1132 4315 loe
