2684 4634
267 176 324 226 DE
342 176 599 227 EXISTENTIA
616 178 759 228 TRIUM
779 179 1086 230 PERSONARUM.
1164 179 1224 231 187

1095 293 1218 300 ⁴.---—-.

167 373 193 418 1.
242 366 750 434 Adumbratumetindigitatuminv.
765 369 844 420 Test.
894 360 986 421 Deus
1003 359 1128 440 Judaeis
1153 379 1223 439 my·

119 459 262 521 sterium
281 459 340 523 SS.
357 459 531 522 Trinitatis
554 480 712 540 expresse
727 462 920 542 ¹proponere
944 460 1059 537 noluit,
1076 482 1117 522 ne
1141 460 1224 523 forte

120 571 286 642 putarent
299 563 342 624 ibi
359 571 424 624 tres
438 563 522 624 >deos
538 563 678 644 proponi
693 563 870 626 colendos:
897 563 1033 627 historia
1045 565 1133 626 enim
1147 584 1223 625 con-

120 674 188 728 stat
205 667 274 740 eos
290 675 425 746 propter
441 666 593 728 nationes
617 686 764 748 paganas
785 668 904 748 quibus
925 667 1223 741 circumdabantur,

121 770 162 831 ad
190 769 454 851 polytheismum
478 771 626 833 maxime
649 792 770 852 pronos
796 772 910 852 luisse;
933 775 1000 848 sed,
1024 783 1095 835 tum
1119 771 1224 833 verbis

122 882 193 935 tum
212 873 422 952 theophanius,
432 873 578 954 aliquam
589 893 661 934 esse
670 873 893 953 pluralitatem
905 875 937 935 in
948 875 1068 936 divinis
1079 875 1221 955 primum

122 975 325 1055 indigitavit,
340 984 522 1056 posteaque
540 975 645 1056 magis
662 975 805 1036 dilucide
820 977 990 1038 secuudum
1011 975 1129 1037 'saltem
1151 975 1222 1036 esse

122 1098 302 1156 personam
326 1079 359 1139 in
384 1079 458 1140 Deo
481 1099 553 1139 esse
572 1078 736 1158 gradatim
762 1077 994 1154 manifestavit,
1018 1088 1055 1140 ut
1088 1079 1134 1139 ita
1169 1078 1222 1138 via
1302 1115 1307 1119 -

123 1190 298 1258 pararetur
312 1182 419 1261 plenae
435 1180 532 1260 hujus
549 1180 696 1261 mysterii
712 1179 912 1242 revelationi.
946 1208 949 1211 ¹
1188 1186 1190 1192 '

164 1317 215 1380 30.
265 1297 329 1385 (A)
349 1302 386 1369 ln
406 1300 571 1363 nonnullis
588 1301 628 1363 V.
641 1300 730 1361 Test.
743 1290 823 1361 locis
835 1302 989 1381 quaedam
998 1300 1220 1381 pluralitusin

123 1403 200 1465 Deo
218 1405 411 1467 insinuatur.
458 1403 746 1466 Praetermittimus
759 1423 798 1464 ea
810 1424 884 1484 quae
895 1397 1044 1470 nonnulli
1056 1407 1170 1468 Patres
1179 1405 1222 1466 de

121 1508 241 1586 primis
259 1507 426 1569 versiculis
451 1507 591 1570 Genesis
614 1516 864 1587 exposuerunt:
887 1508 1042 1570 dicebant
1057 1509 1220 1588 siquidem

122 1609 158 1670 iu
167 1609 333 1689 principio
349 1610 437 1672 idem
461 1593 579 1672 sonare
600 1629 638 1670 ac
659 1609 692 1670 iu
713 1609 808 1685 Filia,
824 1619 857 1672 et
873 1610 1071 1672 vocabulum
1087 1611 1219 1690 spz'ru'tur

121 1711 191 1773 Dei
204 1713 248 1773 de
264 1715 360 1775 tertia
376 1713 437 1778 SS.
454 1713 625 1775 Trinitatis
641 1718 782 1794 persona
799 1712 1039 1801 intelligebant;
1057 1715 1120 1776 sed
1132 1711 1219 1794 apud

122 1813 248 1895 linguae
265 1815 427 1879 hebraicae
443 1816 576 1898 peritos,
592 1815 663 1876 haec
680 1816 848 1896 expositio
867 1814 937 1896 jam
954 1826 1004 1878 est
1020 1817 1193 1896 antiquata
1201 1828 1220 1878 1.

121 1918 245 1997 Neque
261 1938 305 1980 ex
322 1919 438 2000 plurali
455 1921 561 1981 forma
576 1918 707 1980 Elolu'm
724 1917 850 2000 aliquid
867 1921 947 1982 certi
959 1922 1078 1983 deduci
1089 1929 1219 2002 potest:

121 2021 233 2101 Judaei
249 2022 388 2085 enimet
400 2023 551 2104 plerique
568 2023 762 2104 interpretes
777 2009 893 2087 dicunt
916 2023 1042 2105 plurale
1064 2024 1126 2087 hoc
1150 2045 1221 2086 esse

121 2123 379 2202 majestaticum,
398 2125 548 2187 indicans
565 2126 597 2187 in
614 2125 735 2188 divinae
751 2127 903 2188 essentiae
920 2128 1047 2189 unitate
1063 2127 1219 2209 multipli-

114 2239 196 2287 'cem
214 2247 286 2288 esse
301 2229 482 2291 virtutem2.
529 2228 615 2290 Aliis
631 2237 743 2290 tamen
762 2229 794 2290 in
810 2229 890 2291 locis
906 2229 977 2292 haec
989 2230 1160 2313 pluralitas
1173 2232 1219 2293 in·

119 2329 291 2408 digitatur.

171 2466 221 2529 31.
267 2451 316 2532 (a)
332 2452 433 2528 Deus,
449 2463 628 2534 antequam
653 2451 823 2513 hominem
847 2462 980 2528 crearet,
1002 2453 1106 2516 dixit:
1130 2455 1219 2515 “Fa-
1298 2441 1301 2445 ’

119 2553 248 2615 ciamus
263 2554 432 2617 hominem
448 2557 490 2618 ad
507 2556 684 2635 imaginem
701 2564 735 2616 ct
750 2555 1001 2617 similitudinem
1018 2559 1219 2629 nummu,-

120 2657 215 2732 item,
229 2659 365 2737 quando
378 2658 447 2738 jarn
464 2660 496 2721 in
513 2680 553 2721 eo
569 2668 639 2721 erat
655 2669 692 2721 ut
707 2651 1159 2741 expelleret'protoparentes
1175 2683 1218 2723 ex

120 2760 289 2840 paradiso,
304 2761 368 2824 ait:
394 2768 410 2793 “
422 2762 509 2824 Ecce
526 2763 638 2825 Adam
654 2764 748 2843 quasi
765 2784 849 2825 uuus
863 2785 902 2824 eu
915 2763 1058 2837 nostru,-
1083 2765 1218 2826 tandem

119 2872 200 2943 post
216 2863 470 2926 aedificationem
487 2867 583 2928 turris
601 2865 712 2939 Babel,
723 2866 815 2928 Deus
828 2866 874 2928 ita
886 2865 1051 2946 loquitur;
1075 2870 1090 2897 “
1112 2866 1220 2930 Venite

120 2967 232 3047 igitur,
248 2965 472 3029 descendamus
495 2978 529 3030 et
552 2968 795 3045 confundamus
816 2968 860 3029 ibi
885 2967 1032 3048 linguam
1056 2971 1217 3033 eorum”5.

121 3070 241 3152 Atqui,
257 3070 332 3133 licet
347 3068 460 3133 stritte
476 3071 651 3153 loquendo,
661 3071 741 3133 illud
754 3070 881 3151 plurale
894 3072 925 3132 in
939 3065 1051 3152 lingua
1066 3071 1219 3135 hebraica

121 3173 272 3238 adhiberi
288 3173 393 3254 possit
408 3175 451 3235 ab
475 3175 571 3235 unica
594 3175 745 3255 persona,
761 3172 813 3234 vel
837 3172 1021 3253 majestatis
1044 3180 1151 3249 causa,
1167 3176 1217 3237 vel

121 3277 162 3360 ad
182 3275 408 3337 intensitatem
425 3276 689 3356 exprimendam,
706 3274 823 3337 melius
846 3284 958 3358 tamen
983 3275 1169 3357 explicatur
1191 3279 1217 3338 si

120 3382 162 3442 de
179 3377 269 3442 lacto
285 3380 503 3447 admittantur
517 3378 626 3460 plures
642 3380 675 3440 in
694 3379 767 3440 Deo
788 3400 939 3460 personae
959 3382 1141 3462 praesertim
1161 3383 1217 3444 ubi

119 3482 243 3544 dicitur
266 3503 351 3544 uuus
373 3503 413 3543 ex
434 3481 542 3555 uobis,·
569 3502 681 3544 revera
702 3481 854 3562 plerique
877 3484 990 3544 Patres
1013 3484 1058 3546 ita
1079 3483 1218 3564 praelata

119 3585 222 3649 verba
232 3585 479 3662 intellexerunt3
496 3585 542 3648 ait
552 3585 639 3646 enim
648 3585 837 3660 Faustinus,
846 3586 1018 3667 presbyter
1030 3588 1216 3651 Romanus:

119 3689 226 3750 “Non
242 3697 291 3750 est
306 3689 402 3751 unius
418 3708 568 3770 personae
584 3688 866 3766 dicere—fucramus
876 3689 918 3750 ad
932 3686 1110 3769 imaginem
1127 3699 1160 3752 et
1176 3692 1216 3752 si-

119 3791 343 3855 militudinem
357 3801 512 3868 nostram,
523 3792 580 3853 sed
595 3812 701 3873 neque
711 3792 849 3853 diversae
860 3792 1007 3854 deitatis
1048 3793 1135 3854 Nam
1147 3792 1216 3874 plu-

117 3898 234 3960 ralitas
250 3895 367 3958 horum
384 3894 567 3970 verborum,
584 3896 601 3957 i.
618 3895 820 3974 esuriamus
836 3904 868 3957 et
885 3905 1038 3970 rrustraru,
1055 3897 1161 3958 Patris
1184 3907 1217 3958 et

118 3997 545 4081 Filiipersonassignificat.
591 3996 691 4079 Quod
702 4006 813 4060 autem
825 3998 1033 4078 singulariter
1044 3998 1216 4079 r'ruagiueur

151 4213 220 4267 ¹Cs.
239 4212 352 4276 Corluy,
365 4209 556 4278 Spicilegium,
581 4211 602 4276 l,
622 4227 647 4278 p.
671 4210 726 4278 165.
743 4240 776 4246 —
790 4211 799 4233 ²
813 4209 854 4262 Cf.
874 4209 985 4277 Corluy,
999 4212 1039 4275 up.
1054 4210 1097 4259 cit.
1113 4224 1138 4275 p.
1159 4209 1214 4275 167.

114 4333 151 4340 —
163 4297 175 4329 ³
188 4301 258 4354 Gen.
276 4300 298 4365 1,
312 4299 354 4352 26.
369 4328 404 4336 -
416 4296 426 4326 ⁴
440 4299 505 4351 Gen.
523 4298 577 4364 ΙΙΙ,
591 4313 632 4350 22.
647 4300 700 4335 —⁵
716 4299 781 4350 Gen.
799 4297 849 4363 Xl,
869 4311 891 4360 7.
