2684 4634
179 210 242 262 DE
256 209 562 264 consuamus
578 209 824 274 UTRIUSQUE
842 211 1062 260 MYSTERII.
1106 211 1173 262 579

113 388 183 478 (A)
206 394 412 456 Aulioritate
430 393 603 466 Eccum·
629 393 678 474 (a)
703 394 790 456 Pius
821 393 872 457 VI
890 393 1063 456 damnavit
1086 393 1174 453 hanc

65 497 191 580 synodi
209 496 417 560 Pistoriensis
432 497 694 578 propositionem
710 521 716 559 :
738 502 754 529 “
764 495 1008 577 doctrinaquae
1021 496 1172 558 devotio-

66 618 147 662 nem
165 619 244 680 erga
260 599 320 664 SS.
338 598 404 663 Cor
417 600 497 680 Jesu
518 599 624 680 rejicit
642 600 733 662 'inter
755 600 958 674 devotiones,
974 620 1056 680 quas
1077 607 1173 661 notat

65 700 247 782 (synodus)
274 702 366 765 velut
396 722 508 778 novas,
533 723 695 777 erroneas,
727 712 785 765 aut
814 703 933 765 saltem
964 701 1174 783 perIculosas,

67 801 242 866 intelledta
257 806 299 867 de
316 805 379 867 hate
403 805 590 880 devotione,
605 805 712 886 qualis
731 814 781 868 est
802 806 845 868 ab
867 805 1063 886 Apostolica
1085 803 1174 868 Sede

68 906 234 988 probata;
258 906 349 983 falsa,
364 908 547 982 temeraria,
563 907 755 988 perniciosa,
771 908 900 989 piarum
921 907 1050 970 aurium
1069 905 1171 968 offen·

67 1008 152 1085 siva,
164 1010 196 1071 In
211 1009 442 1092 Apostolicam
457 1009 577 1074 Sedem
595 1010 752 1090 injuriosa
764 1012 787 1074 ”.
834 1012 962 1086 Postea,
974 1011 1007 1072 in
1020 1010 1171 1090 sequenti

69 1112 300 1193 propositione
310 1113 458 1194 explicat
470 1132 536 1193 quo
548 1132 645 1174 sensu
656 1113 728 1175 haec
737 1113 872 1175 devotio
881 1135 901 1176 a
912 1113 944 1177 S.
956 1113 1043 1177 Sede
1053 1107 1172 1194 appro-

69 1213 152 1276 bata
168 1213 275 1290 fuerit,
285 1225 450 1297 quatenus
466 1214 619 1277 videlicet
636 1214 694 1279 SS.
709 1216 775 1279 Cor
790 1217 946 1279 adoratur
962 1222 1025 1277 “ut
1040 1225 1091 1277 est
1107 1215 1175 1278 Cor

70 1316 162 1397 Jesu,
177 1336 235 1378 cor
252 1337 372 1399 nempe
392 1337 543 1398 personae
559 1319 671 1393 Verbi,
687 1321 739 1382 cui
758 1320 1020 1402 inseparabiliter
1041 1319 1171 1382 unitum

71 1420 147 1483 est''
162 1420 337 1503 (Denzing.
357 1421 468 1502 1425);
487 1442 565 1503 ergo
586 1423 642 1484 illa
662 1423 797 1485 devotio
815 1422 875 1484 nec
899 1442 994 1496 nova,
1010 1443 1070 1484 nec
1086 1442 1170 1483 erro·

72 1543 146 1598 nea,
166 1544 275 1604 neque
295 1525 479 1606 periculosa
501 1527 626 1588 censeri
648 1535 766 1607 potest.
814 1521 868 1609 (b)
892 1525 947 1586 Ex
972 1525 1175 1587 institutione

64 1625 151 1705 festi
164 1626 223 1691 SS.
237 1627 354 1692 Cordis
368 1628 458 1708 Jesu.
497 1630 643 1691 Primum
659 1628 794 1711 quidem
810 1647 967 1692 concessa
983 1648 1048 1689 non
1066 1628 1172 1690 suerat

73 1729 135 1793 sub
159 1729 342 1795 Benedit‘to
361 1731 452 1793 XIII
475 1732 640 1794 institutio
663 1732 749 1794 illius
774 1731 861 1807 festi,
886 1733 963 1811 quia
986 1731 1174 1812 postulator

68 1830 99 1914 J.
114 1832 157 1895 de
173 1832 316 1914 Galiffet,
332 1834 536 1897 innitebatur
550 1836 653 1898 dubio
672 1835 843 1917 principi0,
858 1856 915 1897 cor
929 1835 1055 1897 scilicet
1077 1855 1171 1915 orga-

73 1953 153 1997 num
170 1955 228 1996 seu
244 1936 358 1998 sedem
375 1937 496 1998 amoris
512 1957 592 2012 esse,
609 1947 646 2000 ut
662 1939 760 2000 refert
776 1939 846 2019 ipse
862 1938 1054 1998 Benedilius
1068 1937 1129 1999 XI
1136 1936 1173 2013 V,

72 2039 126 2119 qui
150 2047 231 2100 tunc
252 2041 411 2121 temporis
432 2049 503 2102 erat
524 2040 698 2103 Promotor
709 2042 815 2124 fidei:
838 2041 994 2103 “Addidi
1018 2050 1172 2103 oretenus

10 2202 12 2211 ,
70 2141 173 2205 statui
191 2149 350 2222 tanquam
368 2151 494 2204 certum
511 2163 530 2204 a
547 2143 811 2206 Postulatoribus
834 2164 942 2205 causae
960 2143 1025 2206 Cor
1039 2164 1120 2220 esse,
1135 2154 1173 2207 ut

10 2250 14 2287 '²
67 2253 204 2320 vocant,
219 2246 495 2328 comprincipium
511 2246 667 2308 sensibile
684 2247 834 2308 omnium
853 2247 1012 2308 virtutum
1036 2256 1069 2308 et
1093 2246 1171 2308 affe-

10 2344 14 2349 ’
64 2345 232 2424 t'tionum,
243 2349 404 2429 quasique
415 2359 566 2410 centrum
578 2349 788 2430 voluptatum
805 2357 838 2411 et
854 2349 1005 2411 dolorum
1022 2350 1171 2412 omnium

63 2452 300 2530 Intemorum;
327 2451 385 2514 sed
409 2452 442 2514 id
466 2452 686 2532 quaestionem
710 2452 974 2534 phiIosophicam
999 2454 1174 2528 involvere,

62 2575 147 2621 curn
164 2557 364 2618 recentiores
378 2555 565 2638 philosophi
583 2576 739 2630 amorem,
755 2556 868 2618 odium
891 2565 923 2617 et
945 2556 1087 2637 reliquas
1103 2561 1173 2620 ani-

63 2658 113 2721 mi
131 2654 329 2720 affeciiones
345 2678 411 2720 non
428 2659 461 2720 in
478 2659 577 2720 corde
597 2667 756 2738 tanquam
777 2658 855 2719 sede
877 2662 945 2733 sut,
961 2661 1018 2721 sed
1036 2661 1068 2720 in
1085 2682 1172 2724 cere-

62 2762 130 2826 bro
146 2759 339 2826 collocent...
377 2761 631 2842 Quamobrem...
643 2771 827 2823 reverenter
839 2761 1001 2823 insinuavi
1018 2783 1083 2824 non
1101 2785 1172 2826 esse

65 2864 228 2948 petitioni
248 2865 473 2940 annuendum,
493 2865 619 2926 Innixae
640 2865 851 2944 potissimum
871 2866 1084 2944 antiquorum
1101 2868 1174 2948 phi·

66 2967 288 3049 losophorum
310 2968 485 3030 sententiae
507 2968 559 3030 cui
579 2968 777 3029 recentiores
798 2968 1040 3030 adversantur''
1053 2982 1072 3032 1.
1123 2973 1174 3033 Re

68 3081 186 3136 autem
199 3071 316 3133 melius
329 3073 492 3153 exposita,
505 3092 593 3133 anno
609 3072 699 3149 1765,
714 3069 857 3134 Clemens
868 3070 968 3132 XIII
976 3072 1039 3134 hoc
1052 3073 1172 3137 festum

68 3175 231 3239 celebrari
258 3176 431 3256 permisit;
465 3177 554 3238 idem
581 3175 702 3236 festum
728 3172 815 3233 Pius
837 3172 896 3233 IX
917 3173 959 3234 ad
986 3176 1172 3238 universam

10 3302 15 3325 ³
69 3279 228 3343 extendit
252 3279 436 3340 Ecclesiam
460 3280 524 3359 (ad.
545 3278 640 3358 1856)
661 3297 700 3338 ac
718 3277 862 3355 denique
883 3276 946 3338 Leo
963 3277 1068 3353 XIII,
1085 3281 1174 3340 orbis

10 3362 12 3391 ἶ
70 3381 238 3448 Catholici
252 3383 339 3445 votis
354 3383 595 3456 obsecundans,
605 3380 646 3442 ad
665 3380 763 3441 ritum
779 3380 919 3460 duplicis
932 3382 1047 3460 primae
1061 3381 1175 3444 classis

70 3486 187 3551 evexit
201 3483 324 3566 (1890).
370 3485 510 3566 Insuper
529 3485 584 3546 die
607 3501 647 3545 22
671 3482 796 3563 Aprilis
820 3486 909 3562 1875,
925 3484 1011 3544 Pius
1025 3484 1085 3545 IX
1099 3485 1176 3548 hor·

10 3578 13 3583 ¹
70 3598 161 3653 tatus
187 3588 294 3650 suerat
320 3607 436 3650 omnes
464 3587 627 3650 Catholici
654 3586 743 3647 orbis
771 3586 885 3648 fideles
914 3596 950 3648 ut
976 3588 1175 3668 semetipsos

71 3693 134 3759 SS.
149 3691 252 3756 Cordi
267 3693 346 3773 Jesu
363 3691 550 3772 specialiter
565 3699 803 3751 consecrarent.
851 3690 906 3750 Ex
927 3690 1047 3770 quibus
1066 3693 1176 3772 sequi·

70 3805 125 3859 tur
140 3792 327 3857 Ecclesiam
351 3814 417 3855 non
436 3792 538 3856 semel
554 3793 642 3854 hunc
658 3792 784 3855 cultum
801 3793 1058 3873 approbavisse;
1082 3795 1174 3874 atqui

71 3899 224 3963 Ecclesia
243 3897 423 3967 infallibilis
445 3907 495 3959 est
515 3899 547 3958 in
567 3897 664 3958 rebus
686 3898 845 3977 liturgicis
865 3895 977 3959 stricte
997 3919 1071 3960 cum
1092 3900 1175 3979 dog-

71 4010 163 4079 mate
178 4002 357 4079 connexis;
377 4021 464 4081 ergo
504 3999 728 4063 Confirmatur
743 4002 882 4082 insuper·
893 4022 935 4062 ex
954 4002 1095 4063 mirabili
1112 4003 1175 4065 diI·

10 4130 12 4179 ξ
71 4106 202 4171 fusione
216 4105 316 4186 hujus
332 4104 439 4167 cultus
457 4125 514 4185 per
529 4104 717 4166 universam
736 4104 930 4175 Ecclesiam,
947 4125 1021 4184 quae
1043 4107 1173 4166 nonnisi

103 4308 115 4343 ¹
128 4310 176 4365 De
189 4310 339 4365 Servorum
354 4307 408 4361 Dei
424 4306 536 4370 Beatif„
550 4308 566 4360 1.
584 4308 632 4372 lV,
647 4324 673 4374 p.
691 4321 715 4370 2,
729 4323 752 4358 c.
769 4321 811 4374 3¹·
