2684 4634
182 174 247 226 144
624 172 764 226 CAPUT
780 172 841 225 111.

181 362 241 420 sua
255 356 385 420 infinita
408 357 539 433 virtute,
555 356 737 419 innumeris
761 356 939 438 aequivalet
963 351 1280 432 distinctisaciibus

181 460 304 522 amoris
318 459 370 522 vel
394 460 471 536 odii,
488 459 722 522 misericordia
744 458 797 521 vel
817 458 957 540 justitiae
976 470 1041 525 etc.
1089 460 1280 526 Notandum

182 571 232 625 est
248 572 360 625 tamen
378 562 489 624 Deum
506 581 572 625 non
588 582 664 625 vere
679 563 892 639 commoveri,
907 559 1002 627 irasci
1018 563 1070 627 vel
1087 562 1222 642 tristari,
1230 565 1282 630 sed

182 665 290 728 solum
301 665 536 748 metaphorice,
546 673 710 747 quatenus
720 674 878 727 externos
888 664 1027 730 effectus
1039 667 1197 750 producit
1206 687 1283 750 quos

135 822 138 826 ,
184 769 216 829 in
232 767 423 831 hominibus
438 768 617 835 commotis
632 765 684 830 vel
701 766 792 829 iratis
808 767 953 831 invenire
968 778 1027 834 est
1076 769 1221 852 Insuper
1232 790 1284 834 vo·

183 871 294 933 luntas
305 870 418 933 divina
428 870 614 933 necessario
626 889 702 932 curn
715 889 776 931 suo
787 869 945 951 primario
956 868 1099 952 objecto,
1110 864 1129 936 i.
1139 891 1166 934 e
1176 892 1284 954 supre-

184 994 240 1036 mo
254 975 352 1051 bono,
368 974 591 1055 conjungitur,
606 974 654 1036 ita
668 981 706 1034 ut
730 971 762 1033 in
788 975 827 1035 ea
851 972 944 1036 nulla
966 975 1009 1038 sit
1033 974 1217 1056 inquisiti0‚
1231 960 1285 1038 sed

184 1076 376 1158 plenissima
386 1076 498 1139 sruitio
507 1077 586 1138 boni
597 1076 852 1138 convenientis1.
900 1078 1072 1161 Praecipua
1082 1087 1197 1142 autem
1207 1099 1285 1160 prae-

184 1179 335 1261 rogativa
351 1189 401 1242 est
417 1178 561 1244 libertas.
606 1178 765 1254 Libertas,
781 1177 823 1241 de
838 1183 905 1261 qua
925 1181 1045 1262 agitur,
1060 1189 1112 1244 est
1133 1181 1286 1244 immuni·

134 1285 136 1288 ’
184 1289 236 1342 tas
251 1300 271 1341 a
287 1281 484 1342 necessitate
500 1289 571 1342 tum
588 1284 728 1342 externa
745 1290 816 1343 tum
833 1281 971 1358 interna,
985 1291 1019 1346 et
1033 1281 1165 1347 definiri
1180 1293 1288 1366 potest

177 1391 321 1462 potestas
346 1383 433 1446 iuter
448 1383 551 1464 plura
575 1382 719 1463 elegendi.
766 1383 878 1448 Deum
902 1406 969 1449 non
993 1407 1065 1449 esse
1089 1387 1231 1451 liberum
1255 1388 1286 1449 in

185 1484 340 1565 operibus
355 1485 397 1547 ad
416 1485 502 1547 intra
518 1485 561 1546 ab
576 1485 732 1549 omnibus
755 1489 968 1554 conceditur:
992 1475 1182 1554 necessario
1202 1492 1288 1554 enim

185 1587 330 1670 seipsum
346 1588 418 1651 vult
434 1597 467 1651 et
483 1598 585 1665 amat,
601 1590 658 1652 sed
676 1589 708 1652 in
725 1589 872 1670 operibus
886 1589 935 1652 ad
945 1599 1037 1652 extra
1051 1599 1100 1652 est
1113 1611 1189 1654 verr
1202 1590 1288 1666 liber,

186 1690 271 1767 licet,
287 1712 329 1754 ex
345 1690 452 1767 dictis,
466 1692 590 1755 malum
607 1692 734 1754 morale
746 1692 854 1754 facere
866 1711 933 1753 non
946 1693 1062 1773 possit,
1071 1702 1209 1775 propter
1220 1713 1289 1776 per·

186 1791 363 1857 sectionem
379 1815 448 1857 suae
465 1804 600 1857 naturae.
648 1795 747 1856 Hanc
763 1794 951 1857 libertatem
965 1797 1129 1875 negarunt
1143 1795 1290 1858 Aboelar·

185 1897 248 1959 dus
262 1897 385 1979 (1116),
411 1897 573 1979 Wicleffus
590 1897 712 1979 (1375),
730 1896 887 1962 Calvinus
902 1895 1025 1978 (1536),
1037 1896 1094 1978 qui
1106 1897 1291 1961 docuerunt

187 2001 298 2062 Deum
321 2000 429 2063 facere
452 2021 519 2064 non
543 2021 641 2084 posse
664 2000 727 2062 nisi
751 2020 790 2062 ea
813 2019 888 2080 quae
912 1998 1006 2076 secit3
1032 1999 1239 2064 Leibuitzius
1259 2011 1292 2064 et

190 2091 379 2181 Optz'nristae,
395 2103 451 2182 qui
468 2103 713 2167 contenderunt
729 2105 840 2166 Deum
865 2123 938 2165 esse
961 2102 1102 2166 liberum
1126 2124 1169 2167 eo
1194 2125 1291 2169 sensu

187 2205 276 2283 quod
300 2205 405 2285 possit
428 2225 539 2267 creare
561 2205 613 2268 vel
637 2226 714 2282 non,
730 2206 799 2281 sed,
821 2206 933 2287 posito
956 2207 1046 2287 quod
1070 2226 1182 2271 creare
1204 2207 1293 2286 velit,

187 2307 352 2386 optimum
379 2306 497 2369 elicere
523 2309 648 2385 teneri;
674 2309 859 2390 praesertim
887 2329 965 2372 vero
991 2294 1231 2388 Ralz'ouulzstoe,
1258 2321 1294 2375 ut

191 2408 317 2483 Cousr‘n,
335 2409 469 2485 Sarss'et,
485 2411 540 2491 qui
557 2420 673 2473 tenent
689 2412 890 2474 creationem
907 2431 979 2473 esse
995 2413 1245 2476 necessariam2.

230 2595 298 2646 101.
344 2590 371 2640 1⁰
388 2585 506 2642 Thau:
538 2584 638 2647 Deus
654 2583 742 2646 iiber
757 2588 814 2647 est
829 2583 865 2646 in
880 2582 1048 2648 omnibus
1062 2560 1235 2662 operibus
1244 2584 1295 2650 ad

189 2689 302 2748 extra.
348 2680 400 2742 De
414 2680 486 2762 fide
506 2691 561 2757 est,
587 2683 697 2762 quoad
722 2679 936 2753 creationem,
952 2698 996 2740 ex
1022 2678 1203 2743 Vaticano:
1230 2679 1294 2746 “Si

189 2784 316 2863 quis...
340 2784 451 2846 Deum
479 2785 603 2848 dixerit
627 2805 694 2847 non
719 2783 893 2846 voluntate
913 2781 957 2843 ab
980 2781 1072 2843 omni
1097 2783 1296 2847 necessitate

190 2886 300 2963 libera,
322 2888 380 2950 sed
404 2897 473 2951 tam
499 2889 685 2951 necessario
708 2905 845 2961 creasse,
869 2903 970 2964 quam
994 2875 1181 2966 necessario
1204 2895 1296 2948 amat

190 2990 344 3070 seipsum,
360 2990 401 3050 A.
421 2991 470 3053 S.”

240 3087 299 3168 (A)
328 3089 443 3167 Scrr'pt.
472 3090 522 3170 (a)
550 3091 609 3151 De'
628 3089 782 3172 operibus
809 3091 898 3152 enim
923 3088 1131 3151 naturalibus
1153 3090 1296 3154 dicitur:

190 3188 342 3252 “Omnia
357 3211 576 3272 quaecumque
592 3193 697 3256 uoluit
714 3182 881 3256 Dominus
897 3191 976 3255 fecit
993 3192 1025 3253 in
1042 3191 1138 3269 coelo,
1151 3193 1184 3255 in
1201 3198 1297 3268 terra,

191 3289 323 3350 inmari
341 3291 424 3352 etin
441 3292 596 3353 omnibus
613 3293 789 3374 abyssiss...
834 3295 943 3376 Juxta
964 3292 1175 3357 voluntatem
1198 3316 1295 3360 suant

192 3392 279 3465 facit,
294 3401 364 3454 tam
381 3393 414 3454 in
430 3393 608 3456 virtutibus
625 3395 700 3457 coeli
717 3416 817 3475 quam
835 3397 868 3458 in
884 3396 1129 3459 habitatoribus
1146 3386 1297 3461 terrae''4.

192 3494 243 3576 (b)
260 3495 354 3556 idern
376 3497 418 3557 de
442 3497 598 3577 operibus
621 3499 927 3579 supernaturalibus
950 3498 1158 3563 declaratur:
1184 3501 1299 3564 “Haec

192 3597 305 3658 omnia
321 3607 477 3678 operatur
493 3619 579 3661 unus
596 3609 697 3681 atque
713 3602 803 3663 idem
821 3603 966 3683 Spiritus
981 3603 1136 3666 dividens
1159 3604 1299 3686 singulis

193 3709 291 3781 prout
308 3702 444 3765 vult''⁵...
474 3701 643 3783 Operatur
658 3706 772 3766 omnia
788 3706 972 3768 secundum
989 3704 1167 3768 consilium
1182 3707 1300 3770 volun-

172 3803 271 3866 'tatis
288 3803 418 3867 suae”⁶:
442 3825 541 3885 porro
565 3793 653 3885 duod
679 3828 855 3889 operamur
878 3829 932 3869 ex⁴
946 3808 1087 3872 consilio
1108 3810 1301 3889 voluntatis,

228 4011 405 4077 ¹Dupeyrut,
425 4006 600 4074 Mandudiio,
614 4008 781 4076 Theologia,
797 4025 824 4076 p.
841 4009 880 4076 11,
897 4025 920 4060 c.
940 4009 978 4075 11,
991 4025 1015 4062 a.
1030 4007 1055 4062 6.
1307 4071 1312 4105 1

227 4107 237 4128 2
255 4095 370 4161 “Deus,
385 4095 408 4148 si
427 4112 514 4159 causa
533 4105 584 4162 est,
602 4112 698 4149 creare
716 4105 818 4163 potest,
832 4106 860 4150 et
879 4095 902 4148 si
921 4112 1008 4149 causa
1019 4097 1158 4168 'absoluta
1175 4106 1229 4164 est,
1244 4113 1303 4150 non

181 4193 281 4251 potest
291 4200 350 4236 non
365 4182 488 4239 creare.'’
525 4180 654 4254 (Causin,
669 4182 777 4238 introd.
790 4183 809 4236 a
820 4181 916 4237 i'Hist.
930 4182 1007 4237 dela
1021 4181 1125 4239 Philos.
1139 4183 1189 4254 lep
1206 4182 1243 4253 5.)

205 4272 271 4325 Ἦ.
286 4273 459 4347 CXXXIV,
468 4274 648 4333 6.·-⁴Dan.
659 4272 714 4344 W,
728 4284 772 4343 3²·
781 4262 834 4311 -⁵
845 4271 861 4327 Ι
869 4265 1112 4363 Commune*
1122 4270 1302 4337 prchax.
