2684 4634
196 171 239 222 58
647 171 785 222 CAPUT
803 172 844 220 11.

195 349 337 412 rantiam
361 350 448 411 circa
471 350 663 431 religionem
690 350 831 412 libenter
851 359 1045 431 agnoscunt,
1061 348 1284 411 necessitatem

195 453 330 533 alicujus
346 452 554 517 authoritatis
571 455 728 531 sentiunt,
745 456 882 536 ideoque
898 463 1033 535 paratos
1048 473 1121 515 sese
1133 451 1286 515 exhibent
1330 474 1336 479 ·

194 577 234 618 ea
248 557 362 620 omnia
378 559 511 620 credere
527 579 601 638 quae
615 559 722 620 aviris
735 560 887 640 gravibus
898 558 1113 638 honestisque
1124 558 1212 619 serio
1222 575 1287 637 pro

194 667 380 736 ponuntur;
405 657 539 739 insuper
555 659 610 738 qui
627 658 833 739 baptismum
850 666 1076 738 susceperunt,
1092 655 1220 718 habent
1238 655 1288 716 ha·
1332 706 1336 737 ,

194 758 300 822 bitum
325 760 469 823 infusum
494 760 580 836 fidei,
603 781 641 822 ac
664 759 811 824 adtuales
834 761 958 842 gratias
981 761 1155 841 recipiunt,
1176 759 1289 840 quibus

107 914 110 921 .
194 863 321 926 facilius
337 865 470 927 credere
486 874 643 947 possunt;
667 866 734 927 imo
746 866 847 928 etiam
865 886 929 928 non
947 865 1108 946 baptizati
1120 864 1173 926 his
1182 863 1289 944 gratiis

195 987 261 1028 non
278 979 399 1034 carent.

237 1071 297 1153 (B)
316 1073 379 1134 His
395 1072 521 1153 positiS,
537 1073 583 1134 illi
599 1073 690 1154 pueri
713 1081 747 1134 et
771 1073 867 1134 rudes
891 1072 1035 1152 primum
1060 1071 1126 1132 Dei
1149 1071 1290 1133 existen·

194 1174 273 1236 tiam
290 1184 323 1236 et
338 1175 410 1254 ejus
426 1173 606 1255 perfeetum
622 1175 835 1238 veracitatem
853 1195 1052 1256 cognoscere
1067 1183 1220 1256 possunt,
1228 1175 1290 1236 sive

194 1277 368 1338 ratiocinio
380 1296 492 1339 eorum
506 1277 687 1340 intelleetui
700 1279 964 1354 accommodato
974 1279 1042 1340 sive
1052 1277 1172 1339 saltem
1183 1273 1290 1338 aucto·

195 1377 293 1439 ritate
309 1388 484 1458 parentum
501 1378 552 1440 vel
569 1379 712 1458 parochi.

239 1481 293 1560 (C)
314 1482 461 1562 Insuper,
478 1501 542 1562 ope
563 1480 713 1563 ejusdem
734 1484 868 1566 parochi
890 1484 941 1547 vel
961 1493 1148 1566 parentum,
1163 1483 1290 1545 discunt

195 1582 311 1645 adesse
329 1584 517 1646 Societatem
535 1584 730 1665 religiosam,
752 1587 784 1647 in
810 1596 883 1649 toto
907 1586 986 1649 orbe
1010 1587 1207 1667 dispersam,
1223 1606 1291 1667 quae

195 1688 345 1750 Ecclesia
360 1687 523 1750 catholica
538 1698 684 1765 vocatur,
700 1699 733 1752 et
749 1691 848 1753 docet
864 1711 980 1753 omnes
995 1691 1152 1753 veritates
1168 1689 1291 1770 religio·

196 1811 249 1853 sas
266 1791 349 1853 scitu
366 1790 573 1853 necessarias
621 1791 733 1872 Hujus
750 1791 984 1856 authoritatem
1000 1792 1097 1855 facile
1112 1793 1292 1854 admittunt

195 1893 381 1975 simplices:
408 1914 485 1956 nam
502 1914 546 1956 ex
563 1898 630 1955 una
651 1903 744 1974 parte
763 1896 957 1959 naturaliter
978 1904 1055 1958 sunt
1075 1896 1227 1958 veritatis
1249 1896 1291 1957 di-

194 1997 327 2059 scendae
343 1998 465 2078 cupidi,
481 2007 514 2059 et
530 2017 573 2059 ex
600 1998 703 2060 alteret
728 2021 822 2062 suam
849 2000 1071 2080 ignorantiam
1094 2008 1292 2080 agnoscunt;

195 2099 316 2161 sufficit
332 2100 432 2180 igitur
447 2108 484 2161 ut
501 2101 580 2180 ipsis
596 2102 794 2164 ostendatur
811 2103 997 2166 Ecclesiam
1022 2101 1170 2164 nzaximd
1191 2104 1292 2164 aulie-
1334 2090 1336 2161 l

195 2203 293 2264 ritate
303 2203 426 2289 pollere
436 2211 507 2264 turn
519 2213 654 2284 propter
664 2223 848 2281 numerum,
858 2206 1030 2268 scientiam
1040 2214 1074 2268 et
1083 2203 1293 2267 sandtitatem

196 2306 421 2368 membrorum
438 2326 582 2381 suorum,
599 2316 669 2368 tum
687 2318 823 2390 propter
839 2307 1074 2370 inexhaustam
1093 2308 1125 2368 in
1142 2307 1294 2370 omnibus

195 2410 291 2471 bonis
307 2408 556 2483 secunditatem,
573 2420 647 2491 etc.;
671 2410 746 2474 huic
763 2412 861 2493 plane
877 2410 978 2474 fidere
995 2431 1060 2472 non
1078 2410 1287 2473 dubitabunt

239 2513 301 2595 (D)
318 2513 477 2576 Admissi
493 2511 691 2576 authoritate
707 2524 743 2576 ut
760 2515 805 2577 ita
828 2514 937 2576 dicam
960 2511 1105 2575 lturnancl
1129 2512 1296 2586 Ecclesiae,

195 2614 290 2677 facile
303 2617 344 2677 ad
358 2616 429 2696 ejus
441 2616 591 2678 divinam
604 2627 635 2679 et
645 2617 849 2696 infallibilem
863 2616 1095 2680 auetoritatem
1106 2617 1296 2693 devenient;

196 2721 252 2784 illa
267 2722 432 2802 siquidem
450 2722 610 2799 Ecclesia,
627 2743 702 2802 quae
718 2720 864 2783 humane
880 2720 1048 2801 loquendo
1069 2723 1164 2782 tantb
1184 2718 1296 2783 aueto-

195 2826 292 2887 ritate
308 2826 442 2906 gaudet,
459 2836 599 2889 testatur
615 2847 649 2887 se
666 2823 835 2905 accepisse
850 2845 870 2885 a
887 2825 961 2885 Deo
978 2823 1187 2885 infallibilem
1205 2834 1297 2905 pote-

195 2938 317 2992 statem
334 2929 475 2992 docendi
493 2929 655 3010 quidquid
673 2929 714 2990 ad
732 2928 924 3009 religionem
938 2927 1097 3008 pertinet;
1120 2947 1226 3008 quum
1240 2928 1296 3010 igi-

196 3042 248 3094 tur
264 3033 307 3094 sit
323 3034 417 3094 testis
433 3033 524 3094 omni
538 3033 738 3113 exceptione
751 3030 865 3112 major,
876 3042 910 3094 et
922 3031 1056 3094 aliunde
1068 3031 1297 3094 testimonium

195 3136 349 3217 operibus
366 3137 433 3197 suis
449 3135 632 3213 confirmet,
650 3136 747 3197 rudes
762 3134 833 3216 ejus
849 3134 970 3197 divinae
983 3132 1174 3197 austoritati
1186 3155 1298 3197 assen-

196 3239 256 3300 tire
283 3238 525 3301 rationabiliter
551 3247 700 3320 possunt,
729 3239 935 3319 proindeque
959 3238 1140 3318 prudenter
1165 3239 1299 3301 credere

195 3340 357 3421 quidquid
374 3339 500 3416 definit,
516 3351 653 3422 propter
669 3338 902 3403 auetoritatem
921 3340 984 3401 Dei
1000 3339 1188 3415 revelantis,
1205 3339 1298 3421 cujus

196 3445 356 3525 interpres
373 3445 557 3507 constituta
572 3445 656 3507 suita

229 3659 238 3689 1
253 3648 317 3699 Hoc
330 3663 398 3700 sane
411 3645 546 3700 intellexit
557 3646 690 3714 Mullecle,
703 3643 886 3710 rationalista,
897 3643 964 3696 dum
974 3641 1009 3698 de
1020 3641 1150 3696 Ecclesia
1159 3643 1299 3698 catholica

194 3734 255 3787 haec
275 3734 371 3787 scribit
392 3733 433 3792 (ls
454 3734 513 3786 Lise
532 3734 620 3787 worth
640 3733 736 3801 living,
750 3751 772 3786 c.
788 3733 857 3798 XlI,
870 3750 897 3801 p.
915 3732 996 3799 304):
1016 3731 1168 3785 “Primum
1186 3733 1299 3802 quoda

194 3820 276 3873 nobis
289 3821 413 3890 postulat
427 3821 567 3887 Ecclesia,
580 3830 623 3874 est
636 3830 665 3874 ut
679 3837 743 3874 eam
756 3819 899 3887 cognitam
912 3820 1076 3887 habeamus,
1094 3818 1122 3872 in
1135 3819 1197 3888 ejus
1210 3819 1299 3874 oculis

194 3924 307 3967 nostros
320 3914 485 3981 defigamus
503 3915 588 3967 verba
601 3914 656 3966 oris
670 3914 729 3982 ejus
743 3913 900 3976 audiamus
913 3913 973 3966 vias
982 3913 1042 3983 ejus
1051 3922 1080 3966 et
1089 3929 1176 3982 opera
1185 3911 1299 3967 investi-

194 4018 302 4069 gemus,
320 4001 480 4054 interiorem
493 4001 553 4069 ejus
567 4001 695 4069 spiritum
716 4000 903 4068 experiamur;
922 4017 978 4068 quo
996 3999 1121 4069 peracto,
1136 3999 1195 4055 ait:
1219 3999 1299 4053 “Po-

195 4087 312 4142 testisne
325 4106 376 4141 vos
388 4105 460 4141 meae
474 4087 540 4142 fidei
554 4085 747 4142 committere?
768 4087 839 4139 Mihi
853 4088 880 4139 in
900 4087 1030 4141 omnibus
1049 4087 1224 4142 credendum
1242 4096 1300 4151 est;

196 4175 270 4228 illico
281 4176 357 4228 eninr
368 4176 447 4228 vobis
458 4175 522 4228 dico
530 4192 738 4244 menumquam
747 4173 895 4227 mentitam
905 4174 999 4228 fuisse.
1041 4174 1200 4230 Potestisne
1211 4190 1301 4243 usque

198 4261 271 4316 adeo
285 4261 354 4314 mihi
370 4258 501 4316 credere?
519 4262 640 4315 Audite:
660 4277 753 4314 meam
767 4260 887 4314 narrabo
900 4261 980 4315 vobis
993 4258 1164 4316 historiam.”
