<?xml version="1.0" encoding="UTF-8"?>
<!DOCTYPE html PUBLIC "-//W3C//DTD XHTML 1.0 Transitional//EN"
    "http://www.w3.org/TR/xhtml1/DTD/xhtml1-transitional.dtd">
<html xmlns="http://www.w3.org/1999/xhtml" xml:lang="en" lang="en">
 <head>
  <title>
</title>
<meta http-equiv="Content-Type" content="text/html;charset=utf-8" />
  <meta name='ocr-system' content='tesseract 3.04.00' />
  <meta name='ocr-capabilities' content='ocr_page ocr_carea ocr_par ocr_line ocrx_word'/>
</head>
<body>
  <div class='ocr_page' id='page_1' title='image "./synopsistheolog00tanqgoog_0256.png"; bbox 0 0 2684 4634; ppageno 0'>
   <div class='ocr_carea' id='block_1_1' title="bbox 10 40 1172 191">
    <p class='ocr_par' dir='ltr' id='par_1_1' title="bbox 10 40 1172 191">
     <span class='ocr_line' id='line_1_1' title="bbox 10 40 1172 191; baseline -0.001 -28"><span class='ocrx_word' id='word_1_1' title='bbox 10 40 15 191; x_wconf 77' lang='grc' dir='ltr'>Ι</span> <span class='ocrx_word' id='word_1_2' title='bbox 86 113 144 162; x_wconf 89' lang='lat' dir='ltr'>DE</span> <span class='ocrx_word' id='word_1_3' title='bbox 163 111 484 163; x_wconf 78' lang='lat' dir='ltr'><strong>RELATIONIBUS</strong></span> <span class='ocrx_word' id='word_1_4' title='bbox 503 108 759 162; x_wconf 72' lang='lat' dir='ltr'>mvaRUM</span> <span class='ocrx_word' id='word_1_5' title='bbox 779 111 1088 163; x_wconf 83' lang='lat' dir='ltr'><strong>PERSONARUM.</strong></span> <span class='ocrx_word' id='word_1_6' title='bbox 1107 111 1172 162; x_wconf 88' lang='grc'>235</span> 
     </span>
    </p>
   </div>
   <div class='ocr_carea' id='block_1_2' title="bbox 10 252 1174 1560">
    <p class='ocr_par' dir='ltr' id='par_1_2' title="bbox 10 252 1171 395">
     <span class='ocr_line' id='line_1_2' title="bbox 10 252 1171 395; baseline -0.003 -41"><span class='ocrx_word' id='word_1_7' title='bbox 10 252 28 333; x_wconf 46' lang='grc' dir='ltr'>ἵ,</span> <span class='ocrx_word' id='word_1_8' title='bbox 67 294 163 395; x_wconf 85' lang='lat' dir='ltr'>enim</span> <span class='ocrx_word' id='word_1_9' title='bbox 183 282 292 356; x_wconf 88' lang='lat' dir='ltr'>Filius</span> <span class='ocrx_word' id='word_1_10' title='bbox 315 301 367 356; x_wconf 91' lang='lat' dir='ltr'>est</span> <span class='ocrx_word' id='word_1_11' title='bbox 390 291 527 375; x_wconf 81' lang='lat' dir='ltr'>aequalis</span> <span class='ocrx_word' id='word_1_12' title='bbox 552 293 650 368; x_wconf 91' lang='lat' dir='ltr'>Patri,</span> <span class='ocrx_word' id='word_1_13' title='bbox 661 311 732 354; x_wconf 87' lang='lat' dir='ltr'>non</span> <span class='ocrx_word' id='word_1_14' title='bbox 757 300 807 354; x_wconf 93' lang='lat' dir='ltr'>est</span> <span class='ocrx_word' id='word_1_15' title='bbox 825 291 928 353; x_wconf 88' lang='lat' dir='ltr'>Filius</span> <span class='ocrx_word' id='word_1_16' title='bbox 945 311 1003 372; x_wconf 92' lang='lat' dir='ltr'>per</span> <span class='ocrx_word' id='word_1_17' title='bbox 1019 289 1171 371; x_wconf 85' lang='lat' dir='ltr'>adoptio-</span> 
     </span>
    </p>

    <p class='ocr_par' dir='ltr' id='par_1_3' title="bbox 10 385 1173 499">
     <span class='ocr_line' id='line_1_3' title="bbox 10 385 1173 499; baseline -0.005 -39"><span class='ocrx_word' id='word_1_18' title='bbox 10 474 12 479; x_wconf 27' lang='lat'>,</span> <span class='ocrx_word' id='word_1_19' title='bbox 67 385 158 474; x_wconf 83' lang='lat' dir='ltr'>nem,</span> <span class='ocrx_word' id='word_1_20' title='bbox 189 396 248 460; x_wconf 90' lang='lat' dir='ltr'>sed</span> <span class='ocrx_word' id='word_1_21' title='bbox 259 418 383 499; x_wconf 92' lang='lat' dir='ltr'>per</span> <span class='ocrx_word' id='word_1_22' title='bbox 363 396 620 459; x_wconf 68' lang='lat' dir='ltr'>uenerationem.</span> <span class='ocrx_word' id='word_1_23' title='bbox 668 395 786 476; x_wconf 89' lang='lat' dir='ltr'>Neque</span> <span class='ocrx_word' id='word_1_24' title='bbox 817 392 915 475; x_wconf 89' lang='lat' dir='ltr'>objici</span> <span class='ocrx_word' id='word_1_25' title='bbox 942 414 986 476; x_wconf 91' lang='lat' dir='ltr'>po</span> <span class='ocrx_word' id='word_1_26' title='bbox 988 403 1053 456; x_wconf 91' lang='lat' dir='ltr'>test</span> <span class='ocrx_word' id='word_1_27' title='bbox 1081 392 1173 458; x_wconf 89' lang='lat' dir='ltr'>Chri·</span> 
     </span>
    </p>

    <p class='ocr_par' dir='ltr' id='par_1_4' title="bbox 10 489 1172 683">
     <span class='ocr_line' id='line_1_4' title="bbox 10 489 1172 582; baseline -0.003 -20"><span class='ocrx_word' id='word_1_28' title='bbox 10 490 14 516; x_wconf 75' lang='grc'>“’</span> <span class='ocrx_word' id='word_1_29' title='bbox 64 510 160 562; x_wconf 89' lang='lat' dir='ltr'>stum</span> <span class='ocrx_word' id='word_1_30' title='bbox 188 489 298 562; x_wconf 86' lang='lat' dir='ltr'>vocari</span> <span class='ocrx_word' id='word_1_31' title='bbox 317 499 574 582; x_wconf 74' lang='lat' dir='ltr'>pramogcmtum</span> <span class='ocrx_word' id='word_1_32' title='bbox 596 499 706 560; x_wconf 92' lang='lat' dir='ltr'>omnis</span> <span class='ocrx_word' id='word_1_33' title='bbox 729 497 918 576; x_wconf 84' lang='lat' dir='ltr'>creaturae&#39;1;</span> <span class='ocrx_word' id='word_1_34' title='bbox 945 518 1061 561; x_wconf 91' lang='lat' dir='ltr'>sensus</span> <span class='ocrx_word' id='word_1_35' title='bbox 1084 497 1172 558; x_wconf 88' lang='lat' dir='ltr'>enim</span> 
     </span>
     <span class='ocr_line' id='line_1_5' title="bbox 63 596 1172 683; baseline -0.004 -19"><span class='ocrx_word' id='word_1_36' title='bbox 63 611 118 665; x_wconf 88' lang='lat' dir='ltr'>est</span> <span class='ocrx_word' id='word_1_37' title='bbox 144 596 295 667; x_wconf 89' lang='lat' dir='ltr'>Verbum</span> <span class='ocrx_word' id='word_1_38' title='bbox 318 596 475 683; x_wconf 81' lang='lat' dir='ltr'>genitum</span> <span class='ocrx_word' id='word_1_39' title='bbox 493 598 565 664; x_wconf 87' lang='lat' dir='ltr'>e&#39;sse</span> <span class='ocrx_word' id='word_1_40' title='bbox 589 610 667 663; x_wconf 90' lang='lat' dir='ltr'>ante</span> <span class='ocrx_word' id='word_1_41' title='bbox 693 621 828 663; x_wconf 90' lang='lat' dir='ltr'>omnem</span> <span class='ocrx_word' id='word_1_42' title='bbox 852 611 1047 676; x_wconf 87' lang='lat' dir='ltr'>creaturam,</span> <span class='ocrx_word' id='word_1_43' title='bbox 1070 619 1172 681; x_wconf 92' lang='lat' dir='ltr'>quum</span> 
     </span>
    </p>

    <p class='ocr_par' dir='ltr' id='par_1_5' title="bbox 10 701 1173 1096">
     <span class='ocr_line' id='line_1_6' title="bbox 10 701 1173 806; baseline -0.001 -40"><span class='ocrx_word' id='word_1_44' title='bbox 10 712 12 717; x_wconf 88' lang='lat'>&#39;</span> <span class='ocrx_word' id='word_1_45' title='bbox 64 707 187 806; x_wconf 67' lang='lat' dir='ltr'>upriuog</span> <span class='ocrx_word' id='word_1_46' title='bbox 205 706 236 768; x_wconf 94' lang='lat' dir='ltr'>in</span> <span class='ocrx_word' id='word_1_47' title='bbox 253 710 362 787; x_wconf 66' lang='lat' dir='ltr'>graec&#39;d</span> <span class='ocrx_word' id='word_1_48' title='bbox 377 726 458 768; x_wconf 90' lang='lat' dir='ltr'>voce</span> <span class='ocrx_word' id='word_1_49' title='bbox 474 726 586 791; x_wconf 77' lang='grc' dir='ltr'><strong>πρωτ.</strong></span> <span class='ocrx_word' id='word_1_50' title='bbox 559 703 591 766; x_wconf 78' lang='lat' dir='ltr'>o&#39;r</span> <span class='ocrx_word' id='word_1_51' title='bbox 594 701 659 775; x_wconf 73' lang='grc' dir='ltr'><strong>ὀκος</strong></span> <span class='ocrx_word' id='word_1_52' title='bbox 674 725 764 786; x_wconf 82' lang='lat' dir='ltr'>saepe</span> <span class='ocrx_word' id='word_1_53' title='bbox 780 705 847 767; x_wconf 91' lang='lat' dir='ltr'>vim</span> <span class='ocrx_word' id='word_1_54' title='bbox 864 704 987 768; x_wconf 88' lang='lat' dir='ltr'>habeat</span> <span class='ocrx_word' id='word_1_55' title='bbox 1003 725 1173 785; x_wconf 87' lang='lat' dir='ltr'>compara</span> 
     </span>
     <span class='ocr_line' id='line_1_7' title="bbox 64 806 1171 891; baseline -0.003 -21"><span class='ocrx_word' id='word_1_56' title='bbox 64 809 140 885; x_wconf 82' lang='lat' dir='ltr'>tivi,</span> <span class='ocrx_word' id='word_1_57' title='bbox 167 808 187 871; x_wconf 92' lang='lat' dir='ltr'>i.</span> <span class='ocrx_word' id='word_1_58' title='bbox 215 829 240 871; x_wconf 92' lang='lat' dir='ltr'>e.</span> <span class='ocrx_word' id='word_1_59' title='bbox 258 809 393 890; x_wconf 82' lang='lat' dir='ltr'><em>gemtus</em></span> <span class='ocrx_word' id='word_1_60' title='bbox 414 817 508 882; x_wconf 82' lang='lat' dir='ltr'>ante;</span> <span class='ocrx_word' id='word_1_61' title='bbox 535 827 646 871; x_wconf 91' lang='lat' dir='ltr'>revera</span> <span class='ocrx_word' id='word_1_62' title='bbox 669 827 713 870; x_wconf 89' lang='lat' dir='ltr'>ex</span> <span class='ocrx_word' id='word_1_63' title='bbox 737 817 898 872; x_wconf 90' lang='lat' dir='ltr'>contextu</span> <span class='ocrx_word' id='word_1_64' title='bbox 924 809 1026 891; x_wconf 90' lang='lat' dir='ltr'>liquet</span> <span class='ocrx_word' id='word_1_65' title='bbox 1051 806 1171 869; x_wconf 92' lang='lat' dir='ltr'>Filium</span> 
     </span>
     <span class='ocr_line' id='line_1_8' title="bbox 66 904 1172 1013; baseline -0.003 -40"><span class='ocrx_word' id='word_1_66' title='bbox 66 912 136 1011; x_wconf 77' lang='lat' dir='ltr'>Dei</span> <span class='ocrx_word' id='word_1_67' title='bbox 161 911 206 973; x_wconf 90' lang='lat' dir='ltr'>de</span> <span class='ocrx_word' id='word_1_68' title='bbox 231 932 298 1013; x_wconf 85' lang='lat' dir='ltr'>quo</span> <span class='ocrx_word' id='word_1_69' title='bbox 321 911 431 1013; x_wconf 88' lang='lat' dir='ltr'>agitur</span> <span class='ocrx_word' id='word_1_70' title='bbox 444 904 581 974; x_wconf 84' lang='lat' dir='ltr'>naturae</span> <span class='ocrx_word' id='word_1_71' title='bbox 604 910 726 974; x_wconf 87' lang='lat' dir='ltr'>divinae</span> <span class='ocrx_word' id='word_1_72' title='bbox 750 932 821 974; x_wconf 91' lang='lat' dir='ltr'>esse</span> <span class='ocrx_word' id='word_1_73' title='bbox 848 921 1046 985; x_wconf 87' lang='lat' dir='ltr'>consortem,</span> <span class='ocrx_word' id='word_1_74' title='bbox 1069 929 1172 990; x_wconf 91' lang='lat' dir='ltr'>quum</span> 
     </span>
     <span class='ocr_line' id='line_1_9' title="bbox 68 1003 1172 1117; baseline -0.002 -42"><span class='ocrx_word' id='word_1_75' title='bbox 68 1004 132 1096; x_wconf 80' lang='lat' dir='ltr'>ipsi</span> <span class='ocrx_word' id='word_1_76' title='bbox 125 1003 321 1114; x_wconf 89' lang='lat' dir='ltr'><strong>tribuatur</strong></span> <span class='ocrx_word' id='word_1_77' title='bbox 330 1008 481 1117; x_wconf 85' lang='lat' dir='ltr'>potentia</span> <span class='ocrx_word' id='word_1_78' title='bbox 496 1014 692 1077; x_wconf 88' lang='lat' dir='ltr'>creatrix:‘</span> <span class='ocrx_word' id='word_1_79' title='bbox 693 1015 869 1096; x_wconf 86' lang='lat' dir='ltr'>‘quoniam</span> <span class='ocrx_word' id='word_1_80' title='bbox 883 1015 915 1076; x_wconf 92' lang='lat' dir='ltr'>in</span> <span class='ocrx_word' id='word_1_81' title='bbox 928 1015 1001 1095; x_wconf 89' lang='lat' dir='ltr'>ipso</span> <span class='ocrx_word' id='word_1_82' title='bbox 1012 1021 1090 1076; x_wconf 93' lang='lat' dir='ltr'>sunt</span> <span class='ocrx_word' id='word_1_83' title='bbox 1102 1013 1172 1074; x_wconf 94' lang='lat' dir='ltr'>uni-</span> 
     </span>
    </p>

    <p class='ocr_par' dir='ltr' id='par_1_6' title="bbox 21 1107 1174 1508">
     <span class='ocr_line' id='line_1_10' title="bbox 21 1107 1173 1199; baseline -0.003 -19"><span class='ocrx_word' id='word_1_84' title='bbox 21 1140 26 1145; x_wconf 95' lang='lat'>·</span> <span class='ocrx_word' id='word_1_85' title='bbox 68 1107 193 1181; x_wconf 72' lang='lat' dir='ltr'>versa..</span> <span class='ocrx_word' id='word_1_86' title='bbox 216 1126 250 1180; x_wconf 89' lang='lat' dir='ltr'>et</span> <span class='ocrx_word' id='word_1_87' title='bbox 272 1117 384 1180; x_wconf 91' lang='lat' dir='ltr'>omnia</span> <span class='ocrx_word' id='word_1_88' title='bbox 407 1118 440 1179; x_wconf 92' lang='lat' dir='ltr'>in</span> <span class='ocrx_word' id='word_1_89' title='bbox 465 1118 537 1198; x_wconf 91' lang='lat' dir='ltr'>ipso</span> <span class='ocrx_word' id='word_1_90' title='bbox 561 1118 741 1180; x_wconf 90' lang='lat' dir='ltr'>constant&#39;&#39;</span> <span class='ocrx_word' id='word_1_91' title='bbox 764 1118 833 1199; x_wconf 88' lang='lat'>(16-</span> <span class='ocrx_word' id='word_1_92' title='bbox 841 1118 900 1199; x_wconf 86' lang='lat'>17)</span> <span class='ocrx_word' id='word_1_93' title='bbox 947 1114 1060 1181; x_wconf 71' lang='grc' dir='ltr'>Κεᾶε</span> <span class='ocrx_word' id='word_1_94' title='bbox 1073 1116 1173 1197; x_wconf 88' lang='lat' dir='ltr'>igitur</span> 
     </span>
     <span class='ocr_line' id='line_1_11' title="bbox 71 1213 1174 1325; baseline -0.004 -42"><span class='ocrx_word' id='word_1_95' title='bbox 71 1222 118 1284; x_wconf 91' lang='lat' dir='ltr'>ait</span> <span class='ocrx_word' id='word_1_96' title='bbox 123 1220 170 1284; x_wconf 99' lang='grc' dir='ltr'><em>Τ</em></span> <span class='ocrx_word' id='word_1_97' title='bbox 167 1229 218 1283; x_wconf 80' lang='lat' dir='ltr'>er</span> <span class='ocrx_word' id='word_1_98' title='bbox 205 1221 407 1284; x_wconf 43' lang='lat' dir='ltr'>tullianus&amp;</span> <span class='ocrx_word' id='word_1_99' title='bbox 431 1213 511 1283; x_wconf 89' lang='lat' dir='ltr'>“De</span> <span class='ocrx_word' id='word_1_100' title='bbox 527 1223 623 1284; x_wconf 90' lang='lat' dir='ltr'>Patre</span> <span class='ocrx_word' id='word_1_101' title='bbox 639 1217 851 1325; x_wconf 86' lang='lat' dir='ltr'>procedendo</span> <span class='ocrx_word' id='word_1_102' title='bbox 868 1217 971 1283; x_wconf 83' lang='lat' dir='ltr'>Filius</span> <span class='ocrx_word' id='word_1_103' title='bbox 993 1219 1100 1284; x_wconf 62' lang='lat' dir='ltr'>fabius</span> <span class='ocrx_word' id='word_1_104' title='bbox 1122 1226 1174 1280; x_wconf 88' lang='lat' dir='ltr'>est</span> 
     </span>
     <span class='ocr_line' id='line_1_12' title="bbox 71 1312 1172 1406; baseline -0.003 -20"><span class='ocrx_word' id='word_1_105' title='bbox 71 1312 325 1406; x_wconf 86' lang='lat' dir='ltr'>primogenitus,</span> <span class='ocrx_word' id='word_1_106' title='bbox 341 1332 378 1388; x_wconf 92' lang='lat' dir='ltr'>ut</span> <span class='ocrx_word' id='word_1_107' title='bbox 392 1333 468 1387; x_wconf 80' lang='lat' dir='ltr'>ante</span> <span class='ocrx_word' id='word_1_108' title='bbox 481 1324 591 1388; x_wconf 81' lang='lat' dir='ltr'>omnia</span> <span class='ocrx_word' id='word_1_109' title='bbox 607 1319 699 1406; x_wconf 88' lang='lat' dir='ltr'>genit</span> <span class='ocrx_word' id='word_1_110' title='bbox 701 1346 748 1401; x_wconf 79' lang='lat' dir='ltr'>uS,</span> <span class='ocrx_word' id='word_1_111' title='bbox 764 1335 798 1387; x_wconf 92' lang='lat' dir='ltr'>et</span> <span class='ocrx_word' id='word_1_112' title='bbox 814 1325 1001 1406; x_wconf 80' lang='lat' dir='ltr'>umgemtus</span> <span class='ocrx_word' id='word_1_113' title='bbox 1022 1333 1059 1387; x_wconf 91' lang='lat' dir='ltr'>ut</span> <span class='ocrx_word' id='word_1_114' title='bbox 1083 1323 1172 1386; x_wconf 80' lang='lat' dir='ltr'>solus&#39;</span> 
     </span>
     <span class='ocr_line' id='line_1_13' title="bbox 73 1425 389 1560; baseline 0.004 -72"><span class='ocrx_word' id='word_1_115' title='bbox 73 1447 114 1488; x_wconf 90' lang='lat' dir='ltr'>ex</span> <span class='ocrx_word' id='word_1_116' title='bbox 132 1428 209 1489; x_wconf 91' lang='lat' dir='ltr'>Deo</span> <span class='ocrx_word' id='word_1_117' title='bbox 224 1425 389 1560; x_wconf 52' lang='lat' dir='ltr'>genitus&#39;fl</span> 
     </span>
    </p>
   </div>
   <div class='ocr_carea' id='block_1_3' title="bbox 10 1596 1173 3127">
    <p class='ocr_par' dir='ltr' id='par_1_7' title="bbox 74 1596 1172 2092">
     <span class='ocr_line' id='line_1_14' title="bbox 116 1596 1171 1682; baseline -0.001 -22"><span class='ocrx_word' id='word_1_118' title='bbox 116 1611 183 1676; x_wconf 68' lang='lat'>123</span> <span class='ocrx_word' id='word_1_119' title='bbox 230 1611 266 1660; x_wconf 90' lang='lat'>20</span> <span class='ocrx_word' id='word_1_120' title='bbox 286 1597 318 1662; x_wconf 86' lang='lat' dir='ltr'><em>T</em></span> <span class='ocrx_word' id='word_1_121' title='bbox 315 1598 421 1662; x_wconf 84' lang='lat' dir='ltr'>radz</span> <span class='ocrx_word' id='word_1_122' title='bbox 393 1608 482 1682; x_wconf 62' lang='lat' dir='ltr'>tuone.</span> <span class='ocrx_word' id='word_1_123' title='bbox 528 1598 588 1681; x_wconf 88' lang='lat' dir='ltr'>(A)</span> <span class='ocrx_word' id='word_1_124' title='bbox 604 1598 658 1661; x_wconf 88' lang='lat' dir='ltr'>Ex</span> <span class='ocrx_word' id='word_1_125' title='bbox 674 1597 842 1674; x_wconf 81' lang='lat' dir='ltr'>Patribus,</span> <span class='ocrx_word' id='word_1_126' title='bbox 858 1618 999 1679; x_wconf 86' lang='lat' dir='ltr'>quorum</span> <span class='ocrx_word' id='word_1_127' title='bbox 1023 1596 1171 1679; x_wconf 84' lang='lat' dir='ltr'>plerique</span> 
     </span>
     <span class='ocr_line' id='line_1_15' title="bbox 74 1687 1172 1782; baseline 0.001 -20"><span class='ocrx_word' id='word_1_128' title='bbox 74 1701 114 1762; x_wconf 88' lang='lat' dir='ltr'>de</span> <span class='ocrx_word' id='word_1_129' title='bbox 139 1701 253 1763; x_wconf 70' lang='lat' dir='ltr'>divina</span> <span class='ocrx_word' id='word_1_130' title='bbox 277 1701 491 1782; x_wconf 88' lang='lat' dir='ltr'>generatione</span> <span class='ocrx_word' id='word_1_131' title='bbox 517 1701 704 1782; x_wconf 90' lang='lat' dir='ltr'>intelligunt</span> <span class='ocrx_word' id='word_1_132' title='bbox 734 1702 834 1764; x_wconf 86' lang='lat' dir='ltr'>verba</span> <span class='ocrx_word' id='word_1_133' title='bbox 866 1687 1045 1782; x_wconf 81' lang='lat' dir='ltr'>Scripturae</span> <span class='ocrx_word' id='word_1_134' title='bbox 1073 1710 1172 1763; x_wconf 85' lang='lat' dir='ltr'>antea</span> 
     </span>
     <span class='ocr_line' id='line_1_16' title="bbox 74 1803 1172 1887; baseline 0 -22"><span class='ocrx_word' id='word_1_135' title='bbox 74 1805 214 1867; x_wconf 75' lang='lat' dir='ltr'>citatas:</span> <span class='ocrx_word' id='word_1_136' title='bbox 241 1809 256 1836; x_wconf 90' lang='lat'><strong>“</strong></span> <span class='ocrx_word' id='word_1_137' title='bbox 268 1805 372 1868; x_wconf 91' lang='lat' dir='ltr'>Filius</span> <span class='ocrx_word' id='word_1_138' title='bbox 389 1816 485 1869; x_wconf 83' lang='lat' dir='ltr'>meus</span> <span class='ocrx_word' id='word_1_139' title='bbox 494 1824 529 1868; x_wconf 93' lang='lat' dir='ltr'>es</span> <span class='ocrx_word' id='word_1_140' title='bbox 541 1815 587 1881; x_wconf 90' lang='lat' dir='ltr'>tu,</span> <span class='ocrx_word' id='word_1_141' title='bbox 599 1812 662 1885; x_wconf 87' lang='lat' dir='ltr'>ego</span> <span class='ocrx_word' id='word_1_142' title='bbox 672 1804 771 1868; x_wconf 89' lang='lat' dir='ltr'>hodie</span> <span class='ocrx_word' id='word_1_143' title='bbox 782 1805 881 1887; x_wconf 86' lang='lat' dir='ltr'>genui</span> <span class='ocrx_word' id='word_1_144' title='bbox 894 1803 962 1878; x_wconf 69' lang='lat' dir='ltr'>te&#39;&#39;,</span> <span class='ocrx_word' id='word_1_145' title='bbox 1003 1804 1172 1866; x_wconf 88' lang='lat' dir='ltr'>Audiatur</span> 
     </span>
     <span class='ocr_line' id='line_1_17' title="bbox 75 1906 1172 1997; baseline -0.002 -27"><span class='ocrx_word' id='word_1_146' title='bbox 75 1907 107 1970; x_wconf 83' lang='lat' dir='ltr'>S.</span> <span class='ocrx_word' id='word_1_147' title='bbox 117 1906 296 1990; x_wconf 66' lang='lat' dir='ltr'>justinum</span> <span class='ocrx_word' id='word_1_148' title='bbox 311 1908 446 1970; x_wconf 79' lang='lat' dir='ltr'>dicenst</span> <span class='ocrx_word' id='word_1_149' title='bbox 472 1907 585 1971; x_wconf 89' lang='lat' dir='ltr'>“Cum</span> <span class='ocrx_word' id='word_1_150' title='bbox 601 1908 752 1970; x_wconf 89' lang='lat' dir='ltr'>Verbum</span> <span class='ocrx_word' id='word_1_151' title='bbox 769 1908 811 1970; x_wconf 94' lang='lat' dir='ltr'>sit</span> <span class='ocrx_word' id='word_1_152' title='bbox 827 1907 1081 1988; x_wconf 69' lang='lat' dir='ltr'>primogenitum</span> <span class='ocrx_word' id='word_1_153' title='bbox 1098 1907 1172 1997; x_wconf 77' lang='lat' dir='ltr'>Dei,</span> 
     </span>
     <span class='ocr_line' id='line_1_18' title="bbox 75 2008 1171 2092; baseline 0 -20"><span class='ocrx_word' id='word_1_154' title='bbox 75 2011 165 2074; x_wconf 89' lang='lat' dir='ltr'>Deus</span> <span class='ocrx_word' id='word_1_155' title='bbox 182 2010 263 2075; x_wconf 88' lang='lat' dir='ltr'>est”.</span> <span class='ocrx_word' id='word_1_156' title='bbox 311 2010 395 2074; x_wconf 86' lang='lat' dir='ltr'>Item</span> <span class='ocrx_word' id='word_1_157' title='bbox 415 2008 724 2076; x_wconf 79' lang='lat' dir='ltr'>S..Hilariusait⁵:</span> <span class='ocrx_word' id='word_1_158' title='bbox 751 2008 918 2092; x_wconf 86' lang='lat' dir='ltr'>“Ignorat</span> <span class='ocrx_word' id='word_1_159' title='bbox 943 2011 1053 2073; x_wconf 90' lang='lat' dir='ltr'>Deum</span> <span class='ocrx_word' id='word_1_160' title='bbox 1078 2009 1171 2086; x_wconf 65' lang='lat' dir='ltr'>Chri7</span> 
     </span>
    </p>

    <p class='ocr_par' dir='ltr' id='par_1_8' title="bbox 10 2102 1170 2219">
     <span class='ocr_line' id='line_1_19' title="bbox 10 2102 1170 2219; baseline 0.002 -45"><span class='ocrx_word' id='word_1_161' title='bbox 10 2172 17 2219; x_wconf 28' lang='lat' dir='ltr'><em>t</em></span> <span class='ocrx_word' id='word_1_162' title='bbox 73 2123 159 2176; x_wconf 88' lang='lat' dir='ltr'>stum</span> <span class='ocrx_word' id='word_1_163' title='bbox 176 2115 233 2195; x_wconf 92' lang='lat' dir='ltr'>qui</span> <span class='ocrx_word' id='word_1_164' title='bbox 250 2114 381 2195; x_wconf 85' lang='lat' dir='ltr'>ignorat</span> <span class='ocrx_word' id='word_1_165' title='bbox 397 2115 508 2177; x_wconf 91' lang='lat' dir='ltr'>Deum</span> <span class='ocrx_word' id='word_1_166' title='bbox 524 2123 656 2193; x_wconf 88' lang='lat' dir='ltr'>natum;</span> <span class='ocrx_word' id='word_1_167' title='bbox 681 2102 792 2177; x_wconf 90' lang='lat' dir='ltr'>Deum</span> <span class='ocrx_word' id='word_1_168' title='bbox 809 2124 920 2177; x_wconf 89' lang='lat' dir='ltr'>autem</span> <span class='ocrx_word' id='word_1_169' title='bbox 938 2115 1028 2176; x_wconf 90' lang='lat' dir='ltr'>nasci</span> <span class='ocrx_word' id='word_1_170' title='bbox 1041 2134 1107 2178; x_wconf 91' lang='lat' dir='ltr'>non</span> <span class='ocrx_word' id='word_1_171' title='bbox 1121 2123 1170 2176; x_wconf 90' lang='lat' dir='ltr'>est</span> 
     </span>
    </p>

    <p class='ocr_par' dir='ltr' id='par_1_9' title="bbox 10 2217 901 2307">
     <span class='ocr_line' id='line_1_20' title="bbox 10 2217 901 2300; baseline 0.002 -22"><span class='ocrx_word' id='word_1_172' title='bbox 10 2222 12 2297; x_wconf 72' lang='lat'>,</span> <span class='ocrx_word' id='word_1_173' title='bbox 72 2217 160 2280; x_wconf 90' lang='lat' dir='ltr'>aliud</span> <span class='ocrx_word' id='word_1_174' title='bbox 177 2239 279 2300; x_wconf 87' lang='lat' dir='ltr'>quam</span> <span class='ocrx_word' id='word_1_175' title='bbox 296 2218 329 2280; x_wconf 94' lang='lat' dir='ltr'>in</span> <span class='ocrx_word' id='word_1_176' title='bbox 346 2222 385 2280; x_wconf 71' lang='lat' dir='ltr'>ea</span> <span class='ocrx_word' id='word_1_177' title='bbox 400 2221 519 2280; x_wconf 72' lang='lat' dir='ltr'>natura</span> <span class='ocrx_word' id='word_1_178' title='bbox 534 2237 616 2293; x_wconf 90' lang='lat' dir='ltr'>esse,</span> <span class='ocrx_word' id='word_1_179' title='bbox 631 2219 698 2297; x_wconf 72' lang='lat' dir='ltr'>qua</span> <span class='ocrx_word' id='word_1_180' title='bbox 713 2218 806 2280; x_wconf 89' lang='lat' dir='ltr'>Deus</span> <span class='ocrx_word' id='word_1_181' title='bbox 822 2217 901 2280; x_wconf 89' lang='lat' dir='ltr'>est&#39;&#39;.</span> 
     </span>
    </p>

    <p class='ocr_par' dir='ltr' id='par_1_10' title="bbox 112 2319 1170 2403">
     <span class='ocr_line' id='line_1_21' title="bbox 112 2319 1170 2403; baseline 0 -20"><span class='ocrx_word' id='word_1_182' title='bbox 112 2319 175 2403; x_wconf 87' lang='lat' dir='ltr'>(B)</span> <span class='ocrx_word' id='word_1_183' title='bbox 192 2321 249 2383; x_wconf 88' lang='lat' dir='ltr'>Ex</span> <span class='ocrx_word' id='word_1_184' title='bbox 267 2320 436 2402; x_wconf 80' lang='lat' dir='ltr'>Symbolt&#39;s,</span> <span class='ocrx_word' id='word_1_185' title='bbox 451 2328 526 2402; x_wconf 88' lang='lat' dir='ltr'>qu&#39;ae</span> <span class='ocrx_word' id='word_1_186' title='bbox 549 2321 751 2387; x_wconf 84' lang='lat' dir='ltr'>unanimiter</span> <span class='ocrx_word' id='word_1_187' title='bbox 773 2319 969 2401; x_wconf 90' lang='lat' dir='ltr'>profitentur</span> <span class='ocrx_word' id='word_1_188' title='bbox 992 2320 1170 2397; x_wconf 89' lang='lat' dir='ltr'>Christum,</span> 
     </span>
    </p>

    <p class='ocr_par' dir='ltr' id='par_1_11' title="bbox 10 2418 1169 2509">
     <span class='ocr_line' id='line_1_22' title="bbox 10 2418 1169 2509; baseline 0 -23"><span class='ocrx_word' id='word_1_189' title='bbox 10 2504 12 2509; x_wconf 23' lang='grc' dir='ltr'>Ι</span> <span class='ocrx_word' id='word_1_190' title='bbox 71 2445 109 2487; x_wconf 87' lang='lat' dir='ltr'>ac</span> <span class='ocrx_word' id='word_1_191' title='bbox 124 2418 267 2507; x_wconf 77' lang='lat' dir='ltr'>proinde</span> <span class='ocrx_word' id='word_1_192' title='bbox 283 2424 443 2500; x_wconf 87' lang='lat' dir='ltr'>Verbum,</span> <span class='ocrx_word' id='word_1_193' title='bbox 458 2443 530 2486; x_wconf 89' lang='lat' dir='ltr'>esse</span> <span class='ocrx_word' id='word_1_194' title='bbox 545 2423 672 2486; x_wconf 83' lang='lat' dir='ltr'>Filium</span> <span class='ocrx_word' id='word_1_195' title='bbox 688 2423 761 2499; x_wconf 79' lang='lat' dir='ltr'>Dei,</span> <span class='ocrx_word' id='word_1_196' title='bbox 777 2445 820 2486; x_wconf 87' lang='lat' dir='ltr'>ex</span> <span class='ocrx_word' id='word_1_197' title='bbox 838 2425 935 2487; x_wconf 89' lang='lat' dir='ltr'>Patre</span> <span class='ocrx_word' id='word_1_198' title='bbox 959 2434 1082 2501; x_wconf 64' lang='lat' dir='ltr'>nattam,</span> <span class='ocrx_word' id='word_1_199' title='bbox 1097 2425 1169 2487; x_wconf 82' lang='lat' dir='ltr'>uni-</span> 
     </span>
    </p>

    <p class='ocr_par' dir='ltr' id='par_1_12' title="bbox 10 2512 571 2609">
     <span class='ocr_line' id='line_1_23' title="bbox 10 2512 571 2609; baseline 0.002 -20"><span class='ocrx_word' id='word_1_200' title='bbox 10 2512 13 2580; x_wconf 77' lang='lat' dir='ltr'>l</span> <span class='ocrx_word' id='word_1_201' title='bbox 69 2550 150 2606; x_wconf 83' lang='lat' dir='ltr'>cum,</span> <span class='ocrx_word' id='word_1_202' title='bbox 166 2528 219 2591; x_wconf 91' lang='lat' dir='ltr'>vel</span> <span class='ocrx_word' id='word_1_203' title='bbox 236 2526 466 2609; x_wconf 64' lang='lat' dir='ltr'>unagenitumf’</span> <span class='ocrx_word' id='word_1_204' title='bbox 505 2520 519 2608; x_wconf 10' lang='grc' dir='ltr'>γ’</span> <span class='ocrx_word' id='word_1_205' title='bbox 569 2515 571 2519; x_wconf 43' lang='grc'>’</span> 
     </span>
    </p>

    <p class='ocr_par' dir='ltr' id='par_1_13' title="bbox 10 2622 1173 2918">
     <span class='ocr_line' id='line_1_24' title="bbox 10 2622 1172 2721; baseline 0 -25"><span class='ocrx_word' id='word_1_206' title='bbox 10 2626 15 2721; x_wconf 67' lang='lat' dir='ltr'>l,</span> <span class='ocrx_word' id='word_1_207' title='bbox 112 2630 173 2714; x_wconf 87' lang='lat' dir='ltr'>(C)</span> <span class='ocrx_word' id='word_1_208' title='bbox 191 2631 247 2693; x_wconf 89' lang='lat' dir='ltr'>Ex</span> <span class='ocrx_word' id='word_1_209' title='bbox 266 2629 423 2708; x_wconf 69' lang='lat' dir='ltr'>concilies,</span> <span class='ocrx_word' id='word_1_210' title='bbox 439 2632 623 2714; x_wconf 88' lang='lat' dir='ltr'>praesertim</span> <span class='ocrx_word' id='word_1_211' title='bbox 640 2630 781 2708; x_wconf 81' lang='lat' dir='ltr'>Nz&#39;cceno,</span> <span class='ocrx_word' id='word_1_212' title='bbox 798 2632 830 2694; x_wconf 92' lang='lat' dir='ltr'>in</span> <span class='ocrx_word' id='word_1_213' title='bbox 847 2653 914 2713; x_wconf 90' lang='lat' dir='ltr'>quo</span> <span class='ocrx_word' id='word_1_214' title='bbox 930 2631 1043 2695; x_wconf 87' lang='lat' dir='ltr'>divina</span> <span class='ocrx_word' id='word_1_215' title='bbox 1066 2622 1172 2709; x_wconf 85' lang='lat' dir='ltr'>Verbi</span> 
     </span>
     <span class='ocr_line' id='line_1_25' title="bbox 67 2733 1169 2816; baseline 0.003 -19"><span class='ocrx_word' id='word_1_216' title='bbox 67 2733 243 2816; x_wconf 88' lang='lat' dir='ltr'>generatio</span> <span class='ocrx_word' id='word_1_217' title='bbox 253 2754 410 2816; x_wconf 89' lang='lat' dir='ltr'>expresse</span> <span class='ocrx_word' id='word_1_218' title='bbox 420 2733 558 2798; x_wconf 85' lang='lat' dir='ltr'>delinita</span> <span class='ocrx_word' id='word_1_219' title='bbox 568 2735 630 2798; x_wconf 90' lang='lat' dir='ltr'>fuit</span> <span class='ocrx_word' id='word_1_220' title='bbox 641 2744 756 2797; x_wconf 91' lang='lat' dir='ltr'>contra</span> <span class='ocrx_word' id='word_1_221' title='bbox 766 2735 930 2798; x_wconf 86' lang='lat' dir='ltr'>Arianos:</span> <span class='ocrx_word' id='word_1_222' title='bbox 946 2740 962 2766; x_wconf 91' lang='lat'><strong>“</strong></span> <span class='ocrx_word' id='word_1_223' title='bbox 970 2735 1169 2800; x_wconf 82' lang='lat' dir='ltr'>Credimus..</span> 
     </span>
     <span class='ocr_line' id='line_1_26' title="bbox 68 2831 1173 2918; baseline 0.002 -16"><span class='ocrx_word' id='word_1_224' title='bbox 68 2841 100 2903; x_wconf 90' lang='lat' dir='ltr'>in</span> <span class='ocrx_word' id='word_1_225' title='bbox 126 2831 232 2901; x_wconf 88' lang='lat' dir='ltr'>unum</span> <span class='ocrx_word' id='word_1_226' title='bbox 258 2836 306 2900; x_wconf 74' lang='lat' dir='ltr'>D.‘</span> <span class='ocrx_word' id='word_1_227' title='bbox 318 2836 358 2901; x_wconf 87' lang='lat' dir='ltr'>N.</span> <span class='ocrx_word' id='word_1_228' title='bbox 373 2837 401 2918; x_wconf 89' lang='lat' dir='ltr'>J.</span> <span class='ocrx_word' id='word_1_229' title='bbox 419 2836 597 2912; x_wconf 90' lang='lat' dir='ltr'>Christum,</span> <span class='ocrx_word' id='word_1_230' title='bbox 622 2836 742 2900; x_wconf 88' lang='lat' dir='ltr'>Filium</span> <span class='ocrx_word' id='word_1_231' title='bbox 769 2839 842 2913; x_wconf 89' lang='lat' dir='ltr'>Dei,</span> <span class='ocrx_word' id='word_1_232' title='bbox 864 2847 978 2901; x_wconf 84' lang='lat' dir='ltr'>natum</span> <span class='ocrx_word' id='word_1_233' title='bbox 1001 2860 1044 2901; x_wconf 91' lang='lat' dir='ltr'>ex</span> <span class='ocrx_word' id='word_1_234' title='bbox 1073 2841 1173 2906; x_wconf 86' lang='lat' dir='ltr'>Patre</span> 
     </span>
    </p>

    <p class='ocr_par' dir='ltr' id='par_1_14' title="bbox 10 2938 1169 3127">
     <span class='ocr_line' id='line_1_27' title="bbox 10 2938 1169 3026; baseline 0.008 -29"><span class='ocrx_word' id='word_1_235' title='bbox 10 2938 13 2997; x_wconf 90' lang='grc' dir='ltr'>Ι</span> <span class='ocrx_word' id='word_1_236' title='bbox 67 2939 286 3022; x_wconf 71' lang='lat' dir='ltr'>umgenitum,</span> <span class='ocrx_word' id='word_1_237' title='bbox 308 2939 371 3002; x_wconf 93' lang='lat' dir='ltr'>hoc</span> <span class='ocrx_word' id='word_1_238' title='bbox 394 2948 445 3023; x_wconf 86' lang='lat' dir='ltr'>est</span> <span class='ocrx_word' id='word_1_239' title='bbox 470 2961 514 3003; x_wconf 90' lang='lat' dir='ltr'>ex</span> <span class='ocrx_word' id='word_1_240' title='bbox 537 2941 725 3026; x_wconf 88' lang='lat' dir='ltr'>substantia</span> <span class='ocrx_word' id='word_1_241' title='bbox 753 2941 892 3020; x_wconf 84' lang='lat' dir='ltr'>Patris’&#39;;</span> <span class='ocrx_word' id='word_1_242' title='bbox 919 2943 1038 3022; x_wconf 93' lang='lat' dir='ltr'>quibus</span> <span class='ocrx_word' id='word_1_243' title='bbox 1061 2944 1169 3006; x_wconf 90' lang='lat' dir='ltr'>verbis</span> 
     </span>
     <span class='ocr_line' id='line_1_28' title="bbox 67 3042 695 3127; baseline 0 -20"><span class='ocrx_word' id='word_1_244' title='bbox 67 3044 262 3108; x_wconf 88' lang='lat' dir='ltr'>excluditur</span> <span class='ocrx_word' id='word_1_245' title='bbox 276 3042 515 3127; x_wconf 87' lang='lat' dir='ltr'>omnis·filiatio</span> <span class='ocrx_word' id='word_1_246' title='bbox 530 3045 695 3126; x_wconf 88' lang='lat' dir='ltr'>adoptiva.</span> 
     </span>
    </p>
   </div>
   <div class='ocr_carea' id='block_1_4' title="bbox 64 3226 1181 3826">
    <p class='ocr_par' dir='ltr' id='par_1_15' title="bbox 64 3226 1181 3826">
     <span class='ocr_line' id='line_1_29' title="bbox 112 3226 1167 3314; baseline 0.005 -22"><span class='ocrx_word' id='word_1_247' title='bbox 112 3240 181 3306; x_wconf 81' lang='lat'>124</span> <span class='ocrx_word' id='word_1_248' title='bbox 230 3240 263 3306; x_wconf 84' lang='lat'>3⁰</span> <span class='ocrx_word' id='word_1_249' title='bbox 278 3226 353 3291; x_wconf 79' lang='lat' dir='ltr'>Rae.</span> <span class='ocrx_word' id='word_1_250' title='bbox 376 3227 406 3290; x_wconf 91' lang='lat' dir='ltr'><em>T</em></span> <span class='ocrx_word' id='word_1_251' title='bbox 402 3227 479 3292; x_wconf 77' lang='lat' dir='ltr'>heol.</span> <span class='ocrx_word' id='word_1_252' title='bbox 525 3229 626 3293; x_wconf 89' lang='lat' dir='ltr'>Ratio</span> <span class='ocrx_word' id='word_1_253' title='bbox 648 3251 714 3293; x_wconf 92' lang='lat' dir='ltr'>non</span> <span class='ocrx_word' id='word_1_254' title='bbox 740 3241 851 3313; x_wconf 89' lang='lat' dir='ltr'>potest</span> <span class='ocrx_word' id='word_1_255' title='bbox 875 3232 1009 3314; x_wconf 89' lang='lat' dir='ltr'>quidem</span> <span class='ocrx_word' id='word_1_256' title='bbox 1031 3235 1167 3297; x_wconf 93' lang='lat' dir='ltr'>demon-</span> 
     </span>
     <span class='ocr_line' id='line_1_30' title="bbox 66 3321 1167 3418; baseline 0.005 -24"><span class='ocrx_word' id='word_1_257' title='bbox 66 3341 174 3396; x_wconf 89' lang='lat' dir='ltr'>strare</span> <span class='ocrx_word' id='word_1_258' title='bbox 189 3321 438 3412; x_wconf 75' lang='lat' dir='ltr'>generatiOnem</span> <span class='ocrx_word' id='word_1_259' title='bbox 455 3323 640 3408; x_wconf 70' lang='lat' dir='ltr'>Verbised</span> <span class='ocrx_word' id='word_1_260' title='bbox 657 3344 768 3415; x_wconf 89' lang='lat' dir='ltr'>potest</span> <span class='ocrx_word' id='word_1_261' title='bbox 781 3344 892 3397; x_wconf 89' lang='lat' dir='ltr'>tamen</span> <span class='ocrx_word' id='word_1_262' title='bbox 910 3337 1056 3417; x_wconf 86' lang='lat' dir='ltr'>praebere</span> <span class='ocrx_word' id='word_1_263' title='bbox 1073 3359 1167 3418; x_wconf 87' lang='lat' dir='ltr'>argu-</span> 
     </span>
     <span class='ocr_line' id='line_1_31' title="bbox 67 3432 1166 3516; baseline 0.005 -18"><span class='ocrx_word' id='word_1_264' title='bbox 67 3445 217 3498; x_wconf 91' lang='lat' dir='ltr'>mentum</span> <span class='ocrx_word' id='word_1_265' title='bbox 241 3432 491 3511; x_wconf 74' lang='lat' dir='ltr'>convenientiae,</span> <span class='ocrx_word' id='word_1_266' title='bbox 517 3435 617 3516; x_wconf 17' lang='lat' dir='ltr'>quod,</span> <span class='ocrx_word' id='word_1_267' title='bbox 634 3453 678 3498; x_wconf 86' lang='lat' dir='ltr'>ex</span> <span class='ocrx_word' id='word_1_268' title='bbox 707 3437 741 3499; x_wconf 86' lang='lat' dir='ltr'>S.</span> <span class='ocrx_word' id='word_1_269' title='bbox 771 3437 801 3498; x_wconf 87' lang='lat' dir='ltr'><em>T</em></span> <span class='ocrx_word' id='word_1_270' title='bbox 798 3437 918 3500; x_wconf 56' lang='lat' dir='ltr'>horum</span> <span class='ocrx_word' id='word_1_271' title='bbox 944 3440 1166 3505; x_wconf 90' lang='lat' dir='ltr'>desumimus:</span> 
     </span>
     <span class='ocr_line' id='line_1_32' title="bbox 66 3536 1167 3620; baseline 0.004 -20"><span class='ocrx_word' id='word_1_272' title='bbox 66 3539 173 3614; x_wconf 93' lang='lat' dir='ltr'>Deus,</span> <span class='ocrx_word' id='word_1_273' title='bbox 188 3536 334 3617; x_wconf 89' lang='lat' dir='ltr'>seipsum</span> <span class='ocrx_word' id='word_1_274' title='bbox 347 3537 589 3618; x_wconf 67' lang='lat' dir='ltr'>cognoscendo</span> <span class='ocrx_word' id='word_1_275' title='bbox 601 3538 755 3620; x_wconf 84' lang='lat' dir='ltr'>producit</span> <span class='ocrx_word' id='word_1_276' title='bbox 767 3542 917 3618; x_wconf 90' lang='lat' dir='ltr'>verbum;</span> <span class='ocrx_word' id='word_1_277' title='bbox 941 3562 1017 3603; x_wconf 87' lang='lat' dir='ltr'>nam</span> <span class='ocrx_word' id='word_1_278' title='bbox 1030 3543 1062 3604; x_wconf 89' lang='lat' dir='ltr'>in</span> <span class='ocrx_word' id='word_1_279' title='bbox 1076 3546 1167 3605; x_wconf 89' lang='lat' dir='ltr'>omni</span> 
     </span>
     <span class='ocr_line' id='line_1_33' title="bbox 64 3637 1181 3731; baseline 0.004 -28"><span class='ocrx_word' id='word_1_280' title='bbox 64 3648 145 3704; x_wconf 89' lang='lat' dir='ltr'>ente</span> <span class='ocrx_word' id='word_1_281' title='bbox 163 3637 362 3731; x_wconf 83' lang='lat' dir='ltr'>intelligibili</span> <span class='ocrx_word' id='word_1_282' title='bbox 379 3640 474 3702; x_wconf 90' lang='lat' dir='ltr'>adest</span> <span class='ocrx_word' id='word_1_283' title='bbox 484 3639 594 3722; x_wconf 89' lang='lat' dir='ltr'>aliqua</span> <span class='ocrx_word' id='word_1_284' title='bbox 605 3642 724 3703; x_wconf 88' lang='lat' dir='ltr'>mentis</span> <span class='ocrx_word' id='word_1_285' title='bbox 735 3645 908 3725; x_wconf 90' lang='lat' dir='ltr'>conceptio</span> <span class='ocrx_word' id='word_1_286' title='bbox 919 3665 992 3724; x_wconf 86' lang='lat' dir='ltr'>quae</span> <span class='ocrx_word' id='word_1_287' title='bbox 1002 3645 1181 3707; x_wconf 90' lang='lat' dir='ltr'>internum</span> 
     </span>
     <span class='ocr_line' id='line_1_34' title="bbox 64 3743 1166 3826; baseline 0.001 -17"><span class='ocrx_word' id='word_1_288' title='bbox 64 3745 206 3809; x_wconf 92' lang='lat' dir='ltr'>verbum</span> <span class='ocrx_word' id='word_1_289' title='bbox 216 3753 370 3806; x_wconf 86' lang='lat' dir='ltr'>vocatur:</span> <span class='ocrx_word' id='word_1_290' title='bbox 397 3744 490 3826; x_wconf 88' lang='lat' dir='ltr'>atqui</span> <span class='ocrx_word' id='word_1_291' title='bbox 500 3743 731 3826; x_wconf 91' lang='lat' dir='ltr'>illaprocessio</span> <span class='ocrx_word' id='word_1_292' title='bbox 741 3747 845 3809; x_wconf 91' lang='lat' dir='ltr'>Verbi</span> <span class='ocrx_word' id='word_1_293' title='bbox 855 3747 955 3811; x_wconf 86' lang='lat' dir='ltr'>habet</span> <span class='ocrx_word' id='word_1_294' title='bbox 965 3768 1080 3810; x_wconf 89' lang='lat' dir='ltr'>omnes</span> <span class='ocrx_word' id='word_1_295' title='bbox 1090 3770 1166 3810; x_wconf 92' lang='lat' dir='ltr'>con-</span> 
     </span>
    </p>
   </div>
   <div class='ocr_carea' id='block_1_5' title="bbox 10 3928 1165 4277">
    <p class='ocr_par' dir='ltr' id='par_1_16' title="bbox 63 3928 1165 4191">
     <span class='ocr_line' id='line_1_35' title="bbox 99 3928 1165 4014; baseline -0.001 -14"><span class='ocrx_word' id='word_1_296' title='bbox 99 3947 110 3980; x_wconf 88' lang='lat'><strong>¹</strong></span> <span class='ocrx_word' id='word_1_297' title='bbox 130 3945 192 4001; x_wconf 85' lang='lat' dir='ltr'>Col.</span> <span class='ocrx_word' id='word_1_298' title='bbox 212 3945 236 4009; x_wconf 92' lang='lat'>1,</span> <span class='ocrx_word' id='word_1_299' title='bbox 258 3957 297 4014; x_wconf 86' lang='lat'>15.</span> <span class='ocrx_word' id='word_1_300' title='bbox 310 3973 345 3984; x_wconf 87' lang='lat'>-</span> <span class='ocrx_word' id='word_1_301' title='bbox 362 3949 373 3973; x_wconf 79' lang='lat'>²</span> <span class='ocrx_word' id='word_1_302' title='bbox 391 3928 464 3998; x_wconf 76' lang='lat' dir='ltr'>&#39;Adu</span> <span class='ocrx_word' id='word_1_303' title='bbox 485 3946 574 4010; x_wconf 72' lang='lat' dir='ltr'>Prax,</span> <span class='ocrx_word' id='word_1_304' title='bbox 593 3961 616 3998; x_wconf 88' lang='lat' dir='ltr'>c.</span> <span class='ocrx_word' id='word_1_305' title='bbox 636 3957 661 4009; x_wconf 91' lang='lat'>7.</span> <span class='ocrx_word' id='word_1_306' title='bbox 677 3975 712 3982; x_wconf 89' lang='lat'>-</span> <span class='ocrx_word' id='word_1_307' title='bbox 729 3951 739 3982; x_wconf 88' lang='lat'>³</span> <span class='ocrx_word' id='word_1_308' title='bbox 759 3945 799 3998; x_wconf 81' lang='lat' dir='ltr'>Cf.</span> <span class='ocrx_word' id='word_1_309' title='bbox 819 3945 942 4008; x_wconf 73' lang='lat' dir='ltr'>Palrz&#39;zi,</span> <span class='ocrx_word' id='word_1_310' title='bbox 964 3946 999 3998; x_wconf 88' lang='lat' dir='ltr'>de</span> <span class='ocrx_word' id='word_1_311' title='bbox 1021 3947 1165 4014; x_wconf 88' lang='lat' dir='ltr'>interpret.</span> 
     </span>
     <span class='ocr_line' id='line_1_36' title="bbox 63 4031 1164 4104; baseline -0.004 -14"><span class='ocrx_word' id='word_1_312' title='bbox 63 4032 172 4104; x_wconf 82' lang='lat' dir='ltr'>Script.</span> <span class='ocrx_word' id='word_1_313' title='bbox 186 4032 203 4087; x_wconf 91' lang='grc' dir='ltr'>Ι.</span> <span class='ocrx_word' id='word_1_314' title='bbox 220 4033 242 4098; x_wconf 92' lang='grc' dir='ltr'>Ι,</span> <span class='ocrx_word' id='word_1_315' title='bbox 254 4048 281 4087; x_wconf 88' lang='lat' dir='ltr'>n.</span> <span class='ocrx_word' id='word_1_316' title='bbox 299 4032 340 4098; x_wconf 87' lang='lat'>36.</span> <span class='ocrx_word' id='word_1_317' title='bbox 357 4060 388 4070; x_wconf 90' lang='lat'><em>-</em></span> <span class='ocrx_word' id='word_1_318' title='bbox 403 4032 518 4086; x_wconf 88' lang='lat' dir='ltr'>Patrum</span> <span class='ocrx_word' id='word_1_319' title='bbox 531 4031 693 4086; x_wconf 85' lang='lat' dir='ltr'>testimonia</span> <span class='ocrx_word' id='word_1_320' title='bbox 706 4033 788 4086; x_wconf 82' lang='lat' dir='ltr'>refert</span> <span class='ocrx_word' id='word_1_321' title='bbox 802 4034 912 4098; x_wconf 70' lang='lat' dir='ltr'>Petam,</span> <span class='ocrx_word' id='word_1_322' title='bbox 931 4033 977 4086; x_wconf 91' lang='lat' dir='ltr'>lib.</span> <span class='ocrx_word' id='word_1_323' title='bbox 999 4034 1032 4099; x_wconf 91' lang='lat' dir='ltr'>V,</span> <span class='ocrx_word' id='word_1_324' title='bbox 1050 4050 1072 4085; x_wconf 93' lang='lat' dir='ltr'>c.</span> <span class='ocrx_word' id='word_1_325' title='bbox 1088 4047 1102 4098; x_wconf 92' lang='lat'><strong><em>7</em></strong></span> <span class='ocrx_word' id='word_1_326' title='bbox 1122 4051 1164 4103; x_wconf 92' lang='lat' dir='ltr'>sq.</span> 
     </span>
     <span class='ocr_line' id='line_1_37' title="bbox 63 4116 1163 4191; baseline -0.003 -16"><span class='ocrx_word' id='word_1_327' title='bbox 63 4124 122 4162; x_wconf 90' lang='lat'>-⁴</span> <span class='ocrx_word' id='word_1_328' title='bbox 133 4118 256 4191; x_wconf 79' lang='lat' dir='ltr'>Apolog.</span> <span class='ocrx_word' id='word_1_329' title='bbox 272 4120 311 4188; x_wconf 88' lang='lat'>11,</span> <span class='ocrx_word' id='word_1_330' title='bbox 328 4119 353 4174; x_wconf 89' lang='grc'>6.</span> <span class='ocrx_word' id='word_1_331' title='bbox 370 4148 404 4157; x_wconf 91' lang='grc'><strong>-</strong></span> <span class='ocrx_word' id='word_1_332' title='bbox 416 4121 426 4155; x_wconf 89' lang='lat'>⁵</span> <span class='ocrx_word' id='word_1_333' title='bbox 440 4119 485 4173; x_wconf 90' lang='lat' dir='ltr'>De</span> <span class='ocrx_word' id='word_1_334' title='bbox 498 4117 610 4185; x_wconf 76' lang='lat' dir='ltr'>Trinit,</span> <span class='ocrx_word' id='word_1_335' title='bbox 622 4118 670 4171; x_wconf 83' lang='lat' dir='ltr'>lib.</span> <span class='ocrx_word' id='word_1_336' title='bbox 687 4120 739 4172; x_wconf 90' lang='lat' dir='ltr'>XI.</span> <span class='ocrx_word' id='word_1_337' title='bbox 756 4149 790 4157; x_wconf 83' lang='lat'>—-</span> <span class='ocrx_word' id='word_1_338' title='bbox 802 4116 812 4146; x_wconf 86' lang='lat'>⁶</span> <span class='ocrx_word' id='word_1_339' title='bbox 824 4120 877 4187; x_wconf 86' lang='lat' dir='ltr'>Ap.</span> <span class='ocrx_word' id='word_1_340' title='bbox 894 4119 1037 4187; x_wconf 84' lang='lat' dir='ltr'>Denzing.‚</span> <span class='ocrx_word' id='word_1_341' title='bbox 1052 4136 1078 4172; x_wconf 92' lang='lat' dir='ltr'>n.</span> <span class='ocrx_word' id='word_1_342' title='bbox 1093 4135 1163 4186; x_wconf 83' lang='lat'>2-13.</span> 
     </span>
    </p>

    <p class='ocr_par' dir='ltr' id='par_1_17' title="bbox 10 4194 502 4277">
     <span class='ocr_line' id='line_1_38' title="bbox 10 4194 502 4277; baseline -0.012 -12"><span class='ocrx_word' id='word_1_343' title='bbox 10 4194 22 4271; x_wconf 83' lang='grc' dir='ltr'>Ι</span> <span class='ocrx_word' id='word_1_344' title='bbox 60 4204 290 4272; x_wconf 68' lang='lat' dir='ltr'>-tse&#39;fbeol,</span> <span class='ocrx_word' id='word_1_345' title='bbox 306 4196 368 4277; x_wconf 81' lang='lat' dir='ltr'>1,&#39;q.</span> <span class='ocrx_word' id='word_1_346' title='bbox 384 4220 427 4274; x_wconf 86' lang='lat'>27,</span> <span class='ocrx_word' id='word_1_347' title='bbox 440 4224 464 4260; x_wconf 89' lang='lat' dir='ltr'>a.</span> <span class='ocrx_word' id='word_1_348' title='bbox 478 4221 502 4260; x_wconf 92' lang='lat'>2.</span> 
     </span>
    </p>
   </div>
   <div class='ocr_carea' id='block_1_6' title="bbox 0 0 1346 4634">
    <p class='ocr_par' dir='ltr' id='par_1_18' title="bbox 0 0 1346 4634">
     <span class='ocr_line' id='line_1_39' title="bbox 0 0 1346 4634; baseline 0 0"><span class='ocrx_word' id='word_1_349' title='bbox 0 0 1346 4634; x_wconf 95' lang='lat' dir='ltr'> </span> 
     </span>
    </p>
   </div>
  </div>
 </body>
</html>
