2684 4634
186 163 246 213 196
646 161 784 212 CAPUT
801 161 825 210 1.

186 340 216 397 in
230 341 351 399 nomine
366 342 402 397 D.
413 342 454 399 N.
467 342 538 414 Jesu
552 342 671 412 Christi,
689 342 756 399 Deo
770 351 799 399 et
813 340 891 398 Patri
900 343 925 371 ’³¹
930 359 939 410 3
957 339 1022 396 haec
1032 337 1111 396 enim
1122 338 1283 396 'solummo-

186 427 226 485 do
239 429 401 486 ostendunt
414 447 467 485 nos
483 429 549 486 Deo
563 429 640 485 Patri
649 429 761 500 ‚gratias
774 445 861 499 agere
874 444 926 498 per
939 426 1100 494 Christum,
1112 425 1174 496 qui,
1190 443 1283 496 quum

186 514 222 571 sit
236 515 319 572 Deus
332 525 360 572 et
374 515 474 584 homo,
488 525 532 573 est
546 516 692 586 perfectus
706 515 855 586 religionis
868 513 1022 572 mediator.

219 665 263 721 47.
299 649 339 719 (d)
348 652 468 705 Instant
474 649 646 719 adversarii;
660 649 794 707 Christus
804 647 847 704 sic
858 648 973 704 Patrem
983 644 1160 716 alloquitur:
1181 645 1282 702 “Haec

186 745 230 792 est
249 745 348 793 autem
368 735 428 793 vita
448 746 565 805 aeterna,
590 747 621 793 ut
641 745 825 807 cognoscant
844 743 872 792 te
891 734 988 791 solum
1010 729 1107 790 Deum
1126 750 1241 799 verum,
1256 742 1282 789 et

185 840 275 894 quem
298 822 399 880 misisti
422 823 525 895 Jesum
546 823 698 882 Christum
708 823 750 893 ''²;
778 823 859 880 unde
881 823 939 879 sic:
957 813 1016 879 'tlte
1033 820 1133 882 solum
1153 831 1199 878 est
1218 838 1282 878 vere

183 910 269 967 ¹Deus
291 911 340 981 qui
364 910 471 968 dicitur
491 911 567 967 salas
586 900 668 967 Dens
685 929 786 978 venian·
803 909 885 981 atqui
907 909 986 966 solus
1008 909 1096 966 'Pater
1114 907 1155 965 ibi
1175 907 1282 966 dicitur

186 995 268 1054 Deus
280 1015 365 1054 verus
373 1017 381 1069 ;
399 1015 477 1068 ergo.
931 1001 935 1009 '

219 1085 303 1155 Resp.
322 1084 388 1141 aaa
404 1084 560 1151 nzinarenr,·
578 1084 657 1141 solus
677 1085 763 1141 Pater
781 1093 902 1141 vocatur
923 1082 1015 1152 Deus,
1037 1091 1068 1138 ut
1087 1082 1282 1140 excludantur

184 1171 274 1238 idola,
288 1172 413 1238 conceda,
431 1182 463 1229 nt
482 1172 676 1231 excludantur
695 1172 786 1228 Filius
806 1181 835 1229 et
854 1171 979 1243 Spiritus
999 1170 1039 1235 S.,
1055 1187 1138 1240 nega·
1155 1189 1235 1241 nam,
1251 1180 1281 1227 ut

188 1258 346 1328 Gregorius
358 1259 505 1315 Nazianz.
521 1269 550 1317 et
563 1260 627 1329 ejus
640 1259 726 1317 irater
748 1258 893 1316 Casnrins
911 1266 1164 1328 argumentantur,
1180 1258 1203 1314 si
1218 1275 1280 1329 pro-

184 1353 287 1416 pterea
308 1345 390 1416 quod
413 1346 499 1403 Pater
518 1346 566 1402 hic
589 1346 668 1403 solus
687 1363 832 1416 verusque
853 1345 934 1402 Deus
944 1335 1125 1416 appellatur,
1138 1344 1281 1416 colligunt

183 1431 285 1488 Ariani
308 1432 415 1489 Filium
436 1451 496 1490 non
519 1450 582 1491 esse
605 1433 712 1503 Deum,
737 1432 879 1504 colligant
899 1432 988 1489 etiam
1010 1431 1119 1488 Filium
1139 1449 1200 1489 non
1220 1450 1281 1489 esse

183 1521 357 1590 sapientem,
377 1520 447 1591 quia
468 1520 553 1578 divus
574 1521 682 1577 Paulus
703 1521 794 1578 dicit:
821 1520 878 1576 sali
893 1520 1019 1592 sapienti
1036 1512 1100 1575 Dea
1112 1528 1170 1590 per
1179 1521 1280 1594 sesan

187 1606 468 1679 Cnn’stnngloria³,·
486 1608 626 1680 colligant
637 1627 696 1665 non
705 1626 770 1666 esse
779 1607 983 1676 immortalem,
995 1617 1024 1664 et
1033 1625 1093 1664 non
1103 1614 1167 1664 esse
1176 1607 1281 1665 lucem,

183 1694 254 1766 quia
267 1694 347 1751 idem
362 1695 470 1751 Paulus
484 1695 617 1752 scribit⁴z
641 1696 703 1767 Qui
712 1695 789 1751 salas
800 1694 885 1750 habet
895 1694 1149 1764 tnrnntartalitalenr,
1160 1695 1280 1751 etlncent

183 1783 332 1840 inhabitat
342 1783 563 1854 inaccessibilem,
580 1802 648 1840 cum
662 1801 693 1840 se
706 1782 840 1842 Christus
855 1783 962 1854 passim
976 1782 1065 1840 vitam
1080 1793 1109 1840 et
1121 1783 1221 1840 lucem
1234 1801 1281 1840 vo-

183 1871 255 1928 cet⁵.
295 1871 411 1928 Revera
424 1889 481 1928 vox
492 1871 583 1926 selum
599 1889 660 1927 non
673 1879 718 1927 est
730 1859 895 1942 sabjeiInm,
911 1870 964 1928 sed
982 1869 1158 1925 attributam
1175 1888 1280 1941 propo·

183 1958 306 2027 sitionis,
323 1967 355 2015 ut
373 1964 409 2015 ex
427 1967 507 2015 textu
527 1976 623 2029 graeco
643 1967 733 2029 patet,
749 1957 788 2014 ita
808 1966 839 2013 ut
858 1974 960 2014 sensus
979 1956 1033 2013 sit:
1055 1966 1086 2014 ut
1099 1967 1282 2028 cognoscant

183 2054 222 2111 te,
238 2044 289 2115 qui
302 2063 334 2102 es
348 2044 395 2102 ille
411 2045 501 2115 Deus,
518 2045 569 2116 qui
582 2046 661 2102 solus
680 2063 766 2103 verus
785 2062 824 2114 eS,
838 2051 881 2100 “rsa
899 2045 1070 2117 γινώσκουσιν
1090 2045 1119 2101 σέ
1137 2047 1184 2099 τὸν
1204 2046 1281 2113 μόνον

183 2130 397 2198 &antiomenon
436 2132 564 2191 Aliunde
576 2150 633 2189 vox
646 2133 743 2189 Deum
756 2132 803 2188 hic
823 2131 978 2202 designare
997 2141 1094 2202 potest
1114 2132 1212 2188 Deum
1232 2131 1281 2187 [νὶ-

183 2235 261 2287 nnm,
279 2217 308 2273 in
322 2219 406 2288 cujus
419 2219 670 2290 contemplatione
682 2228 791 2276 aeterna
802 2219 862 2276 vita
874 2217 1016 2275 consistit.

216 2356 256 2421 48.
297 2351 336 2423 (e)
348 2351 471 2408 Instant
482 2353 605 2410 iterum:
627 2353 656 2410 Si
677 2353 769 2410 Filius
787 2362 838 2409 aut
859 2352 984 2424 Spiritus
1002 2369 1070 2410 vere
1091 2353 1175 2412 Deus
1194 2366 1279 2421 esset,

183 2439 300 2510 utrique
320 2439 468 2497 orationes
491 2440 587 2497 offerri
606 2439 749 2498 deberent
756 2460 765 2511 3
783 2439 866 2510 atqui
885 2439 939 2496 soli
960 2439 1038 2497 Patri
1057 2458 1160 2512 preces
1179 2443 1282 2500 offerre

181 2525 344 2599 jubemurss.

219 2617 311 2687 Resp.
337 2634 405 2685 nega
430 2616 581 2684 nn'narem,·
599 2634 668 2673 nam
689 2616 825 2674 Christus
845 2616 890 2674 de'
903 2616 1002 2689 seipso
1021 2615 1112 2675 dixit:
1136 2619 1190 2675 “si
1210 2620 1283 2691 qnid

183 2703 324 2776 petieritis
344 2722 386 2758 me
405 2703 434 2758 in
454 2703 576 2760 nomine
596 2722 661 2773 enee,
680 2703 739 2760 hoc
749 2703 862 2774 faciam
871 2702 886 2728 ”
895 2712 911 2773 ⁷,
934 2702 985 2760 ubi
1004 2713 1105 2775 aperte
1123 2704 1283 2764 declaravit

184 2809 286 2864 preces
299 2791 354 2848 sibi
369 2791 464 2848 offerri
478 2808 577 2862 posse,
596 2810 648 2847 cur
660 2792 747 2862 igitur
760 2790 887 2849 Unitarii
906 2790 1070 2862 Scripturas
1088 2793 1227 2852 mutilant
1245 2795 1283 2853 ad

183 2894 253 2933 suos
266 2892 377 2933 errores
391 2874 640 2946 propugnandos?
659 2874 749 2931 Ratio
761 2884 860 2932 autem
875 2892 926 2931 cur
939 2893 1042 2947 preces
1051 2877 1236 2948 frequentius
1244 2880 1283 2938 ad

184 2965 301 3020 Patrem
315 2962 489 3033 diriguntur,
502 2971 545 3019 est
559 2962 628 3033 quia
642 2963 711 3033 Ipse
724 2972 865 3033 tanquam
879 2962 982 3020 audior
992 2972 1021 3022 et
1031 2963 1210 3037 principium
1222 2985 1283 3026 orn-

184 3051 267 3107 nium
281 3050 428 3107 bonorum
442 3049 652 3119 consideratur,
670 3059 701 3106 ut
714 3050 788 3106 insta
801 3050 923 3122 patebit.

224 3200 273 3264 49.
320 3185 417 3244 Tanis
438 3194 491 3245 2⁰:
527 3185 741 3263 Mysterium
768 3184 832 3249 SS.
859 3184 1048 3251 Trinitatis
1073 3187 1283 3255 Traditione

183 3282 313 3346 invicte
328 3281 623 3346 demonstratur⁸.

219 3478 343 3545 1ΕρΙιεε.
360 3479 395 3541 V,
412 3494 453 3531 20.
470 3509 504 3516 -
516 3479 599 3545 Ἴσα.
616 3479 712 3541 XVll,
729 3492 753 3543 3.
770 3481 917 3532 -2R01n
933 3481 1012 3544 XVl,
1029 3494 1070 3545 27.
1085 3513 1119 3520 —
1137 3486 1147 3518 ⁴
1165 3485 1185 3536 l
1203 3485 1232 3536 Τ
1229 3487 1279 3538 int.

182 3567 233 3632 Vl,
254 3567 293 3618 16.
309 3595 344 3602 -
356 3567 366 3600 ⁵
378 3565 538 3617 Maldonat.
555 3565 583 3616 in
596 3565 623 3616 lt.
639 3566 688 3618 lac.
1168 3572 1171 3577 '

218 3648 325 3704 ⁰Matt.
340 3653 392 3713 Vl,
407 3666 435 3718 93
448 3652 513 3718 lna.
532 3652 580 3714 lV,
598 3665 642 3716 233
662 3653 742 3719 XVI,
756 3667 789 3718 23
802 3652 877 3720 apud
884 3653 917 3721 J.
935 3654 1044 3720 Clarke,
1057 3655 1076 3708 l.
1093 3656 1137 3710 cit.

217 3729 227 3762 ⁷
232 3738 298 3806 Jaa.
311 3739 390 3800 XIV,
411 3753 448 3804 14.

217 3824 296 3878 ”Cin
312 3825 457 3889 Patavina,
481 3825 620 3889 Praefatio,
641 3835 669 3879 et
688 3826 733 3879 lib.
757 3828 781 3891 1;
800 3828 879 3890 Ball,
903 3827 1038 3882 Defensio
1057 3829 1121 3883 fidei
1143 3831 1283 3896 Nicaenae3

185 3912 361 3978 Ginoallaiae,
376 3912 501 3966 Histoire
515 3913 552 3965 du
566 3913 669 3980 dogme
682 3914 798 3977 cathol,
811 3915 858 3967 lib.
873 3917 924 3982 Vl,
937 3933 991 3984 sq.;
1011 3918 1159 3986 Newman,
1171 3919 1283 3986 Arians,

182 4016 207 4067 p.
222 4000 244 4061 l,
258 4016 281 4051 c.
299 4015 323 4065 a,
338 4016 362 4067 p.
381 4000 429 4067 156
443 4016 498 4068 sq.;
518 4001 650 4064 Perenne,
665 4015 710 4053 101
723 4018 775 4070 sq.;
795 4003 958 4070 Franaeltn,
970 4005 1009 4057 th.
1021 4005 1097 4070 8-11;
1116 4007 1214 4075 Knoll,
1225 4006 1240 4077 ξ,
1251 4023 1282 4074 72

183 4101 239 4153 sq.;
258 4088 353 4138 Ranae
364 4087 412 4138 des
424 4088 548 4140 Sciences
561 4088 798 4156 Ecclaurizsa‘ques,
812 4090 911 4158 juillet,
924 4090 998 4159 aodt,
1009 4092 1135 4146 decemb.
1151 4093 1227 4162 1882,
1237 4096 1283 4149 ubi

183 4174 453 4228 Ante-Nicaenorum
468 4175 582 4228 Patrurn
595 4174 723 4228 doitrina
737 4177 831 4230 critice
844 4179 1012 4246 expenditur
1024 4197 1042 4234 a
1054 4180 1246 4236 Ratnbouillet
1257 4196 1283 4238 et

183 4260 200 4311 I
203 4259 334 4312 huiusne.
