2684 4634
117 173 176 224 318
566 173 705 224 CAPUT
723 173 764 223 11.

117 356 317 438 hypnoticu's
333 357 430 418 variis
447 366 641 438 procuratur
653 357 779 432 mediis,
789 357 879 420 vocis
892 357 1041 438 imperio,
1051 358 1212 420 autetiam

118 461 260 541 simplici
273 461 415 522 mentali
422 461 646 541 suggestione,
655 461 705 522 vel
717 459 888 524 oculorum
901 459 1051 541 aspeitu,
1060 448 1210 522 manuum

118 560 377 626 contrectatione
393 572 453 624 etc.
501 563 692 625 Generatim
708 563 865 625 asseritur
879 552 1058 640 neminem,
1075 563 1107 625 in
1131 572 1209 625 statu

118 665 464 755 vigilia,hypnotizari
475 666 650 746 posse‚nisi
668 666 757 747 prius
769 686 966 728 consensum
979 665 1099 729 saltem
1113 666 1208 747 impli-

118 768 182 829 cite
198 769 346 844 dederit;
372 769 430 829 sed
457 788 593 829 somnus
619 767 778 831 naturalis
803 769 837 830 in
861 767 1082 850 hypnoticum
1100 768 1207 830 mutari

119 879 237 950 potest.
286 870 456 951 Praecipua
487 880 599 933 autem
637 871 843 953 hypnotismi
882 871 1106 953 phaenomena
1142 878 1207 932 sunt

118 973 280 1046 semeitica,
297 972 526 1036 intellellualia
542 974 592 1035 vel
609 974 719 1035 sanata.

170 1076 292 1149 Priora,
314 1095 389 1155 quae
412 1076 459 1136 sic
483 1086 644 1139 vocantur
668 1076 746 1156 quia
762 1097 880 1158 corpus
896 1075 1016 1158 (σῶμα)
1033 1062 1202 1158 praesertin

120 1176 275 1253 afficiunt,
292 1186 370 1238 sunt
385 1176 556 1258 lethargia,
568 1178 736 1259 catalepsis
751 1186 784 1240 et
797 1179 1204 1254 somnambulzimus1,licet
1252 1186 1254 1267 ξ

121 1301 186 1342 non
203 1300 334 1361 semper
349 1281 467 1342 eodem
484 1281 600 1343 ordine
623 1281 685 1342 sibi
706 1281 895 1357 succedant,
910 1291 943 1344 et
966 1283 1056 1344 varie
1081 1304 1100 1344 a
1123 1282 1202 1345 variis

120 1381 310 1446 audioribus
320 1382 558 1446 describantur.
597 1384 633 1445 ln
646 1392 734 1446 statu
746 1384 926 1468 lethargica,
936 1406 1079 1467 persona
1091 1388 1202 1468 hypno-

120 1490 222 1550 tizata
237 1508 394 1550 sensuum
410 1509 472 1550 usu
488 1489 690 1562 destituitur,
706 1498 739 1550 et
763 1489 962 1551 insensibilis
987 1509 1061 1551 esse
1083 1490 1202 1554 videtur.

120 1592 199 1653 dum
216 1590 350 1652 aliunde
366 1611 482 1652 vocem
500 1590 751 1672 hypnotizantis
767 1592 869 1667 audit,
884 1602 917 1655 et
940 1590 1027 1654 clare
1052 1593 1203 1674 percipere

119 1693 250 1755 videtur
264 1693 377 1754 omnia
392 1713 466 1773 quae
483 1692 525 1754 ab
541 1713 581 1754 eo
597 1692 834 1755 describuntur.
881 1695 920 1756 In
933 1703 1021 1757 statu
1033 1693 1204 1776 cataleptici,

121 1795 358 1877 hypnotizatus
374 1795 555 1857 immobilis
571 1805 630 1870 est,
646 1796 737 1857 velut
761 1797 923 1859 attonitus
948 1807 981 1860 et
1006 1791 1205 1880 stupefactus

121 1897 255 1978 ejusque
273 1897 422 1959 membra
438 1918 566 1959 ceream
592 1898 837 1961 flexibilitatem
862 1901 1045 1981 acquirunt,
1061 1901 1206 1981 variisque

122 2003 267 2065 motibus
283 2013 427 2083 aguntur
443 2005 578 2083 quando
591 2005 633 2065 ab
645 2004 885 2086 hypnotizante
898 2012 1087 2084 tanguntur,
1132 2004 1207 2065 Tan-

120 2107 197 2168 dem
215 2107 247 2167 in
265 2115 356 2168 statu
372 2107 661 2183 sarnrrambulismi,
677 2104 915 2188 hypnotizatus
939 2105 1038 2166 variis
1064 2100 1208 2167 illusioni>

121 2210 183 2271 bus
199 2218 231 2270 et
247 2207 562 2270 hallucinationibus
588 2209 756 2272 obnoxius
780 2217 839 2284 est,
855 2207 898 2270 ad
924 2218 1040 2271 nutum
1067 2203 1209 2290 hypnoti·

122 2312 236 2386 zantis,
252 2311 391 2391 ejusque
406 2331 523 2373 sensus
539 2321 573 2375 et
589 2312 764 2377 facultates
779 2311 947 2373 sensitivae
964 2311 1010 2374 ita
1033 2313 1212 2374 excitantur

159 2605 166 2626 ¹
180 2601 301 2655 “Status
315 2599 436 2652 hominis
450 2599 599 2668 lethargici
610 2600 759 2669 praecipuae
770 2611 845 2654 notae
855 2610 938 2655 sunt:
958 2600 1038 2669 pellis
1048 2611 1077 2654 et
1086 2601 1213 2655 membra·
1252 2586 1254 2685 ἱ

124 2707 222 2745 narum
235 2704 411 2741 mucosarum
426 2686 628 2740 insensibilitas
642 2689 779 2754 absoluta,
793 2705 941 2742 nervorum
952 2698 1092 2743 motorum
1103 2689 1214 2742 maxima
1252 2690 1254 2701 '

124 2777 302 2841 irritabilitas,
319 2785 347 2827 et
360 2774 516 2842 generatim
529 2774 565 2826 ad
580 2774 789 2842 suggestionem
803 2785 830 2828 et
849 2768 1100 2830 hallucinationem
1119 2768 1213 2828 idonei·
1252 2760 1254 2773 ²

125 2865 190 2918 tatis
204 2863 363 2917 deiectus...
405 2861 559 2930 Catalepsis
576 2865 649 2914 nota
662 2863 810 2930 singularis
830 2873 873 2917 est
892 2862 1084 2929 immobilitas,
1099 2861 1214 2931 rigiditas

51 3009 53 3011 ,
126 2960 224 3005 statuae
238 2951 358 3002 instar...
399 2948 555 3001 Positiones
566 2948 752 3015 difficillimas,
762 2959 842 3016 prout
854 2949 998 3018 recipiunt,
1008 2949 1069 3003 sine
1079 2944 1213 3018 apparenti

126 3039 230 3101 labore,
243 3037 370 3088 membra
384 3045 561 3100 conservant,
575 3044 601 3086 et
616 3034 639 3085 si
652 3050 748 3086 eorum
762 3035 847 3086 situm
861 3044 970 3087 mutare
983 3034 1062 3088 alteri
1079 3033 1214 3103 placuerit,

126 3125 239 3178 minime
253 3123 440 3176 renituntur...
481 3122 565 3175 Pellis
576 3121 696 3174 maxime
707 3121 867 3174 efficacibus
878 3120 1124 3185 provocationibus
1134 3122 1216 3174 insen·

127 3211 215 3264 sibilis
229 3219 334 3271 manet3
355 3219 399 3284 ast
413 3209 528 3277 quidam
548 3226 655 3273 sensus,
669 3218 698 3261 ut
718 3225 817 3262 sensus
836 3209 1011 3275 rnusculariS,
1025 3209 1100 3262 visus
1120 3219 1148 3263 et
1167 3224 1217 3277 spe·

127 3299 222 3353 ciatim
236 3296 347 3349 auditus
362 3312 441 3349 suam
455 3296 596 3350 actionem
610 3297 709 3349 saltem
724 3297 751 3348 in
771 3305 848 3363 parte
869 3306 1045 3362 conservant,
1058 3306 1087 3349 et
1107 3295 1146 3349 ita
1165 3311 1219 3363 sug·

127 3385 247 3455 gestioni
262 3382 374 3436 obnoxii
389 3393 487 3435 sunt...
529 3372 735 3437 intellectuales
749 3383 897 3436 facultates
911 3382 939 3434 in
959 3393 1034 3436 statu
1052 3384 1223 3455 somnambu·

127 3474 206 3525 ldiaeu‘
216 3469 338 3522 maxima
352 3471 541 3523 commotione
556 3471 722 3533 afficiuntur3
741 3469 891 3537 subsiliunt
905 3469 1107 3537 quaestionibus
1120 3487 1223 3539 praepo-

129 3559 189 3613 sitis
202 3558 352 3626 respondet
366 3567 394 3610 et
408 3558 633 3626 suggestionibus
653 3556 820 3624 perdiversis
840 3555 991 3608 obnoxium
1010 3564 1061 3609 est.
1103 3556 1226 3610 Effetlus

128 3647 175 3716 qui
188 3663 222 3699 ex
235 3644 278 3696 his
293 3633 518 3712 suggestionibus
532 3643 676 3705 resultant,
691 3643 747 3696 sere
761 3641 898 3696 innumeri
913 3652 984 3710 sunt,
998 3653 1025 3696 et
1040 3644 1225 3698 somnambuli

129 3731 254 3786 adliones
274 3747 350 3799 saepe
370 3730 472 3799 saepius
492 3730 660 3798 prodigiosae
685 3740 830 3797 apparent.
873 3729 1068 3783 Somnambuli
1094 3741 1188 3785 motus
1212 3749 1228 3784 a

130 3819 250 3874 motibus
265 3818 421 3887 cataleptici
437 3818 575 3884 differunt,
589 3819 635 3886 qui
655 3818 789 3870 autboma
809 3827 860 3883 est,
876 3833 939 3871 vere
958 3817 1090 3872 machina
1109 3835 1229 3887 operans

130 3905 280 3973 inconscia,
307 3905 367 3959 sine
394 3905 457 3970 fine,
486 3904 679 3958 sensibilitatis
712 3904 944 3971 impressionibus
976 3921 1050 3958 caece
1082 3905 1227 3960 obediens.

132 3994 348 4048 Soninambulus
367 4010 383 4044 e
403 4003 499 4044 contra
513 4002 555 4045 est
567 3993 724 4061 subjetium,
739 4009 867 4060 persona,
881 4001 981 4060 sponte
994 4009 1090 4060 agens,
1104 3995 1230 4064 proprios

131 4083 237 4135 habens
251 4091 351 4144 motus,
366 4089 412 4133 aut
427 4078 567 4147 operantis
582 4078 716 4131 voluntati
731 4078 875 4144 obediens,
890 4079 939 4131 sed
953 4079 1079 4148 quadam
1099 4079 1232 4150 indepen-

130 4166 234 4232 dentia,
248 4166 370 4235 quadarn
384 4165 564 4232 conscientia,
580 4163 691 4233 propria
704 4174 799 4218 tamen
813 4164 1055 4218 somnambulistni
1069 4176 1096 4219 ct
1111 4165 1191 4236 cujus
1205 4168 1232 4220 in

119 4256 225 4328 vigiliae
237 4266 314 4312 statu
329 4275 387 4312 non
403 4254 559 4312 meminit.''
574 4255 776 4324 (Bjiirnstriut,
788 4269 834 4318 op.
848 4251 895 4303 cit.
906 4268 931 4303 c.
945 4251 980 4316 tl
