2684 4634
221 183 277 232 DE
295 183 599 235 consnc'rnmts
617 184 862 246 UTRIUSQUE
881 185 1102 235 MYSTERII.
1154 186 1220 237 589

118 375 172 427 est
188 374 295 429 mater
310 366 447 442 Christi,
474 386 554 447 ergo
568 365 622 445 jus
638 365 739 428 habet
755 363 906 428 strittum
925 375 961 428 ut
977 367 1020 428 ab
1035 387 1075 428 eo
1091 377 1221 429 ametur

117 477 155 531 et
170 479 304 532 veneret
306 491 359 548 ur;
384 469 465 551 (b)
453 491 508 551 jus
532 471 642 532 minus
666 468 817 532 strit'tum
842 469 943 531 habet
966 470 1008 531 ad
1035 470 1121 532 illius
1143 471 1220 532 obe-

117 573 226 634 dient
203 581 299 649 t1;am
332 593 397 635 non
422 573 524 635 habet
548 573 709 653 quidemj
715 580 806 634 ust
775 570 926 633 strictum
947 582 983 634 ut
1010 572 1052 633 ab
1079 593 1119 634 eo
1144 574 1220 634 obe·

116 673 241 750 diatur,
256 675 342 755 quia,
359 673 472 737 stritte
488 674 665 755 loquend0,
689 673 850 753 Christus,
866 677 897 737 vi
915 677 1046 738 unionis
1063 676 1220 758 hyposta-

117 775 206 850 ticae,
218 777 367 857 superior
381 787 452 839 erat
469 777 566 839 matri
583 798 660 851 suae,
670 787 703 839 et
716 779 878 857 potuisset
895 781 938 841 ab
955 779 1041 841 illius
1054 788 1221 860 potestate

117 880 326 960 emancipari
336 901 343 956 ;
392 889 551 955 attamen,
584 882 626 942 de
661 876 758 953 sarto,
790 881 976 942 voluntarie
1007 882 1036 942 ei
1067 880 1222 954 obedivit,

115 980 221 1060 juxta
251 981 358 1044 illud:
400 983 514 1044 “Erat
545 981 698 1043 subditus
730 982 793 1043 illis
805 983 830 1056 '’,
860 992 893 1044 et
933 983 989 1044 illa
1026 982 1219 1045 obedientia

118 1083 247 1146 fluebat
262 1103 305 1145 ex
323 1085 465 1147 naturali
483 1084 666 1147 reverentia
676 1104 777 1163 quam
795 1083 880 1145 filius
892 1085 1125 1147 haberedebet
1141 1104 1220 1164 erga

119 1195 264 1248 matrem
277 1199 296 1248 1.

156 1334 215 1390 271.
254 1319 379 1391 Propter
388 1329 500 1376 tantam
511 1319 696 1389 dignitatem,
711 1320 812 1375 Patres
823 1319 967 1376 nonnulla
978 1319 1136 1390 Scripturae
1145 1320 1222 1376 testi-

119 1405 225 1462 monia
237 1407 277 1464 ad
290 1416 415 1465 matrem
430 1407 487 1464 Dei
501 1425 590 1464 sensu
604 1407 705 1479 typico
718 1406 765 1464 vel
783 1407 1048 1464 accommodatitio
1067 1409 1197 1465 referunt
1215 1429 1221 1464 :

119 1493 163 1560 (a)
178 1509 213 1549 ex
219 1493 346 1564 psalmis
359 1494 415 1564 illa,
434 1494 462 1549 in
477 1493 586 1564 quibus
597 1493 764 1551 celebratur
778 1493 920 1564 splendor
933 1504 961 1550 et
975 1493 1116 1551 santtitas
1131 1494 1222 1550 laber-

120 1580 224 1636 naculi
234 1581 334 1653 tantali
343 1581 468 1638 civitatis
483 1581 577 1652 Deir,
605 1590 634 1638 et
653 1581 759 1638 merito
773 1580 903 1651 quidem,
921 1581 974 1637 suit
988 1581 1069 1638 enim
1083 1582 1115 1638 B.
1133 1580 1224 1651 Virgo

121 1667 246 1737 speciali
265 1667 379 1726 ratione
399 1667 623 1726 tabernaculum
637 1678 666 1725 et
680 1666 826 1737 templum
843 1667 914 1733 Dei;
934 1668 975 1737 (b)
988 1668 1089 1723 onmia
1108 1685 1175 1738 quae
1193 1667 1223 1722 in

120 1755 244 1812 laudem
271 1755 386 1826 Spomae
413 1755 553 1814 dicuntur
581 1755 611 1811 in
634 1755 753 1812 Cantica
772 1753 1007 1812 Canticorum³:
1047 1773 1115 1812 vera
1143 1754 1224 1813 enim

122 1857 234 1911 sponsa
243 1840 352 1899 Christi
363 1852 406 1899 est
418 1842 567 1900 Ecclesia:
582 1860 670 1913 porro
681 1843 756 1898 inter
768 1841 912 1897 Ecclesiae
923 1841 1055 1898 membra
1066 1852 1145 1898 certe
1154 1841 1225 1898 emi-

123 1936 177 1984 net
196 1927 230 1984 B.
246 1928 354 1999 Virgo;
383 1929 421 1998 (c)
435 1947 502 2000 quae
521 1929 551 1984 in
570 1928 653 1985 libris
667 1925 896 1999 Sapientialibus
910 1927 948 1985 de
961 1928 1063 1984 divina
1076 1927 1226 1999 Sapientia

123 2013 323 2084 praedicantur
330 2015 347 2084 ⁴,
360 2015 473 2086 quippe
486 2033 553 2086 quae
562 2016 595 2071 Β.
606 2014 735 2085 Virginis
750 2016 915 2085 puritatem,
929 2032 998 2073 eum
1011 2016 1077 2072 Deo
1090 2015 1225 2071 intimam

124 2101 362 2172 familiaritatem,
379 2112 408 2160 et
422 2113 519 2173 partes
530 2120 604 2174 quas
618 2103 647 2157 in
661 2103 766 2159 mundi
784 2102 969 2173 reparatione
982 2103 1095 2172 hahuit,
1112 2102 1226 2173 optime

124 2187 280 2246 illustrant.
925 2226 929 2232 ·

162 2275 209 2331 Ex
221 2275 277 2333 hac
290 2275 435 2346 dignitate
449 2275 716 2333 maternitatDeiis
731 2275 827 2331 fluunt
841 2275 942 2331 omnia
956 2274 1150 2346 privilegiaB.
1164 2273 1227 2329 Vir-

125 2363 187 2460 gini
207 2381 358 2421 concessa.
395 2363 495 2420 Recte
517 2363 666 2434 siquidem
684 2363 725 2419 ait
742 2362 893 2419 Cornelius
905 2381 923 2417 a
941 2361 1087 2432 Lapide⁵2
1121 2361 1136 2388 “
1130 2360 1228 2417 ‘Sicut

125 2450 208 2506 enim
227 2449 398 2507 humanitas
412 2450 531 2519 Christi,
545 2449 616 2521 quia
630 2449 730 2507 Verbo
751 2450 833 2506 unita
853 2449 891 2509 ab
911 2466 947 2505 eo
966 2448 1076 2520 accipit
1065 2448 1148 2504 ttdo
1137 2457 1180 2504 tes
1199 2458 1229 2504 et

126 2537 279 2609 privilegta
293 2537 341 2594 talr
357 2538 509 2594 unioneet
519 2555 661 2607 conjugio
675 2536 804 2607 digna
810 2536 873 2592 sic
888 2535 1044 2606 pariterD‚
1060 2535 1094 2591 B.
1110 2533 1226 2605 Virgini

126 2625 247 2695 largitus
261 2634 304 2681 est
317 2624 419 2681 onmia
433 2623 609 2680 charismata
623 2632 653 2679 et
666 2622 862 2691 decoraque
876 2621 965 2677 talem
979 2630 1104 2676 matrem
1119 2619 1228 2676 Christi

162 2795 171 2826 ¹
183 2799 392 2865 Nonnunquam
405 2806 533 2865 quaerunt
548 2797 740 2848 Protestantes
754 2811 803 2846 cur
820 2794 856 2846 de
872 2793 971 2845 Mariae
985 2791 1122 2859 dignitate
1136 2792 1230 2842 Evan-

125 2886 201 2954 gelia
220 2895 277 2938 tam
296 2901 382 2953 parce
412 2885 569 2952 loquantur.
616 2882 700 2935 Ratio
726 2891 769 2935 est
788 2881 854 2949 quia
874 2879 1003 2932 docendo
1025 2877 1145 2930 Mariam
1166 2892 1228 2929 esse

126 2973 254 3025 Matrem
267 2972 349 3039 sesu,
363 2972 492 3024 Matrem
516 2971 645 3034 Domini,
659 2969 755 3021 omnia
774 2964 999 3034 completluntur
1018 2963 1148 3017 encomia
1167 2978 1230 3030 quae

126 3060 181 3130 ipsi
195 3059 277 3114 tribui
288 3070 414 3128 possunt.
451 3059 536 3126 Quod
551 3057 686 3110 intellexit
700 3057 761 3124 ipse
770 3056 913 3107 Lutlzerus
921 3050 1046 3104 scribens
1059 3051 1227 3116 (Comment.

128 3150 166 3202 ad
180 3151 212 3202 B.
222 3149 256 3202 V.
268 3149 308 3200 M.
322 3149 411 3213 Cant,
426 3164 469 3215 op.
483 3146 533 3210 lX,
548 3145 590 3213 85,
602 3145 647 3198 ed.
665 3144 743 3212 1554)
757 3162 763 3196 :
793 3143 808 3169 “
819 3142 881 3210 Qua
902 3157 931 3193 re
944 3138 1036 3205 (titulo
1050 3137 1147 3190 matris
1163 3135 1229 3202 Dei)

128 3248 188 3290 tam
201 3235 337 3304 praeclara
350 3244 379 3287 et
392 3233 520 3300 ingentia
533 3232 610 3284 bona
623 3231 649 3282 ei
663 3231 732 3283 data
746 3238 810 3282 sunt
824 3240 854 3282 ut
868 3235 1001 3295 superent
1015 3234 1128 3291 captum
1142 3222 1231 3289 cujus·

128 3340 263 3392 cumque;
283 3322 349 3374 hinc
363 3322 438 3375 enim
453 3319 545 3373 omnis
559 3320 653 3370 honos
667 3335 700 3370 ac
714 3317 860 3370 beatitudo
874 3312 1002 3383 provenit
1016 3322 1045 3363 ut
1059 3311 1087 3362 in
1102 3308 1231 3361 universo

128 3428 232 3481 genere
244 3411 369 3464 humano
382 3409 465 3462 unica
484 3407 520 3460 sit
539 3422 661 3474 persona
681 3404 808 3472 superior
821 3399 937 3466 cunctis,
956 3398 999 3452 cui
1019 3414 1102 3450 nemo
1121 3396 1158 3448 sit
1171 3411 1229 3462 par,

129 3499 284 3568 quodcum
297 3495 405 3550 coelesti
421 3496 503 3547 Patre
518 3494 621 3547 Filium
642 3503 753 3545 tantum
772 3491 877 3543 habeat
896 3502 1116 3541 communem
1156 3484 1233 3549 Ergo

128 3596 278 3656 propterea
297 3584 380 3637 unico
399 3583 483 3636 verbo
504 3591 579 3634 totus
602 3579 662 3648 ejus
683 3581 773 3632 honos
794 3575 976 3639 concluditur,
994 3573 1016 3624 si
1031 3571 1166 3624 Parentis
1180 3569 1233 3622 Dei

130 3671 298 3739 insigniatur
306 3670 526 3732 nomenclatura,
536 3664 767 3735 quandoquidem
784 3680 867 3716 nemo
880 3661 988 3728 majora
1001 3659 1044 3711 vel
1055 3659 1091 3711 de
1105 3657 1153 3708 illa
1163 3671 1232 3723 prae·

129 3759 226 3812 dicare
244 3758 288 3810 vel
308 3757 347 3809 illi
361 3756 495 3808 nunciare
515 3753 615 3822 possit,
634 3749 745 3804 etiamsi
759 3759 801 3803 tot
814 3750 924 3816 linguas
938 3747 1042 3799 habeat
1061 3755 1129 3812 quot
1148 3744 1233 3796 flores

129 3859 205 3902 terra
216 3845 414 3913 herbulasque,
425 3844 528 3895 coelum
543 3841 650 3905 stellas,
663 3856 697 3891 ac
711 3855 789 3891 mare
803 3837 922 3890 sustinet
935 3849 1036 3887 arenas
1044 3833 1066 3884 ’'.

164 3933 231 3988 Ἣ.
249 3922 477 3999 Lxxxv1,1-3;
497 3930 584 3992 utu,
601 3940 626 3995 5;
648 3926 782 3991 cxxxi,
801 3939 844 3996 ,¹33
866 3922 979 3986 xviri,
996 3922 1036 3971 16.

165 4022 293 4076 ⁸Cantic.
310 4022 348 4087 ΙΙ,
363 4037 390 4084 23
412 4020 461 4083 IV,
475 4031 502 4082 73
523 4018 573 4080 Vl,
588 4031 612 4080 9.

164 4112 271 4164 ⁴Prav.
287 4110 374 4173 Vlll;
394 4107 481 4159 Ecclz'.
497 4105 607 4167 XXIV3
628 4103 693 4169 Sap.
710 4101 775 4152 Vll.
816 4101 860 4152 De
874 4098 917 4150 his
932 4095 1053 4150 textibus
1067 4091 1184 4161 aliisque
1199 4088 1235 4142 si-

130 4200 254 4266 milibus,
267 4198 302 4252 cf.
318 4198 430 4262 Livius,
445 4212 489 4264 op.
507 4195 554 4247 cit.
571 4210 596 4260 p.
611 4189 720 4256 63-116.

166 4289 218 4339 ⁵ln
233 4287 314 4337 Matt.
332 4286 352 4349 l,
368 4286 392 4337 6.
