2684 4634
287 190 343 239 DE
362 190 581 241 MYs'rumo
600 191 937 242 REDEMPTIONIS.
1103 195 1165 244 531

53 368 165 449 gratis
190 388 250 450 per
274 371 416 449 gratiam
444 371 556 452 ipsius,
581 391 639 452 per
663 372 926 453 redemptionem
953 394 1028 453 quae
1055 384 1106 435 est
1133 375 1165 435 in

55 469 194 535 Christo
222 472 339 552 Jesu”.
386 472 540 537 Gratuita
571 475 671 556 igitur
701 485 751 538 est
783 476 969 556 redemptio
1000 497 1044 538 ex
1068 487 1168 556 parte

55 572 170 650 nostri,
187 573 263 638 licet
279 575 422 656 pretium
439 564 677 657 redemptionis
694 598 713 638 a
730 576 863 639 Christo
882 597 942 658 pro
966 577 1062 639 nobis
1079 579 1165 642 solu-

56 686 130 739 tum
149 676 255 741 fuerit.
798 756 803 764 Ι

101 780 173 858 189.
222 777 288 865 (B)
313 782 474 845 Instant:
496 783 746 862 Justitia·vetat
774 802 815 843 nc
844 783 1003 844 innocens
1026 803 1086 863 pro
1110 804 1168 844 reo

57 883 226 964 puniatur,
242 885 424 964 praesertim
449 885 482 945 in
506 889 605 947 causa
628 886 783 966 capitali;
806 887 899 965 atqui
923 886 1074 949 Christus
1095 897 1168 969 erat

57 987 220 1048 innocens
233 1008 241 1063 ;
256 1006 343 1068 ergo.
359 1025 403 1034 -
418 986 510 1067 Resp.
558 985 621 1049 Ad¹
631 987 830 1051 solutionem
851 986 1065 1071 difficultatis,
1082 1008 1166 1068 prae-

58 1084 247 1147 notandum
274 1095 325 1149 est
350 1085 519 1156 Christum
544 1106 679 1166 passum
704 1086 812 1164 fuisse,
836 1110 902 1151 non
926 1099 964 1152 ut
988 1099 1163 1170 personam

58 1187 235 1267 privatam,
250 1187 309 1250 sed
333 1198 369 1250 ut
391 1199 493 1269 caput
517 1189 641 1251 morale
665 1200 822 1254 nostrum.
870 1187 1043 1272 Siquidem
1060 1213 1167 1274 genus

58 1290 244 1364 humanum
268 1292 467 1355 considerari
489 1302 599 1374 potest
622 1293 707 1355 sicut
730 1295 864 1377 aliquod
889 1316 1009 1377 corpus
1031 1296 1167 1369 morale,

59 1393 92 1454 in
114 1413 185 1474 quo
207 1394 411 1475 distinguere
435 1395 511 1458 licet
534 1405 635 1476 caput
659 1407 692 1458 et
712 1400 881 1478 membra,
900 1399 1051 1478 jamvero
1072 1401 1167 1473 sicut,

59 1495 102 1557 ab
118 1496 224 1572 initio,
238 1496 391 1585 Adamus
408 1499 607 1561 constitutus
624 1498 730 1562 fuerat
746 1511 846 1581 caput
862 1502 990 1562 morale
1002 1511 1035 1563 et
1048 1522 1164 1581 procu-

60 1606 150 1661 rator
167 1599 270 1661 totius
284 1603 415 1681 generis
430 1601 576 1676 humani,
593 1621 632 1662 ac
656 1603 795 1681 proinde
814 1623 880 1663 non
902 1603 1008 1664 solum
1031 1604 1166 1664 nomine

59 1701 206 1783 proprio,
212 1703 269 1765 sed
280 1704 381 1766 etiam
393 1705 527 1765 nomine
537 1703 686 1764 omnium
699 1714 906 1784 posterorum
918 1725 1015 1784 agere
1026 1715 1166 1786 poterat,

60 1805 249 1886 ita-pariter
265 1805 416 1869 Christus
432 1807 632 1868 constitutus
648 1815 699 1866 est
714 1816 815 1887 caput
828 1807 952 1869 morale
965 1816 998 1869 et
1011 1828 1164 1888 procura-

59 1916 112 1969 tor
127 1907 260 1988 generis
276 1907 414 1971 humani
431 1909 463 1970 in
481 1910 597 1970 ordine
609 1908 651 1969 ad
665 1909 952 1990 Redemptionem.
986 1909 1075 1991 Quia
1087 1930 1167 1971 vero

59 2018 163 2089 caput
179 2009 318 2090 aiicujus
334 2011 479 2091 corporis
496 2010 629 2071 moralis
647 2011 678 2071 in
696 2030 731 2071 se
747 2012 884 2093 suscipit
890 2011 1036 2093 juridice
1049 2013 1167 2073 merita

42 2111 109 2175 .vel
133 2112 299 2175 demerita
323 2115 556 2187 membrorum,
577 2123 610 2174 et
634 2113 707 2173 loco
731 2114 876 2194 ipsorum
903 2113 1088 2176 mercedem
1114 2115 1164 2175 vel
1213 2118 1215 2123 ’

22 2198 24 2202 ’
57 2214 270 2296 punitionem
287 2217 417 2297 accipit,
434 2216 481 2279 ita
497 2217 620 2297 pariter
636 2215 786 2278 Christus
809 2218 842 2277 in
864 2238 899 2278 se
923 2218 1068 2297 suscepit
1090 2215 1165 2297 pec-

56 2326 135 2380 cata
163 2327 285 2394 nostra,
312 2339 379 2381 non
407 2320 541 2400 quidem
571 2319 754 2390 intrinsece,
780 2316 838 2378 sed
853 2316 1006 2398 juridice,
1031 2326 1064 2379 et
1092 2316 1167 2378 loco

56 2420 166 2482 nostri
189 2421 406 2502 punitionem,
426 2442 527 2502 quam
548 2443 609 2484 nos
631 2421 848 2494 merebamur,
873 2420 973 2481 libere
1000 2421 1164 2482 sustinuit.

56 2522 164 2605 Quod
185 2524 320 2606 quidem
344 2526 415 2587 sine
428 2525 567 2607 justitiae
583 2525 763 2587 violatione
780 2520 904 2584 sa&um
921 2531 980 2596 est,
1000 2532 1070 2584 tum
1088 2525 1166 2603 quia

57 2626 165 2701 Deus
175 2635 293 2707 utpote
308 2623 481 2709 supremus
498 2630 646 2690 omnium
665 2625 840 2699 Dominus,
854 2633 984 2705 poterat
997 2623 1164 2686 Christum

56 2726 263 2791 constituere
283 2738 385 2811 caput
407 2740 566 2805 nostrum,
582 2740 653 2792 tum
675 2729 754 2809 quia
774 2726 934 2800 Christus,
950 2727 1020 2805 jam
1045 2729 1166 2789 consti-

57 2839 153 2893 tutus
169 2841 270 2911 caput
285 2832 410 2893 morale
426 2833 555 2913 generis
571 2832 718 2905 humani,
730 2839 848 2910 sponte
864 2831 924 2890 sua
937 2848 1035 2908 agere
1048 2838 1081 2890 et
1096 2831 1165 2909 pati

56 2941 193 3014 poterat
210 2932 344 2995 nomine
361 2937 473 2997 nostri.

102 3031 192 3094 Rem
206 3043 318 3096 autem
331 3033 377 3094 ita
386 3054 421 3094 se
431 3033 586 3095 habuisse
598 3053 640 3094 ex
654 3031 825 3111 Scriptura
838 3039 977 3091 constat.
1011 3030 1062 3110 (a)
1074 3028 1166 3092 Chri-

58 3142 131 3195 stus
147 3134 349 3198 constitutus
366 3146 416 3197 est
431 3145 525 3215 caput
540 3135 658 3196 rnornle
674 3143 822 3194 nostrum
840 3155 846 3193 :
862 3137 878 3162 “
891 3131 1014 3195 Omnia
1027 3132 1166 3211 subjecit

59 3234 122 3298 sub
138 3235 281 3317 pedibus
296 3236 377 3317 ejuS,
394 3247 426 3299 et
444 3239 552 3319 ipsum
569 3238 662 3298 dedit
683 3245 778 3316 caput
798 3254 897 3314 supra
913 3255 1046 3295 omnem
1064 3235 1167 3294 eccle-

59 3340 156 3415 siam,
171 3360 248 3421 quae
263 3350 313 3403 est
329 3352 440 3421 cnrpm
455 3343 600 3423 ipsz'us...’'
615 3354 624 3383 1
665 3339 807 3400 “Posuit
824 3338 990 3422 Dominus
1008 3338 1039 3396 in
1054 3357 1093 3396 eo
1107 3338 1165 3397 ini-

59 3444 225 3526 quitatem
237 3445 387 3507 omnium
401 3455 551 3508 nostrum
563 3447 605 3487 ”²
621 3467 628 3521 ;
651 3443 702 3524 (b)
716 3442 867 3506 Christus
880 3441 975 3501 libere
989 3460 1104 3519 passus
1117 3452 1167 3501 est

59 3567 120 3628 pro
137 3547 295 3609 membris
311 3548 400 3611 suis:
416 3554 432 3580 “
446 3549 589 3612 Oblatus
605 3556 655 3607 est
672 3546 750 3625 quia
767 3544 837 3623 ipse
854 3541 1026 3602 voluit...’'3
1053 3545 1069 3570 “
1084 3540 1166 3600 Ani-

60 3668 151 3712 mam
168 3668 278 3711 meam
291 3669 381 3731 pono
397 3671 458 3732 pro
474 3652 590 3712 ovibus
604 3650 702 3710 meis.
716 3697 721 3708 .
735 3697 741 3711 .
756 3666 873 3709 ,nemo
886 3643 973 3705 tollit
987 3664 1059 3705 eam
1074 3665 1092 3703 a
1105 3664 1167 3729 me,

59 3753 117 3816 sed
142 3772 208 3833 ego
230 3751 312 3814 tollo
334 3773 407 3815 eam
430 3775 449 3815 a
473 3756 600 3835 meipso
612 3752 677 3826 ”43
707 3749 753 3829 (c)
778 3748 864 3822 hinc,
887 3747 972 3806 sicut
996 3747 1028 3806 in
1054 3745 1166 3806 Adam

59 3855 214 3933 homines
237 3864 464 3936 peccaverant,
489 3856 535 3915 ita
558 3864 591 3915 et
616 3854 647 3913 in
674 3852 806 3916 Christo
830 3849 1076 3930 justificantur:
1101 3847 1166 3911 “Si

59 3959 149 4020 enim
175 3958 272 4020 unius
294 3955 417 4021 delicto
442 3958 537 4019 multi
562 3957 682 4018 mortui
707 3964 792 4028 sunt,
811 3953 917 4014 multo
938 3952 1044 4032 magis
1061 3951 1167 4031 gratia

67 4252 71 4256 .
93 4197 220 4268 ¹Ephes.
245 4197 267 4265 I,
290 4213 333 4251 22.
352 4224 388 4233 —
405 4195 483 4248 vlsa.
505 4195 587 4258 LIII,
609 4193 634 4248 6.
656 4223 690 4230 -
709 4193 786 4244 ³lsa.
811 4189 893 4254 LIII,
916 4201 940 4253 7.
960 4217 994 4225 —
1012 4202 1022 4234 r
1036 4187 1103 4254 Jna.
1129 4187 1165 4253 X,

62 4286 150 4351 15·18.
