2684 4634
192 166 258 218 278
522 210 526 217 .
652 165 791 217 CAPUT
808 166 834 215 1.

192 369 237 410 ex
263 349 429 411 nonnullis
452 349 632 430 Scripturae
658 349 739 411 locis
762 356 876 430 patet;
902 347 948 410 sic
972 369 1000 410 v.
1014 367 1045 429 g.
1061 347 1203 411 dicitur:
1227 351 1243 379 “
1252 346 1288 408 In

191 451 252 528 die,
266 472 333 533 quo
348 452 424 515 lecit
442 453 609 517 Dominus
629 452 751 515 coelum
773 461 807 515 et
825 461 946 514 terram
959 453 983 527 ’',
998 451 1053 514 ubi
1078 451 1113 512 in
1137 450 1190 512 die
1205 451 1288 513 idem

193 563 291 618 sonat
318 577 356 618 ac
383 556 417 618 in
444 566 604 637 tempore,·
630 561 646 589 ‘⁶
660 556 742 618 Erat
770 555 942 618 Abraham
958 560 1083 628 senex,
1106 554 1290 635 dierumque

193 660 372 724 multorum
383 660 399 686 ”
410 672 433 737 1,
447 661 465 723 i.
481 681 508 723 e.
527 659 598 742 ejus
618 661 686 723 vita
701 660 772 741 jam
794 660 894 741 longa
917 659 1030 723 suerat
1079 658 1155 720 lmo
1175 657 1289 718 eruditi

191 764 397 827 contendunt
412 765 445 826 in
461 763 573 845 lingua
589 763 743 826 hebraica
759 784 825 825 non
842 762 931 826 aliud
948 782 1019 824 esse
1034 760 1236 823 vocabulum
1252 760 1289 822 ad

184 869 356 948 periodum
381 870 623 953 designandam
648 889 747 951 quam
767 865 876 949 ylma
923 867 1086 927 Praeterea
1109 873 1177 927 tres
1198 864 1289 945 primi

191 972 262 1034 dies
283 993 349 1036 non
371 983 512 1055 possunt
529 979 603 1036 esse'
622 975 693 1037 dies
716 992 814 1035 sensu
839 970 1167 1050 communiaccepti,
1183 989 1290 1051 quum,

191 1074 329 1139 absente
340 1077 419 1154 sole,
431 1077 534 1160 elapsi
549 1077 676 1140 suerint.
715 1076 801 1139 Aliae
813 1078 925 1139 autem
938 1095 1035 1139 voces
1046 1074 1117 1137 lreb
1128 1074 1289 1155 (vespere)

191 1188 225 1241 et
244 1179 338 1260 bdqer
357 1177 490 1266 (mane)
508 1182 626 1244 eodem
647 1183 749 1245 modo
772 1180 980 1262 interpretari
1000 1179 1150 1242 debent:
1172 1189 1291 1259 vespere

191 1282 354 1363 siquidem
361 1285 466 1367 finem
483 1287 601 1366 operiS,
617 1304 712 1347 mane
729 1293 841 1347 autem
863 1283 996 1345 initium
1011 1281 1175 1362 designat,
1191 1301 1288 1362 quum

190 1383 341 1449 homines
358 1392 455 1450 mane
471 1388 601 1451 soleant
616 1408 717 1470 opera
733 1389 886 1469 incipere,
902 1396 934 1448 et
950 1405 1086 1466 vespere
1101 1384 1145 1446 ab
1161 1385 1209 1447 eis
1226 1405 1289 1446 ces·

191 1494 270 1552 s'are.
317 1492 416 1554 Hanc
436 1493 507 1555 dies
526 1494 687 1575 septimus
707 1494 804 1555 mane
826 1491 961 1572 quidem
977 1489 1103 1565 habuit,
1116 1508 1286 1569 vesperam

190 1597 301 1655 autem
333 1594 584 1658 nullam.''Nec
615 1596 745 1658 dicatur
773 1577 872 1658 voces
904 1594 977 1657 illas
1001 1593 1103 1655 talem
1129 1613 1196 1654 non
1224 1593 1288 1673 pati

190 1694 487 1776 significationem
518 1720 595 1761 nam
626 1700 704 1762 alibi
731 1719 829 1762 sensu
855 1695 1258 1779 analogico'adhibentur
1283 1721 1288 1759 :

191 1798 311 1862 “Visio
326 1799 463 1883 vespere
478 1811 512 1864 et
528 1820 650 1866 mane...
699 1804 813 1884 Usque
829 1804 871 1865 ad
888 1812 1052 1882 vesperam
1067 1797 1097 1863 εἰ
1111 1797 1209 1864 inane
1222 1801 1289 1863 dies

189 1903 254 1965 duo
270 1904 373 1967 millia
389 1908 527 1969 trecenti
540 1907 556 1932 '¹
575 1904 679 1992 (Dan.
696 1907 797 1982 Vlll,
818 1924 864 1984 14,
881 1906 946 1988 26).

232 2068 280 2131 3²·
329 2056 393 2120 His
417 2043 543 2140 positis
569 2061 699 2123 ostendi
728 2067 839 2141 potest
863 2053 1077 2132 concordiam
1103 2081 1177 2141 esse
1207 2063 1291 2124 inter

190 2159 345 2236 Genesim
365 2171 398 2224 et
421 2164 574 2236 scientias
597 2163 762 2226 naturales
783 2163 901 2225 saltem
922 2164 1031 2244 quoad
1047 2156 1168 2244 magna
1191 2166 1289 2228 linea·

189 2275 304 2327 menta.
351 2265 463 2348 Quum
480 2269 569 2330 enim
582 2289 701 2349 scopus
715 2268 844 2350 Moysis
853 2276 941 2331 esset
952 2269 1109 2331 veritates
1119 2269 1290 2350 religiosas

189 2370 328 2444 tradere,
340 2371 381 2432 de
397 2372 516 2452 quibus
533 2373 564 2434 in
587 2372 719 2448 1²thesi,
730 2392 797 2434 non
814 2372 856 2434 de
872 2371 1026 2434 omnibus
1042 2392 1061 2441 a
1079 2374 1153 2434 Deo
1169 2375 1289 2436 creatis

189 2472 352 2550 disseruit,
371 2476 428 2538 sed
456 2478 498 2538 de
523 2478 561 2538 iis
585 2477 691 2540 solum
718 2497 857 2559 quorum
885 2477 1032 2558 cognitio
1059 2475 1193 2558 majoris
1220 2487 1291 2541 erat

190 2580 360 2653 momenti,
386 2589 419 2662 et
445 2581 594 2643 ordinem
622 2581 891 2662 chronologicum
918 2572 1048 2643 nonnisi
1076 2602 1134 2663 per
1157 2602 1291 2645 summa

189 2674 300 2762 capita
315 2684 520 2753 delineavit3.
567 2686 622 2748 Sic
637 2706 664 2747 v.
682 2706 711 2766 g.
727 2685 795 2747 vita
811 2683 961 2747 animalis
977 2684 1152 2766 incoepisse
1167 2686 1291 2748 dieitur

188 2777 306 2864 quiut'o
333 2788 394 2864 die,
411 2790 490 2851 dum
515 2798 646 2851 constat
669 2788 793 2849 fossilia
816 2807 881 2848 non
905 2807 1012 2867 pauca
1037 2773 1232 2849 animalium
1257 2791 1290 2851 in

189 2879 300 2951 stratis
330 2879 493 2955 silurianis
524 2901 557 2954 et
588 2880 781 2954 devonianis
819 2891 954 2953 inventa
992 2891 1099 2966 fuisse,
1131 2912 1207 2972 quae
1247 2895 1289 2956 ad

189 2992 350 3072 epocham
367 2988 557 3076 primariam
575 3017 632 3077 per
635 2994 763 3073 tinent;
787 2997 871 3058 ratio
889 3004 940 3058 est
959 2995 1037 3077 quia
1059 3015 1152 3057 sacer
1173 2997 1291 3061 audior

189 3096 221 3157 in
239 3100 445 3181 quacumque
463 3101 600 3182 periodo
618 3120 657 3161 ea
680 3047 787 3162 soluin
806 3099 980 3193 descripsit
997 3119 1072 3179 quae
1087 3119 1155 3180 prae
1170 3103 1290 3164 ceteris

189 3193 264 3261 huic
281 3202 380 3265 velut'
357 3213 381 3302 tr
398 3204 530 3284 propria
546 3211 648 3277 erant,
626 3203 706 3265 tde
729 3203 801 3264 aliis
825 3203 1000 3279 tacendo;
1009 3202 1158 3282 jamvero
1178 3208 1289 3268 aetatis

189 3296 367 3397 primariae
375 3327 450 3387 pars
471 3307 588 3369 ultima
608 3307 808 3403 vegetalium
823 3307 923 3387 copia
943 3327 1011 3387 prae
1031 3306 1149 3369 ceteris
1170 3309 1288 3390 viguit,

188 3408 325 3471 dumt
282 3419 325 3471 aet
328 3430 363 3471 as
379 3411 573 3473 secundaria
590 3421 662 3491 rept
650 3411 783 3474 tilibus
775 3410 913 3503 insignis
930 3409 999 3485 suit,
978 3410 1157 3473 ttertiaria
1172 3421 1287 3476 autem

188 3521 221 3574 et
237 3515 729 3596 quaternariaquadrupedibus
745 3500 935 3588 abundavit,
951 3522 987 3577 ut
1003 3513 1114 3577 videre
1129 3523 1180 3578 est
1196 3519 1286 3599 apud

187 3615 230 3679 A.
246 3615 431 3698 Lapparent
445 3626 478 3679 et
494 3618 603 3696 Dana,
619 3640 670 3701 op.
687 3619 739 3682 cit.
817 3659 819 3663 ·

190 3842 323 3903 ‚¹Gen..
331 3847 357 3898 Il
361 3847 413 3913 ,4;
433 3847 540 3909 XXIV,
560 3862 587 3913 13
607 3863 640 3900 c.
624 3845 838 3911 ΙΕχοιίΧΗ6
832 3842 921 3898 Leo
936 3843 990 3894 Vll
994 3855 1059 3910 35
1051 3842 1110 3907 36
1132 3843 1215 3899 Dent.
1235 3847 1286 3913 IX,

187 3945 234 3995 24;
254 3933 621 4001 XXXI,17,18;XXXl,l
637 3944 730 3998 7etc.

220 4019 285 4071 2Cf.
309 4019 476 4088 Vzgouroux,
492 4021 569 4073 Man.
586 4020 651 4073 bibl
669 4021 690 4085 l,
704 4037 730 4073 n
748 4021 807 4084 267.
901 4024 904 4027 ”

220 4106 284 4159 sCf.
304 4107 414 4175 Corluy,
427 4107 443 4159 l.
458 4107 509 4160 cit,
518 4126 542 4176 p.
558 4121 629 4174 225;
650 4109 765 4174 Paquet,
785 4107 856 4174 disp.
873 4107 906 4172 V,
926 4124 952 4175 q.
969 4122 992 4175 3,
1016 4123 1041 4175 p.
1057 4120 1181 4173 293·294.
1219 4109 1284 4176 Jam

186 4192 293 4246 dixerat
307 4195 336 4246 S.
354 4193 474 4248 Thomas
488 4195 521 4261 (l,
536 4211 562 4262 q.
579 4195 621 4260 69,
637 4211 662 4246 a.
680 4211 694 4247 2
708 4193 744 4246 ad
756 4194 782 4261 3)
797 4213 803 4248 :
826 4192 949 4247 “Moses
963 4193 1119 4248 eatantum
1137 4197 1284 4264 'proposuit

185 4295 247 4348 quae
262 4279 289 4332 in
302 4279 451 4334 manifesto
459 4286 600 4350 ‘apparent
609 4281 631 4334 '’.
