2684 4634
519 188 575 239 DE
591 188 774 239 HOMINE.
1127 186 1194 237 ι341

102 372 200 421 amen
214 363 318 436 opinio
330 383 348 421 a
358 364 414 420 Pio
421 364 474 421 IX
483 365 640 437 reprobata
650 364 704 423 fuit
717 365 746 422 in
766 364 852 422 Brevi
865 362 1054 435 ad'Arcbiep.
1072 363 1192 420 Monac.

100 451 302 509 Grarrr'ssimos
319 469 347 506 11
363 451 436 510 Dec
453 453 518 509 1862
528 450 545 508 ¹.
584 453 733 510 Remanet
746 452 833 523 igitur
845 450 1014 509 eommunis
1027 451 1147 507 Patrum
1166 460 1196 507 et

100 538 308 609 ‚heologorum
321 537 476 610 sententia,
486 541 569 611 juxta
582 557 671 611 quam
686 539 788 597 anima
800 540 930 594 huorono
943 554 1005 594 vere
1016 556 1035 593 a
1045 537 1110 593 Deo
1121 554 1195 593 creo-

100 632 153 681 ‘un
195 624 273 698 Quae
286 625 407 697 quidem
428 628 582 697 sententia,
598 627 668 684 licet
686 644 840 697 nunquam
860 625 898 682 ab
912 624 1047 682 Ecclesia
1064 623 1196 690 definita,

100 712 175 768 tdeo
189 712 358 769 communis
370 713 470 782 evasit,
487 722 519 769 ut
532 713 596 770 sine
609 713 774 770 temeritate
789 711 888 782 negari
903 719 1053 781 nequeat..

131 798 174 868 (a)
193 797 301 855 Nullus
315 798 472 870 Scrtfflurae
482 808 580 856 textus
593 798 703 871 diserte
720 809 749 856 et
769 798 921 855 evidenter
935 806 1065 854 nostram
1079 805 1195 864 senten-

100 880 170 935 :iam
184 880 376 938 demonstrat.
416 881 560 938 Nonnulli
580 891 679 939 tamen
695 882 796 938 Patres
808 889 1018 951 argumentum
1031 879 1196 936 desumunt

100 984 133 1022 ex
149 966 197 1023 his
209 965 305 1023 verbis
322 988 328 1024 :
348 968 549 1025 “Revertatur
562 968 658 1038 pulvis
677 968 706 1024 in
726 977 833 1024 terram
852 984 946 1031 suam,
962 965 1043 1022 unde
1060 975 1144 1022 erat:
1165 973 1194 1021 et

100 1053 218 1124 spiritus
231 1053 331 1111 redeat
343 1054 381 1111 ad
396 1055 504 1122 Deum,
517 1055 568 1125 qui
588 1055 672 1112 dedit
692 1055 774 1110 illum
784 1054 800 1077 ''
814 1053 929 1122 (Eccles.
946 1053 1018 1121 XII,
1030 1052 1058 1124 7)
1072 1071 1079 1121 ;
1104 1069 1195 1122 quem

100 1136 129 1192 in
147 1136 248 1193 locum
267 1136 368 1194 scribit
382 1137 412 1194 S.
427 1134 646 1208 Hieronymus:
675 1139 746 1194 “Ex
759 1153 820 1208 quo
843 1137 913 1193 satis
925 1136 1041 1194 ridendi
1057 1145 1126 1192 sunt
1145 1134 1195 1206 qui

100 1228 205 1289 putant
218 1219 331 1277 animas
350 1238 419 1277 cum
432 1220 607 1318 corporibus
621 1221 675 1278 seri
690 1230 720 1278 et
733 1238 794 1277 non
807 1236 825 1275 a
840 1219 914 1289 Deo,
936 1220 1018 1277 seda
1037 1235 1196 1319 corporum

100 1317 204 1376 parent
193 1306 271 1363 tibus
281 1307 422 1377 generari.
464 1307 543 1366 Cum
557 1307 637 1365 enim
651 1326 719 1365 caro
734 1316 894 1364 revertatur
908 1307 938 1362 in
952 1316 1057 1364 terram
1072 1315 1101 1362 et
1115 1305 1196 1377 spiri-

100 1401 146 1450 tus
159 1394 260 1451 redeat
273 1394 311 1451 ad
321 1394 428 1462 Deum,
443 1410 495 1464 qur
488 1393 588 1450 dedit
600 1390 700 1450 illum:
720 1391 909 1481 manifestum
919 1402 963 1451 est
973 1394 1071 1450 Deum
1083 1401 1196 1464 patrem

101 1494 164 1534 esse
176 1477 351 1546 animarum,
362 1496 422 1535 non
436 1476 605 1536 homines'l

136 1600 190 1663 136.
230 1597 271 1668 (b)
284 1596 388 1652 Patres
405 1605 505 1654 autem
524 1605 554 1652 et
572 1595 696 1666 theologi
714 1596 898 1653 communiter
919 1596 1029 1654 docent
1048 1596 1161 1652 animas
1180 1614 1197 1652 a

104 1681 168 1740 Deo
189 1683 307 1740 crearit
346 1683 429 1741 Licet
448 1682 537 1755 pauci
555 1683 737 1741 contrarium
764 1682 930 1752 docuerint,
953 1693 982 1740 et
1005 1683 1128 1754 quidem
1149 1682 1196 1740 alii

102 1768 184 1826 dubii
197 1768 345 1835 haeserint,
363 1769 497 1866 plerique
511 1779 611 1826 tamen
624 1779 756 1826 nostram
769 1769 945 1926 se7ntentiam
961 1769 1069 1827 diserte
1088 1769 1197 1827 docue-

102 1865 174 1912 runt.
214 1856 330 1912 Dicitur
339 1873 418 1912 emm
432 1855 462 1911 in
481 1854 574 1912 Const.
587 1854 778 1926 ApostoltV,
833 1856 876 1909 :“
810 1854 969 1927 lQui
961 1872 991 1911 m
1006 1865 1090 1914 utero
1103 1855 1197 1912 homi·

103 1960 173 1998 num
186 1960 222 2000 ex
234 1942 341 2013 exiguo
354 1941 467 2000 semine
480 1941 594 2010 format,
608 1951 638 1998 et
650 1941 783 1997 animam
792 1870 836 1997 7err
859 1958 919 1997 non
938 1951 1007 2000 ente
1021 1959 1127 2000 creans
1142 1941 1198 2013 ipsi

103 2029 218 2088 indit...
233 2029 313 2087 idem
333 2037 362 2086 et
381 2046 484 2085 omnes
504 2028 640 2085 homines
659 2028 698 2085 ad
716 2027 806 2084 vitam
826 2027 1002 2085 revocabit'’
1003 2072 1010 2085 .
1051 2028 1198 2100 Opposita

102 2117 248 2176 sententia
266 2135 283 2174 a
302 2117 452 2174 nonnullis
466 2116 541 2174 inter
554 2116 679 2174 haereses
701 2124 752 2174 aut
773 2114 887 2173 fabulas
900 2125 1127 2186 annumeratur;
1155 2115 1197 2173 sic

106 2205 293 2261 Theodorems
309 2203 435 2274 (Haeres
451 2201 508 2260 lab.
525 2204 562 2270 V,
577 2204 623 2275 91)
636 2203 676 2260 ait
692 2223 698 2259 :
720 2201 886 2260 “Ecclesia
903 2203 1010 2260 divinis
1024 2203 1121 2261 verbis
1144 2202 1196 2260 ob·

102 2301 279 2364 temperans,
294 2289 400 2346 horum
414 2288 644 2359 (baereticorum)
656 2287 822 2346 doctrinam
836 2305 1025 2361 summopere
1038 2288 1199 2348 detestatur

102 2386 129 2434 et
140 2376 266 2434 aliorum
280 2392 401 2473 quoque
413 2374 528 2433 fabulas
540 2384 710 2432 aversatur:
731 2374 841 2432 divinae
853 2391 923 2432 vero
937 2375 1095 2447 Scripturae
1107 2375 1199 2433 fidem

103 2464 236 2536 praebens
249 2462 379 2521 animam
393 2462 465 2520 dicit
478 2480 536 2519 una
549 2480 617 2519 cum
630 2479 755 2534 corpore
768 2461 868 2531 creari,
877 2480 936 2519 non
950 2480 1017 2534 quae
1030 2481 1066 2521 ex
1078 2455 1198 2520 seminis

103 2547 224 2605 materia
235 2563 356 2603 causam
369 2545 476 2603 habeat
490 2544 656 2611 creationis,
672 2545 724 2602 sed
737 2563 805 2616 quae
818 2545 946 2603 auctoris
959 2546 1112 2604 voluntate
1131 2557 1198 2617 post

104 2633 233 2706 corporis
246 2633 350 2690 existat
365 2632 605 2689 formationem’'.

138 2721 263 2779 HincS.
281 2719 406 2776 Thomas
418 2720 469 2790 (de
483 2721 598 2777 Potent.
616 2738 643 2790 q
661 2737 685 2788 3,
705 2737 729 2775 a.
743 2720 780 2790 9),
794 2730 862 2790 post
881 2719 985 2777 relatas
1006 2729 1062 2777 tres
1082 2731 1197 2779 senten-

107 2810 156 2864 tias
158 2806 459 2879 generatranrsmum,
462 2806 806 2878 precxrstentrantsmum
814 2816 843 2863 et
853 2806 1094 2878 creationismum,
1099 2807 1197 2865 addit:

111 2896 125 2923 “
134 2895 208 2968 Quae
217 2894 340 2966 quidem
353 2892 518 2966 opiniones,
532 2893 666 2963 quamvis
677 2890 779 2963 aliquo
790 2903 925 2964 tempore
939 2893 1160 2962 sustinerentur,
1170 2905 1198 2952 et

109 2998 169 3050 quae
181 2998 283 3038 earum
294 2989 371 3038 esset
381 2979 476 3037 verior
489 2980 517 3035 in
531 2978 657 3037 dubium
670 2989 829 3037 verteretur
839 2980 883 3048 (ut
893 2989 973 3050 patet
986 2997 1022 3037 ex
1031 2980 1199 3051 Augustino

110 3066 136 3122 in
148 3067 266 3125 decimo
278 3083 367 3137 super
379 3065 520 3123 Genesim
536 3066 575 3123 ad
593 3065 727 3135 litteram,
748 3075 777 3122 et
792 3066 820 3120 in
834 3065 914 3122 libris
932 3084 1008 3137 quos
1027 3066 1142 3139 scripsit
1161 3067 1199 3125 de

112 3153 215 3225 origine
228 3153 363 3222 animae);
390 3163 490 3210 tamen
503 3152 607 3224 primae
625 3152 694 3209 duae
713 3151 906 3222 postmodum
924 3152 1038 3223 judicio
1058 3153 1199 3212 Ecclesiae

113 3253 171 3298 sunt
179 3242 329 3299 damnatae
339 3249 368 3296 et
381 3240 466 3298 tertia
476 3239 642 3312 approbata
653 3239 676 3297 '’.
709 3239 753 3297 Cf.
765 3239 794 3296 S.
804 3239 855 3295 le.
869 3238 892 3308 I,
904 3257 930 3310 q.
945 3240 1001 3310 118,
1013 3259 1038 3296 a.
1052 3259 1076 3298 2.
1108 3241 1200 3313 Quod

113 3325 191 3382 ceteri
205 3323 378 3382 Scholastici
391 3322 567 3395 approbant.

142 3411 204 3468 Nec
230 3410 314 3468 aliter
337 3409 430 3466 locuti
449 3419 526 3480 sunt,
547 3408 617 3466 data
636 3410 869 3481 opportunitate,
893 3411 930 3465 R.
954 3411 1129 3478 Pontifices;
1161 3413 1200 3469 ita

114 3496 276 3554 Benedilius
285 3496 360 3566 XII,
373 3496 448 3554 inter
461 3513 572 3554 errores
586 3514 661 3567 quos
675 3495 852 3566 rejiciendos
863 3497 1001 3554 Armenis
1015 3499 1200 3569 praescripsit,

114 3595 239 3642 numerat
253 3583 326 3640 illud
341 3582 449 3654 “quod
462 3582 560 3639 anima
573 3582 705 3638 humana
718 3583 769 3638 lilii
784 3594 963 3654 propagetur
982 3584 1020 3641 ab
1038 3585 1138 3641 animai
1151 3604 1199 3656 pa·

113 3672 154 3728 tris
165 3673 220 3741 sui,
232 3670 308 3727 sicut
316 3687 425 3742 corpus
434 3688 452 3726 a
460 3687 582 3740 corpore
591 3668 607 3693 ’'
614 3689 622 3740 3
636 3680 664 3726 et
678 3669 707 3724 in
717 3669 934 3742 Episcoporum
944 3689 1073 3742 respons
1084 3671 1198 3743 legitur:

139 3856 199 3910 1lbi
215 3856 292 3910 enim
304 3854 406 3909 dicitur
419 3874 425 3909 ι
445 3854 543 3909 “Cum
556 3855 632 3908 enim
641 3855 712 3908 alius
723 3855 782 3924 ejus
796 3856 866 3908 liber
875 3856 908 3908 de
915 3857 1079 3908 animorum
1091 3857 1200 3923 origine

113 3943 204 3997 fuisset
217 3943 378 4006 damnatus,
392 3959 449 3997 non
463 3943 553 3995 solum
567 3959 598 3996 se
606 3942 722 3996 minime
736 3942 875 4007 submisit,
886 3960 982 3996 verum
994 3943 1144 3996 etiamnon
1155 3959 1199 3994 ex·

108 4034 194 4089 umuit
213 4033 346 4087 eumdem
367 4048 491 4086 errorem
511 4033 537 4084 in
559 4032 602 4086 his
621 4033 706 4085 etiam
726 4032 803 4084 libris
823 4033 917 4085 denuo
937 4033 1038 4085 docere
1047 4029 1061 4057 ’²
1105 4031 1200 4099 (Apud

107 4122 184 4175 Alies
197 4121 375 4182 Pontz'ficaux
387 4119 457 4181 cites
467 4121 538 4173 daus
552 4120 750 4189 l’Encyclique,
769 4121 857 4184 Paris,
873 4119 921 4172 186
926 4133 947 4187 5,
961 4137 986 4188 p.
1003 4120 1075 4187 420).

115 4245 118 4250 -
136 4212 285 4280 ²Quorum
303 4205 464 4262 testimonia
482 4208 565 4261 refert
578 4209 691 4260 lr'rtrler
703 4207 741 4273 (n.
758 4220 808 4275 317
823 4207 879 4276 sq.)
893 4219 921 4260 et
935 4217 997 4275 post
1017 4208 1103 4269 illum,
1119 4208 1200 4259 Maa-

103 4296 172 4348 arlla
185 4294 226 4361 (n.
241 4306 291 4361 559
301 4292 364 4362 sq).
