2684 4634
193 196 261 246 500
460 195 464 202 '
643 192 848 244 'CAPUTIIJ
872 198 874 203 '
899 199 902 205 '
981 198 1007 206 ”’
1034 199 1038 206 “

193 377 282 456 pleni
298 377 405 457 gratia
420 385 453 437 et
467 375 592 456 Spiritu
607 373 749 454 Sanbtm
772 374 936 455 posterior
950 381 1003 434 est
1014 368 1297 453 plenitudosdbsossr

192 478 271 551 luta,
281 481 347 557 qua
362 487 456 539 tanta
471 478 579 558 gratia
593 478 735 542 habetur
744 489 872 559 quanta
883 477 997 539 haberi
1008 485 1125 558 potest
1135 475 1175 537 de
1183 480 1296 554 poten*
1334 470 1336 475 ’

193 576 242 640 tui
268 580 334 641 Dei
353 578 544 653 ordinarid,·
583 590 616 642 et
643 580 738 642 'illam
772 581 1016 662 plenitudinem
1050 579 1172 659 gratiae
1208 576 1287 638 solus

194 681 345 744 Christus
367 681 492 744 habuit.
541 681 629 744 Nam
648 684 740 744 Deus
756 682 898 763 gratiam
923 682 1095 744 distribuit
1111 681 1287 741 secundum

194 804 332 845 munera
354 793 388 845 et
411 782 520 846 officia
542 785 728 866 cujusque:
762 785 856 866 atqui
880 804 946 845 non
964 791 1077 864 potest
1094 781 1168 845 dari
1191 782 1288 862 majus

194 906 314 948 munus
331 883 364 947 et
379 884 525 948 officium
542 906 643 967 quarn
667 885 813 948 officium
830 885 965 959 Christi,
980 904 1085 965 quum
1112 885 1156 946 sit
1179 883 1288 964 Caput,

195 991 403 1071 Redemptor
425 1002 458 1051 et
476 990 644 1052 Mediator
666 989 817 1052 omnium
841 989 1025 1052 hominum.
1072 989 1168 1069 Ergo
1191 987 1288 1070 gratia

194 1092 328 1156 Christo
343 1093 464 1154 collata
482 1093 543 1155 luit
560 1093 721 1168 maxima,
733 1113 791 1154 seu
808 1103 904 1154 tanta
913 1097 1040 1171 quanta
1050 1091 1168 1153 haberi
1187 1099 1287 1171 potest

193 1198 235 1257 de
251 1197 403 1276 potentii
419 1196 483 1257 Dei
499 1197 674 1268 ordinaria,
685 1195 762 1257 licet
778 1195 887 1276 augeri
904 1196 1068 1276 potuisset
1084 1195 1129 1256 de
1145 1193 1288 1275 potentii

194 1299 258 1360 Dei
274 1299 549 1372 extraordinaria,
559 1319 661 1379 quum
673 1299 768 1361 finita
779 1309 875 1361 esset.
922 1297 1069 1360 Aliunde
1080 1297 1288 1360 animaChri-

192 1402 234 1462 sti
247 1395 389 1482 gratiam
407 1401 643 1481 recipiebat,ut
659 1423 702 1463 ex
720 1406 759 1463 ea
782 1401 1031 1482 quodammodo
1047 1400 1288 1462 transfundere-

193 1514 246 1581 tur
262 1501 411 1613 in'alio‘s;
443 1513 477 1565 et
493 1504 569 1565 ideo
584 1506 734 1585 oportuit
751 1506 841 1585 quod
859 1506 997 1567 haberet
1018 1505 1208 1566 maximam
1224 1523 1288 1584 gra·

193 1608 284 1682 tiam,
300 1608 386 1669 sicut
409 1607 504 1687 ignis,
519 1608 576 1686 qui
592 1617 642 1669 est
658 1628 758 1669 causa
782 1608 904 1669 caloris
931 1609 963 1669 in
988 1607 1146 1671 omnibus
1173 1607 1290 1679 calidis,

193 1720 243 1773 est
260 1711 409 1771 maxime
424 1710 551 1772 calidus
568 1709 619 1789 (S.
642 1710 672 1772 T
670 1712 698 1772 lt.
716 1730 747 1791 q.
764 1727 793 1788 7,
810 1732 837 1774 a.
854 1709 903 1796 9).
925 1713 928 1718 ’

238 1877 305 1940 143.
346 1857 410 1940 (B)
422 1828 549 1923 ,Gratia
568 1860 695 1925 Clcrzlrto
710 1860 825 1922 collata
844 1860 989 1940 nonfuit
1005 1859 1137 1940 quidem
1163 1856 1291 1940 infinita¹

80 1973 82 1976 ’
193 1965 374 2039 entitative,
384 1966 443 2026 sed
447 1974 554 2044 potest
565 1965 633 2026 dici
636 1964 779 2045 ⁴infinita
794 1965 830 2025 in
841 1984 957 2043 genere
972 1963 1078 2023 erroris.
1111 2039 1113 2044 Α

194 2064 247 2153 (a)
260 2057 337 2129 Nori
351 2079 398 2130 est
412 2069 545 2152 infinita
560 2069 737 2144 entitative,
751 2089 807 2128 seu
825 2068 858 2128 in
875 2087 927 2143 se;
954 2086 1031 2127 nam
1050 2065 1106 2126 illa
1122 2064 1233 2145 gratia
1249 2083 1293 2146 rej

194 2182 292 2252 cepta
304 2170 366 2233 luit
383 2172 416 2231 in
433 2164 546 2234 anima
559 2172 682 2235 Christi
700 2181 859 2251 tanquam
874 2171 906 2230 in
920 2166 1089 2250 subjedtm
1117 2168 1212 2249 atqui
1229 2168 1293 2229 haec

148 2284 150 2288 ‘
194 2275 306 2335 anima
325 2274 449 2353 aliquid
475 2274 641 2337 infinitum
666 2274 810 2354 recipere
837 2293 903 2333 non
928 2281 1048 2352 potest,
1064 2272 1144 2352 quia
1168 2269 1294 2332 finitam

194 2377 414 2456 capacitatem
432 2371 554 2454 habet3
579 2397 665 2457 ergo
780 2448 783 2449 ⁷

193 2481 244 2560 (b)
257 2481 321 2542 Est
335 2480 468 2560 infinita
483 2480 517 2541 in
529 2501 645 2559 genere
661 2483 768 2544 moris.
817 2481 952 2542 Etenim
970 2479 1052 2540 illud
1062 2488 1115 2540 est
1128 2477 1295 2539 infinitum

194 2587 225 2645 in
244 2605 364 2665 genere
382 2585 482 2645 moris
499 2586 588 2664 quod
607 2587 790 2664 producere
807 2570 918 2665 potest
934 2580 1082 2644 actiones
1104 2581 1228 2644 infiniti
1245 2602 1296 2644 va-

193 2688 271 2749 loris
290 2713 296 2750 :
328 2689 421 2769 atqui
432 2690 540 2768 gratia
555 2687 768 2750 sanctificans
782 2687 904 2749 Christi
923 2684 1131 2766 producebat
1147 2681 1296 2746 actiones

193 2792 461 2872 supernaturales
484 2813 568 2872 quae,
589 2801 725 2873 propter
747 2791 902 2852 unionem
927 2773 1188 2870 hypostaticam,
1205 2798 1297 2851 erant

194 2895 312 2956 infiniti
345 2894 482 2970 valoris,
526 2915 604 2956 nam
631 2895 724 2956 valor
748 2893 883 2954 moralis
907 2890 1076 2955 aetionum
1103 2893 1232 2973 pendet
1255 2913 1296 2953 ex

192 3000 357 3077 dignitate
380 3019 530 3078 personae
558 2999 697 3079 agentis,
714 3017 788 3078 quae
813 2997 844 3056 in
868 2994 930 3055 hoc
948 3015 1024 3055 casu
1050 3003 1121 3055 erat
1145 2994 1294 3069 infinita3

193 3112 300 3180 ergo1.

239 3265 305 3328 144.
351 3246 412 3333 (C)
428 3250 577 3314 Christus
589 3250 795 3312 habnitlmnc
804 3249 1042 3330 plenitudinem
1048 3251 1172 3330 gratioe
1183 3252 1225 3314 ab
1238 3251 1298 3314 ini-

194 3357 244 3414 tia.
284 3354 420 3414 Etenim
435 3354 490 3413 illa
503 3354 676 3433 plenitudo
689 3355 805 3432 gratiae
817 3353 951 3416 Christo
966 3353 1131 3426 tribuitur,
1142 3373 1188 3414 ex
1200 3374 1298 3435 supra

229 3563 374 3616 ¹Gratiam
386 3562 488 3614 Christi
504 3580 566 3615 esse
580 3561 720 3614 infinitam
734 3564 785 3615 sub
795 3564 850 3615 alio
864 3562 992 3631 respeclu
1003 3564 1044 3616 sic
1052 3565 1169 3631 exponit
1184 3569 1216 3618 S.
1232 3568 1259 3618 T
1255 3566 1299 3619 ho·

193 3669 254 3703 mas
264 3651 304 3726 ¹(q.
323 3664 347 3715 7,
361 3667 384 3701 a
404 3649 445 3714 ιι)
462 3667 468 3702 :
488 3649 577 3701 “Alio
590 3649 675 3701 modo
689 3660 781 3717 potest
795 3649 967 3703 considerari
987 3651 1144 3704 secundum
1157 3655 1300 3722 propriam

112 3772 114 3776 .
193 3737 331 3790 rationem
343 3737 458 3803 gratiae;
478 3747 505 3788 et
519 3737 559 3787 sic
572 3736 663 3802 gratia
675 3735 779 3788 Christi
793 3746 885 3803 potest
899 3736 955 3789 dici
969 3736 1086 3804 infinita,
1102 3754 1137 3791 eo
1150 3739 1231 3808 quod
1244 3757 1298 3793 non

193 3825 344 3886 limitatur,
372 3821 437 3891 quia
457 3840 494 3874 sc.
509 3823 595 3875 habet
610 3823 746 3890 quidquid
760 3824 901 3890 pertinere
919 3833 1013 3891 potest
1026 3824 1063 3876 ad
1076 3825 1220 3879 rationem
1239 3845 1300 3896 gra-

194 3913 248 3975 tiae,
262 3910 384 3978 eoquod
399 3911 555 3961 secundum
569 3910 744 3977 propositum
760 3910 813 3963 Dei
828 3910 906 3979 cujus
920 3922 963 3964 est
981 3910 1105 3978 gratiam
1122 3929 1297 3977 mensurare,

192 3999 284 4065 gratia
294 3997 436 4049 confertur
444 3997 547 4049 animae
557 3996 661 4048 Christi
676 3996 747 4049 sicut
756 3997 869 4049 cuidam
881 3998 1031 4052 universali
1042 3999 1218 4068 principio...
1231 4002 1301 4054 sicut

193 4085 215 4136 si
225 4085 352 4136 dicamus
361 4085 452 4135 lucem
466 4085 533 4136 solis
543 4102 606 4137 esse
617 4083 763 4149 infinitam,
778 4101 834 4136 non
846 4086 958 4153 quidem
967 4086 1124 4140 seeundum
1133 4105 1218 4142 suum
1228 4106 1298 4151 esse,

187 4171 240 4225 sed
259 4171 417 4225 secundum
438 4171 577 4225 rationem
596 4171 675 4234 lucis,
691 4171 757 4240 quia
771 4172 855 4226 habet
869 4172 1007 4242 quidquid
1019 4174 1058 4226 ad
1071 4173 1216 4230 rationem
1230 4176 1298 4230 lueis

175 4262 328 4331 pertinere
340 4273 439 4334 potest
448 4262 471 4316 ’'.
