2684 4634
183 185 253 231 vm.
336 164 339 170 '
597 181 849 230 panormo.

228 360 353 423 Omnia
368 360 441 422 loca
457 361 489 421 in
502 361 565 422 hac
578 360 724 441 Synopsi
737 362 839 422 citata
850 362 881 421 in
897 361 970 440 ipso
978 370 1141 421 contextu
1156 361 1286 440 legite1,

184 462 368 543 eademque
384 463 566 524 secundum
584 463 842 524 hermeneuticae
859 463 989 542 regulas
1005 463 1210 536 scrutamini,
1227 483 1285 542 pa-

185 564 306 625 rallelis
322 566 423 627 etiam
441 565 522 626 locis
537 565 655 627 sedulo
671 564 829 645 inspeetis
847 589 853 626 :
880 566 926 625 sic
942 566 1030 626 enim
1048 574 1119 625 turn
1138 566 1168 625 in
1187 565 1285 626 bibli-

185 669 231 728 cis
247 679 318 730 tum
336 670 368 730 in
386 669 581 750 theologicis
596 669 779 749 disciplinis
796 669 915 729 mimm
932 669 964 728 in
983 669 1119 728 modum
1137 667 1286 748 proficie-

185 769 254 828 tis2.
302 767 499 848 Optandum
515 789 595 830 sane
611 768 696 830 soret
712 780 748 831 ut
770 769 888 830 eadem
906 768 1066 830 methodo
1086 780 1286 848 argumenta

185 892 229 932 ex
246 871 442 934 Traditione
458 873 746 952 expenderentur:
770 893 872 952 quum
886 882 998 934 autem
1015 893 1065 932 res
1082 872 1226 934 difficilis
1242 875 1286 935 sit

186 984 321 1054 propter
335 972 502 1037 defeetum
519 976 680 1056 temporis
702 985 736 1037 et
759 975 927 1050 librorum,
942 976 1024 1036 satis
1046 977 1107 1036 erit
1125 976 1285 1037 Ecclesiae

186 1077 397 1140 definitiones
420 1088 454 1140 et
478 1079 510 1142 S.
528 1078 725 1140 Pontificum
753 1079 994 1141 declarationes
1018 1088 1146 1140 attente
1174 1080 1286 1159 legere

187 1181 275 1259 apud
292 1180 488 1261 Deneinger,
506 1181 722 1242 Enchiridion
742 1180 978 1261 Symbolorum
995 1192 1029 1243 et
1043 1181 1286 1254 definitionum,

187 1285 420 1364 praecipuaque
440 1286 576 1346 Patrum
602 1287 794 1347 testimonia
815 1287 848 1346 in
874 1286 1006 1348 Scleciis
1027 1286 1185 1365 opusculis
1208 1308 1228 1348 a
1247 1289 1286 1348 cl.

188 1387 316 1448 Hurler
329 1389 436 1449 editis.

232 1505 303 1564 Nec
327 1503 448 1566 sufficit
472 1505 634 1584 dogmata
658 1504 833 1584 Scriptura
855 1514 889 1566 et
918 1505 948 1566 Τ
946 1507 1107 1568 rrrciitione
1129 1508 1288 1587 probare;

189 1606 272 1668 roim
288 1607 375 1668 enim
394 1614 409 1636 ⁸‘
420 1606 485 1669 fide
502 1607 673 1681 illustrata,
686 1628 761 1669 cum
778 1607 969 1689 sedu10,pie
985 1619 1017 1669 et
1033 1609 1141 1670 sobrie
1157 1612 1287 1690 quaerit‚

120 1781 123 1786 Ι
189 1710 344 1790 aliquam,
362 1711 436 1771 Deo
463 1711 573 1784 dante,
599 1712 832 1791 mysteriorum
859 1711 1112 1790 intelligentiam
1144 1733 1288 1793 eamque

189 1811 484 1876 fruituosissimam
505 1815 699 1895 assequitur,
715 1825 786 1876 tum
803 1835 847 1875 ex
863 1834 977 1875 corum
1000 1834 1074 1894 quae
1091 1817 1289 1877 naturaliter

189 1918 360 1996 cognoscit
375 1918 536 1997 analogia,
548 1927 619 1978 tum
636 1938 654 1978 e
671 1919 903 1998 mysteriorum
921 1917 1067 1996 ipsorum
1093 1939 1182 1980 nexu
1200 1920 1289 1980 inter

190 2040 224 2080 se
240 2032 361 2081 etcum
378 2019 442 2082 fine
459 2021 602 2082 hominis
615 2021 734 2082 ultimo
746 2022 799 2096 ”³3
822 2021 907 2095 hinc,
920 2031 1090 2100 praeeunte
1101 2024 1288 2101 praesertim

188 2122 343 2202 Angelieo
367 2122 570 2201 Prreceptore,
592 2124 762 2202 quomodo
785 2124 945 2203 dogmata
971 2123 1048 2185 fidei
1072 2135 1194 2186 nostrae
1219 2147 1288 2186 non

190 2225 297 2286 solum
324 2226 444 2286 rationi
468 2245 534 2286 non
561 2235 753 2305 repugnent,
768 2225 827 2286 sed
854 2246 929 2287 cum
953 2245 1043 2287 sanae
1066 2228 1289 2308 philosophiae

191 2327 359 2407 principiis
375 2328 574 2388 conveniant
591 2328 734 2388 breviter
750 2327 925 2388 ostendere
941 2338 1080 2390 conatus
1096 2350 1179 2403 sum,
1195 2339 1229 2390 et
1244 2332 1288 2391 ad

190 2429 346 2490 fusiorem
371 2428 488 2489 horum
515 2439 784 2509 argumentorum
809 2429 1082 2509 explanationem
1107 2432 1289 2512 discipulos

191 2553 282 2594 meos
298 2532 339 2592 ad
357 2552 457 2611 opera
475 2531 509 2594 S.
532 2532 562 2592 's
559 2532 661 2596 liotore
676 2533 817 2607 remitt0,
833 2553 907 2612 quae
925 2534 1092 2595 studiosus
1109 2532 1290 2612 theologias

190 2636 387 2698 candidatus
405 2634 629 2696 indesinenter
645 2634 811 2717 perlegere
827 2635 928 2696 debet
937 2649 958 2696 4.

242 2753 400 2815 Brevitati
417 2753 513 2814 simul
530 2764 563 2814 et
576 2754 804 2834 perspicuitati
820 2753 958 2815 studeo:
982 2753 1136 2814 brevitati
1143 2753 1290 2832 quidem,

191 2866 227 2919 ut
251 2877 326 2937 quae
349 2856 480 2918 nonnisi
505 2857 698 2918 summatim
725 2856 778 2916 hic
801 2856 1023 2936 attinguntur,
1031 2854 1166 2935 proprio
1184 2855 1292 2916 labore

191 2971 260 3020 tum
280 2957 483 3033 meditand0,
499 2968 569 3019 tum
588 2957 652 3018 alia
676 2976 777 3036 opera
793 2957 937 3037 legendo
953 2978 1013 3038 pro
1035 2957 1290 3037 opportunitate

191 3062 350 3141 ampliare
376 3061 524 3141 possitis;
561 3060 795 3140 perspicuitati,
822 3070 858 3122 ut
886 3060 973 3122 clare
997 3058 1184 3122 doctrinam
1209 3059 1288 3121 fidei

225 3316 233 3345 1
247 3300 380 3352 Nonnulli
400 3309 500 3362 textus,
515 3298 675 3366 frequenter
694 3315 710 3350 a
730 3296 817 3350 sacris
831 3297 989 3351 oratoribus
1008 3307 1036 3350 et
1050 3296 1188 3364 theologis
1203 3296 1291 3362 citati,

190 3405 222 3441 ex
242 3386 378 3440 industria
397 3385 493 3439 omissi
513 3396 584 3451 sunt,
602 3393 697 3453 quum',
711 3396 841 3440 contextu
863 3383 1000 3454 inspecto,
1014 3383 1076 3437 illos
1096 3384 1133 3436 ad
1153 3400 1212 3437 rem
1231 3399 1290 3434 non

192 3475 329 3542 pertinere
342 3484 515 3540 compertum
529 3472 618 3525 suerit.

225 3561 338 3629 ²'Quum
349 3576 447 3612 omnes
460 3568 550 3612 textus
564 3557 591 3610 in
605 3558 659 3610 hac
669 3555 789 3624 Synopsi
799 3555 885 3619 citati,
896 3553 1008 3607 nonnisi
1021 3571 1095 3621 aegre
1109 3563 1224 3622 possent
1233 3569 1291 3605 me·

191 3647 287 3700 moriae
300 3644 499 3712 commendari,
513 3655 701 3714 opportunum
715 3642 780 3696 duxi
794 3640 940 3710 discipulis
955 3641 1068 3693 veniam
1081 3640 1149 3693 dare
1169 3649 1208 3703 ut,
1222 3639 1291 3692 dum

191 3732 325 3788 leitiones
339 3733 466 3796 recitant,
474 3732 561 3785 sacris
574 3730 671 3784 Bibliis
685 3730 724 3783 uti
738 3729 869 3782 valeant:
889 3728 929 3780 sic
938 3727 1013 3780 enim
1028 3726 1132 3794 ingenii
1147 3743 1230 3779 acum
1241 3743 1290 3794 po-

192 3819 332 3888 tiusquam
346 3818 511 3873 memoriam
525 3818 617 3871 colere
630 3825 757 3884 possunt.

227 3930 236 3960 s
253 3907 387 3973 Vaticon,
402 3908 477 3959 Sess,
497 3907 551 3971 Ill,
568 3921 629 3972 cap.
643 3918 668 3968 4.
748 3942 752 3952 .

228 3994 302 4063 ⁴Qui
314 3992 472 4047 dodlrinam
487 3993 650 4045 srThomae
670 3990 795 4058 apprime
815 4004 986 4055 cognoscere
1000 3987 1105 4053 volunt,
1120 4003 1178 4039 non
1199 3986 1292 4047 solum

195 4084 340 4134 Summam
358 4079 555 4146 theologicam,
569 4078 619 4131 sed
638 4078 723 4130 etiam
743 4076 798 4128 alia
813 4073 909 4128 Sancti
926 4072 1058 4127 Doftoris
1077 4090 1164 4142 opera
1182 4074 1286 4140 legant,

194 4166 348 4236 praesertim
363 4182 427 4219 vero
439 4166 587 4218 Summam
601 4169 697 4216 eontra
710 4163 841 4226 Gentiles,
851 4163 1022 4230 Quoestiones
1033 4162 1201 4229 disputatus,
1215 4161 1238 4212 C
1236 4177 1293 4211 orn·

190 4254 326 4323 pendium
339 4252 492 4320 theologice,
509 4263 537 4304 et
552 4251 656 4304 Contra
669 4266 779 4301 errores
792 4250 962 4301 Grceeorum.
