2684 4634
392 177 448 229 DE
466 177 654 228 0P1F1cro
672 178 830 228 MUNDl.
1093 176 1158 225 289

83 371 152 428 regna
162 357 451 427 iacilueducantum
469 357 552 430 atqui
565 355 707 414 mirabilis
718 356 766 413 illa
775 355 960 413 uniformitas
971 355 1069 427 prodit
1078 373 1156 413 com-

81 460 183 503 munem
195 447 341 519 originem
354 447 400 505 vel
411 446 450 504 ab
464 447 523 503 und
535 446 625 518 stirpe
638 446 682 503 vel
696 445 800 503 saltem
814 463 831 501 a
845 444 947 516 paucis
961 466 966 501 :
986 453 1054 501 sunt
1067 443 1157 500 veluti

79 530 168 590 diversi
181 535 254 592 rami
268 535 307 593 ab
322 553 382 597 uno
395 534 494 606 stipite
507 535 572 591 orti.

105 617 296 689 despondetur
307 619 518 677 similitudines
531 618 653 690 quidem
664 619 789 676 existere
802 617 878 675 inter
891 616 983 674 varias
995 615 1157 674 viventium

78 701 178 776 classes,
195 705 236 762 ita
249 715 281 762 ut
293 705 333 763 ad
346 723 460 777 paucos
473 705 712 763 fundamentales
725 716 812 776 typos
826 704 955 762 revocari
969 703 1092 775 possint,
1105 702 1157 760 sed

77 791 149 848 sirnul
161 792 419 852 dissimilitudines
432 811 497 851 esse
510 794 598 852 etiam
614 794 690 851 inter
702 793 812 850 vicinas
826 791 941 864 species
960 791 1020 848 sive
1039 800 1157 847 externe

76 877 124 936 sive
143 879 277 940 interne:
318 868 462 940 Aliunde‘
473 881 538 939 talis
561 880 790 940 fundamentalis
813 880 910 937 unitas
932 898 991 937 non
1015 879 1157 951 supponit

76 968 229 1024 necessario
248 968 412 1025 animantia
434 967 578 1040 originem
600 987 617 1025 a
639 968 792 1025 communi
814 977 934 1039 parente
960 967 1078 1030 ducere,
1105 966 1157 1023 sed
1233 960 1236 968 '

76 1050 170 1122 Deum,
190 1055 319 1112 viventia
338 1055 477 1124 creand0,
498 1056 633 1126 voluisse,
657 1056 696 1114 ad
718 1055 930 1127 perfeetionem
955 1055 1091 1125 universi,
1119 1055 1157 1110 ita

74 1141 162 1198 omnia
174 1141 312 1201 ordinaire
325 1156 357 1201 ut
370 1144 488 1202 adesset
500 1145 588 1201 simul
600 1144 725 1202 varietas
738 1154 768 1202 et
781 1144 884 1201 unitas.

97 1300 133 1355 50.
174 1291 226 1361 (D)
235 1290 678 1362 Exdistributionegeographici
687 1289 837 1360 specierum
848 1310 858 1343 .·
876 1285 1157 1356 animaliaejusdem

70 1376 189 1445 regionis
204 1377 249 1435 vel
262 1378 423 1436 vicinarum
438 1380 591 1451 regionum
606 1397 673 1449 quae
687 1377 759 1434 tales
771 1384 850 1441 sunt,
861 1385 892 1431 ut
902 1373 941 1432 ab
951 1376 1010 1430 una
1020 1373 1058 1431 ad
1071 1375 1157 1431 aliarn

68 1461 153 1520 facilis
167 1463 204 1520 sit
217 1465 365 1536 transitus,
379 1467 537 1523 maximam
558 1465 784 1522 similitudinem
803 1481 863 1536 prae
882 1480 913 1520 se
933 1462 1038 1529 serunt,
1051 1461 1122 1518 dum
1142 1479 1158 1518 e

66 1562 164 1608 contra
176 1552 316 1610 animalia
329 1554 494 1626 regionum,
509 1572 576 1626 quae
589 1553 628 1612 ab
640 1553 704 1610 aliis
717 1562 899 1623 separantur,
912 1549 1065 1608 dissimilia
1078 1561 1158 1616 sunt;

63 1640 140 1709 atqui
156 1639 236 1698 fac‘ta
253 1640 424 1713 hujusmodi
445 1642 575 1715 probant
594 1641 709 1714 species
728 1639 855 1697 externis
873 1637 1101 1695 circumstantiis
1120 1637 1159 1693 ita

62 1726 226 1784 modificari
241 1737 273 1785 ut
286 1745 371 1786 novae
384 1729 499 1802 species
512 1729 657 1800 gradatim
670 1728 813 1798 oriantur,
832 1743 910 1797 erg0.

92 1813 372 1884 Respondeturhaec
385 1816 487 1873 omnia
500 1814 680 1873 sufficienter
697 1813 835 1886 explicari
857 1813 879 1868 si
900 1812 983 1884 plura
1002 1810 1158 1868 creationis

60 1910 163 1957 centra
175 1901 403 1960 admittantur¹:
426 1904 508 1961 Deus
529 1904 611 1960 enim
631 1903 660 1959 in
680 1902 767 1958 variis
788 1899 959 1971 regionibus
973 1899 1036 1956 illas
1049 1899 1158 1955 anima-

59 1986 132 2042 lium
145 1987 262 2058 species
272 1990 380 2047 creavit
391 2008 458 2062 quae
468 1990 629 2061 temperiei,
638 1988 710 2060 s010,
722 1989 887 2060 ceterisque
896 1986 1046 2059 adjunctis
1055 1995 1158 2044 attem-

59 2074 157 2144 perari
170 2084 316 2146 poterant.

93 2237 134 2291 51·
177 2223 225 2294 (Ε)
239 2224 284 2280 Ex
296 2225 488 2282 niutabilitate
499 2223 649 2295 specierum
661 2246 671 2280 .·
688 2222 831 2279 seleiIiene
842 2221 906 2278 arti
926 2221 996 2278 ciali
1006 2221 1160 2293 permultae

59 2308 270 2379 producuntur
283 2311 312 2366 in
325 2312 483 2384 speciebus
496 2312 556 2382 jam
569 2308 762 2369 existentibus
776 2308 970 2380 proprietates
984 2326 1077 2379 novae,
1093 2326 1159 2378 quae

60 2412 113 2465 per
127 2394 229 2466 plures
241 2398 447 2468 generationes
461 2399 501 2456 ita
519 2408 672 2468 augentur,
689 2406 721 2453 ut
741 2396 881 2467 paulatim
902 2413 987 2453 novae
1005 2395 1159 2452 varietates

59 2482 205 2548 oriantur,
221 2493 258 2554 et,
275 2496 342 2557 post
355 2484 445 2558 longa
458 2497 602 2557 tempora,
614 2502 699 2541 novae
708 2483 822 2555 species
832 2483 900 2540 oriri
910 2484 1036 2556 possint;
1056 2484 1116 2541 imo
1125 2501 1160 2540 ex

59 2569 277 2629 commixtione
290 2572 448 2630 vicinarum
462 2572 627 2644 specierum
642 2589 726 2628 novae
739 2571 777 2629 de
792 2570 870 2627 laeto
883 2581 989 2628 creatae
1008 2580 1075 2626 sunt
1095 2588 1158 2642 spe-

60 2659 130 2728 cies,
148 2669 178 2715 et
190 2658 259 2717 licet
271 2661 433 2731 generatim
447 2661 583 2719 secundae
602 2678 664 2717 non
683 2660 751 2726 sint,
766 2659 880 2729 aliquot
899 2657 1006 2715 dantur
1024 2659 1160 2730 exempla

60 2747 218 2805 illimitatae
229 2748 419 2808 fecunditatis
433 2750 623 2822 hybridarum
644 2748 704 2805 sive
724 2748 753 2803 in
772 2747 880 2818 plantis
899 2747 959 2804 sive
979 2747 1008 2802 in
1027 2747 1159 2803 animali-

62 2837 143 2892 bus'.
182 2835 280 2908 Porro,
295 2837 318 2893 si
332 2855 377 2895 res
390 2837 430 2895 ita
442 2855 474 2895 se
487 2835 577 2895 habet
591 2836 679 2894 etiam
690 2834 790 2904 hodie,
800 2834 922 2906 quando
933 2834 1047 2905 species
1056 2835 1160 2905 maj0ri

98 3063 106 3085 ¹
128 3053 211 3121 Quod
228 3051 288 3123 jam
308 3056 417 3109 Suarea
435 3056 570 3109 docuerat
589 3055 636 3122 (de
657 3055 751 3123 Opere
765 3070 813 3106 sex
826 3053 895 3107 dier.
911 3053 927 3107 Ι.
945 3053 983 3120 ΙΙ,
996 3070 1019 3107 c.
1035 3067 1059 3120 7,
1072 3071 1098 3106 n.
1113 3053 1160 3118 8):

65 3140 82 3166 “
96 3141 241 3209 Quantum
253 3141 330 3196 enim
343 3143 513 3212 experientia
526 3142 617 3207 docet,
631 3140 780 3194 verisimile
793 3151 836 3193 est
849 3156 905 3192 non
916 3157 1011 3195 omnes
1021 3143 1161 3208 vegetabi-

61 3228 132 3281 lium
144 3236 173 3282 et
186 3228 330 3283 brutorum
344 3230 454 3299 species
468 3231 570 3299 ubique
584 3246 647 3283 esse
660 3227 820 3297 produilaS,
835 3229 884 3282 sed
904 3230 1041 3297 quasdam
1060 3230 1087 3282 in
1108 3232 1161 3283 lroc

61 3313 273 3386 hemisphaerio,
286 3326 314 3372 et
326 3316 397 3371 alias
411 3317 438 3369 in
452 3317 516 3382 alio,
529 3326 556 3371 et
571 3315 654 3369 simili
667 3315 752 3368 modo
765 3315 794 3367 in
807 3315 891 3368 variis
910 3316 1053 3384 utriusque
1074 3320 1161 3385 regio·

60 3404 157 3468 nibus,
167 3403 247 3472 juxta
260 3403 497 3473 sapientissimam
513 3405 566 3458 Dei
580 3402 807 3457 distributionem
820 3401 970 3471 productas
984 3404 1093 3457 suisse.'’

96 3490 265 3559 ²Exempln
283 3491 442 3560 hujusmodi
469 3492 589 3545 referunt
615 3490 746 3552 Wallace,
770 3489 947 3555 Darwinism,
967 3507 988 3544 c.
1010 3505 1034 3556 7,
1054 3508 1078 3554 p.
1104 3507 1161 3562 159,

61 3578 174 3643 Duval,
189 3578 285 3633 Revue
298 3578 487 3648 Scientifique,
498 3580 560 3647 Jan.
575 3578 641 3647 1884
646 3599 652 3642 ;
672 3579 706 3632 cf.
720 3577 869 3646 Encyclop.
884 3578 996 3629 Britan,
1007 3594 1076 3630 voce
1087 3580 1162 3631 Sire-

60 3667 135 3729 don,·
155 3665 251 3719 Revue
263 3665 314 3719 des
328 3667 426 3733 Quest.
443 3666 568 3719 Scientil.
587 3667 646 3730 Ian.
664 3666 739 3732 1892.
779 3666 897 3718 Adrum
918 3664 1163 3731 Claus-Sedgwich

62 3752 121 3821 (op.
137 3752 183 3806 cit.
198 3769 224 3820 p.
243 3753 322 3820 142):
342 3753 358 3780 “
369 3755 434 3807 Non
448 3754 549 3808 desunt
563 3765 658 3808 tamen
668 3753 845 3821 exceptiones
856 3761 953 3804 contra
964 3750 1073 3818 lrybridi
1085 3751 1163 3804 steri-

62 3840 174 3894 litatem
187 3856 250 3910 quae
264 3840 597 3910 solidumargumentum
611 3841 639 3892 in
654 3839 809 3908 specierum
824 3838 1080 3891 immutabilitatem
1094 3839 1162 3896 obii-

62 3945 127 3984 cere
149 3928 284 3985 videntur.
324 3929 524 3999 Experimenta
546 3929 620 3983 circa
642 3929 744 3997 leporis
766 3938 794 3980 et
814 3926 933 3980 curriculi
956 3925 1161 3994 copulationem

63 4016 240 4086 Engulismae
254 4034 271 4070 a
284 4018 364 4071 Roux
378 4013 501 4086 penita,
517 4034 613 4070 eorum
626 4018 741 4086 prolem,
751 4014 1016 4082 cumeum-leporem
1028 4013 1162 4066 siccundi-

61 4114 122 4158 tate
135 4103 242 4173 optime
254 4104 376 4173 gaudere
389 4104 661 4158 demonstraverunt.
703 4102 824 4169 Hybridi
839 4118 872 4153 ex
886 4103 978 4168 lepore
994 4112 1021 4153 et
1035 4099 1163 4152 cuniculo

61 4189 213 4261 procreati,
228 4189 370 4260 conjuncti
383 4191 500 4258 fuerunt,
518 4191 705 4262 eumdemque
719 4200 900 4262 typum,post
907 4189 1004 4260 plures
1013 4187 1171 4257 generatio-

59 4294 119 4340 nes,
132 4292 226 4327 rursus
234 4287 425 4341 procrearunt.
467 4279 592 4348 lnsuper
606 4280 612 4333 i
616 4280 756 4336 ndustriae
770 4279 996 4336 observationes
1006 4273 1194 4343 c'ireabubr't·

159 4386 286 4431 Sinonis
295 4387 326 4433 11.
342 4414 368 4423 -
383 4404 413 4445 ιφ
