2684 4620
202 179 267 229 332
641 181 781 232 CAPUT
800 181 857 229 111.

203 354 240 423 (c)
260 354 414 422 Sce'enlzfice
435 365 478 412 est
498 373 577 412 mera
596 355 779 428 hypothesis,
795 374 887 427 quum
907 354 1088 426 conjeciuris
1108 354 1293 426 potiusquam

203 440 284 497 saetis
306 440 447 498 innitatur
454 460 462 512 ;
481 460 548 498 nam
573 443 717 513 generalis
740 442 853 500 theoria
871 441 1049 499 evolutionis
1069 440 1232 498 scientifice
1250 440 1294 496 de-

203 527 357 584 monstrari
371 545 431 583 non
445 528 542 598 potuit
555 527 701 599 usquead
715 538 890 600 praesentem
905 527 993 597 diem,
1011 536 1048 597 et,
1066 526 1183 585 etiamsi
1196 525 1292 584 admit-

202 623 320 683 teretur,
329 632 390 671 non
403 614 503 671 adhuc
516 614 626 672 inventi
646 624 715 672 sunt
732 615 833 671 annuli
853 614 1020 672 intermedii
1040 631 1094 686 per
1112 630 1191 685 quos
1210 613 1292 669 homo

202 720 270 758 curn
283 700 460 758 animalibus
473 701 659 760 inferioribus
672 703 809 759 connedti
824 702 939 768 dicitur,
952 711 983 759 ut
996 700 1051 773 ipsi
1063 699 1293 757 Transsormistae

203 787 285 846 lateri
297 798 465 860 coguntur.

247 928 312 994 123.
359 925 393 991 3⁰
408 910 628 976 Corollarz‘um.
673 911 780 973 Homo
792 911 998 974 constituitur
1007 922 1133 991 corpore
1143 919 1174 971 et
1182 907 1293 982 enisuri,

202 1038 273 1099 quae
287 1018 335 1078 ita
350 1015 509 1077 unz'untur
525 1025 564 1077 ut
577 1016 690 1078 anima
706 1013 899 1077 z'ntellel‘liva
913 1015 959 1077 sit
973 1035 1045 1077 vere
1060 1025 1091 1076 et
1104 1025 1170 1094 per
1190 1035 1223 1074 se
1242 1013 1292 1074 lert-

203 1120 297 1183 mam‘
307 1119 445 1200 corporis
450 1120 574 1199 forata.

203 1209 205 1213 Α
254 1224 306 1286 De
323 1222 388 1285 fide
403 1232 506 1285 estex
518 1221 553 1284 C.
574 1219 948 1302 Vtennensi(1311-12):
969 1222 1098 1282 “Porro
1114 1218 1293 1303 destrinam

203 1346 347 1399 ornnem,
363 1345 419 1386 seu
444 1324 641 1405 positionem
666 1332 791 1386 temere
814 1332 1026 1399 asserentem,
1042 1332 1099 1386 aut
1116 1332 1293 1384 vertentem

203 1429 236 1490 in
253 1428 390 1491 dubium
407 1427 495 1507 quod
512 1427 700 1489 substantia
716 1427 837 1488 animae
854 1426 1032 1500 rationalis
1048 1446 1106 1487 seu
1129 1422 1295 1487 intellecti-

198 1550 262 1606 vae,
277 1549 353 1591 vere
379 1549 416 1590 ac
440 1548 498 1609 per
520 1548 555 1590 se
581 1527 718 1589 humani
742 1529 887 1609 corporis
914 1548 980 1589 non
1005 1529 1047 1590 sit
1073 1526 1192 1602 forma,
1214 1526 1296 1589 velut

204 1651 373 1694 erroneam
401 1651 439 1692 ac
469 1630 600 1692 veritati
630 1630 803 1693 catholicae
833 1631 1001 1694 inimicam
1029 1629 1115 1705 fidei,
1143 1627 1297 1711 praediolo

185 1756 296 1824 ¹sacro
319 1732 525 1814 approbante
549 1733 689 1794 concilio
712 1734 945 1815 reprobamus:
969 1731 1192 1796 definientes..
1216 1731 1297 1812 quod

203 1837 352 1920 quisquis
368 1835 523 1916 deinceps
536 1855 689 1911 asserere,
701 1836 888 1911 defendere,
898 1856 954 1897 seu
968 1844 1079 1898 tenere
1091 1835 1299 1916 pertinaciter

203 1936 459 2021 praesumpserit,
475 1937 563 2016 quod
581 1936 693 1997 anima
709 1937 878 1999 rationalis
895 1958 952 2000 seu
969 1934 1249 2000 intelledtivanon
1261 1937 1299 1998 sit

204 2043 310 2105 forma
325 2042 470 2121 corporis
487 2040 624 2103 humani
641 2061 699 2121 per
715 2060 750 2101 se
766 2050 799 2102 et
815 2038 1042 2114 essentialiter,
1058 2048 1222 2120 tanquam
1239 2039 1300 2100 hae-

204 2147 323 2209 reticus
340 2145 382 2206 sit
398 2144 583 2206 censendus
594 2145 609 2169 '³
628 2141 805 2229 (Denzing,
823 2164 851 2204 n.
868 2143 956 2223 409).

249 2310 313 2375 124.
361 2292 399 2352 In
416 2290 478 2352 hac
494 2290 594 2373 igitur
617 2290 811 2354 definitione
834 2290 896 2353 tria
919 2286 1043 2352 direete
1067 2288 1300 2352 includuntur:

204 2394 252 2476 (a)
270 2393 415 2455 animam
432 2392 612 2455 humanam
636 2412 708 2455 esse
721 2394 870 2473 formam
896 2391 1035 2472 corporis
1060 2390 1210 2466 humani,
1234 2392 1251 2452 i.
1276 2410 1301 2451 e.
1338 2422 1340 2434 ·

205 2496 467 2559 substantialiter
492 2496 621 2576 corpori
649 2497 742 2569 uniri,
765 2495 850 2557 sicut
874 2494 979 2555 forma
1003 2494 1152 2555 materiae
1176 2494 1302 2567 unitur;

204 2598 259 2681 (b).
270 2583 453 2679 etquidem
462 2608 523 2677 per
536 2618 577 2673 se,
594 2598 610 2658 i.
624 2618 651 2660 e.
667 2618 732 2658 non
750 2618 808 2678 per
820 2595 919 2671 aliud,
931 2616 996 2657 non
1011 2597 1179 2658 mediante
1192 2596 1303 2675 aliquo

205 2702 270 2764 alio
291 2700 453 2783 principio
479 2700 638 2763 sensitivo
661 2709 719 2762 aut
742 2700 939 2780 vegetativo,
955 2699 1012 2760 sed
1037 2695 1171 2774 directe,
1188 2699 1303 2759 imme-

204 2805 294 2866 diate
310 2824 368 2886 per
383 2803 543 2883 seipsam;
570 2802 618 2884 (c)
635 2802 854 2875 essentialiter,
871 2803 888 2864 i.
905 2822 930 2863 e.
947 2821 991 2862 ex
1008 2804 1126 2862 natura
1151 2804 1221 2875 sua,
1238 2821 1301 2862 non

205 2917 316 2969 autem
340 2927 399 2994 per
420 2905 659 2967 accidentalem
684 2904 858 2979 influxum,
883 2905 929 2966 ita
952 2912 989 2965 ut
1011 2903 1156 2965 essentia
1182 2904 1303 2965 animae

204 3031 279 3071 vere
295 3009 405 3071 eliciat
421 3006 565 3070 adtiones
582 3027 648 3068 non
666 3007 774 3068 solum¹
786 3004 1035 3081 intelledtualeS,
1045 3005 1103 3067 sed
1116 3007 1219 3068 etiarn
1232 3026 1304 3068 sen-

205 3112 318 3175 sitivas
334 3120 367 3174 et
383 3110 587 3192 vegetativas
603 3109 700 3172 simul
717 3130 792 3171 cum
806 3129 942 3192 corpore
958 3109 1010 3171 cui
1027 3109 1165 3171 unitur2.

241 3319 248 3340 ¹
262 3312 278 3339 “
289 3314 360 3365 Haec
374 3311 506 3363 animalia
520 3309 659 3364 exstindla
678 3327 749 3378 quae,
763 3310 839 3363 velut
858 3307 1016 3363 intermedii
1036 3307 1142 3375 annuli,
1160 3307 1305 3361 hominem

206 3399 293 3452 simiae
307 3397 475 3466 conjungere
486 3398 630 3460 deberent,
640 3397 743 3450 frustra
753 3395 995 3464 investigavimus;
1014 3395 1099 3448 homo
1109 3394 1303 3463 primigenius,

205 3485 451 3554 proto-anthropos
465 3484 557 3537 adhuc
572 3483 701 3537 inventus
714 3499 770 3535 non
783 3491 837 3536 est:
870 3481 1018 3534 Affirmare
1029 3479 1136 3535 interea
1145 3480 1223 3544 licet,
1235 3481 1305 3535 inter

204 3572 334 3641 antiquos
344 3571 471 3640 populos,
481 3568 569 3623 simite
579 3568 804 3639 propinquiorem
815 3569 957 3622 neminem
967 3584 1030 3622 esse
1040 3584 1125 3637 quam
1134 3567 1187 3638 ipsi
1197 3584 1302 3621 sumus.

206 3659 306 3712 Omnis
326 3657 410 3725 stirps
429 3654 513 3724 (racc)
532 3673 595 3724 quae
614 3665 665 3721 est,
684 3656 809 3708 humana
827 3665 879 3718 est,
895 3654 959 3709 licet
973 3655 1113 3725 quosdam
1127 3654 1304 3724 charac‘teres

205 3755 253 3797 aut
266 3745 370 3814 formas
384 3741 473 3796 simiae
486 3742 613 3811 proprias
627 3742 769 3795 nonnullae
782 3757 841 3809 prae
860 3757 890 3794 se
910 3741 1010 3795 ferant.
1049 3742 1184 3795 Attamen
1205 3740 1304 3794 exinde

205 3831 401 3884 affirmandum
416 3845 471 3881 non
486 3838 528 3882 est
542 3828 604 3880 illos
618 3827 747 3880 homines
762 3826 850 3880 simiis
864 3825 970 3881 similes
984 3826 1071 3880 esse’'.
1114 3828 1158 3880 lta
1178 3826 1305 3880 Vz'rclrow

205 3915 343 3984 (Congres'
356 3913 613 3989 ‹l’Anthropologie‚
629 3914 738 3967 Vienne
755 3910 844 3978 1889);
864 3912 897 3967 cf.
915 3913 942 3964 T
939 3913 1013 3979 hein,
1027 3929 1071 3980 op.
1089 3911 1134 3966 cit.
1149 3929 1175 3966 n.
1195 3912 1251 3964 128.

233 4007 249 4069 ¹²
270 4000 436 4054 Dodirinam
456 4000 652 4053 scholasticam
673 4000 708 4053 de
727 3999 830 4053 unione
849 4000 951 4053 animae
971 4016 1035 4052 cum
1053 4015 1170 4068 corpore
1189 3998 1305 4051 minime

197 4088 406 4163 materialismo
425 4089 518 4141 favere
537 4088 650 4155 egregie
668 4084 791 4140 ostendit
814 4084 937 4152 Gardezi,
951 4097 1050 4140 contra
1067 4095 1198 4140 recentes
1218 4086 1304 4154 impu-

198 4175 351 4246 gnationes
372 4173 408 4228 Di
420 4175 531 4239 Alaux,
547 4191 592 4243 ap.
609 4176 704 4226 Revue
716 4174 850 4240 thorniste,
872 4175 947 4240 1894,
964 4191 1007 4242 pp.
1028 4187 1081 4240 ²29
1093 4190 1149 4242 sq„
1170 4172 1223 4239 367
1244 4191 1284 4242 sq.
1299 4190 1305 4223 :

191 4266 226 4320 cf.
247 4266 387 4334 Gardaz'r,
405 4267 498 4337 Corps
511 4274 540 4321 et
554 4265 637 4335 Ame,
652 4261 746 4326 Paris,
761 4261 841 4329 ibon,
852 4277 883 4327 p.
895 4261 1035 4327 sss-242<
