<?xml version="1.0" encoding="UTF-8"?>
<!DOCTYPE html PUBLIC "-//W3C//DTD XHTML 1.0 Transitional//EN"
    "http://www.w3.org/TR/xhtml1/DTD/xhtml1-transitional.dtd">
<html xmlns="http://www.w3.org/1999/xhtml" xml:lang="en" lang="en">
 <head>
  <title>
</title>
<meta http-equiv="Content-Type" content="text/html;charset=utf-8" />
  <meta name='ocr-system' content='tesseract 3.04.00' />
  <meta name='ocr-capabilities' content='ocr_page ocr_carea ocr_par ocr_line ocrx_word'/>
</head>
<body>
  <div class='ocr_page' id='page_1' title='image "./synopsistheolog00tanqgoog_0055.png"; bbox 0 0 2684 4634; ppageno 0'>
   <div class='ocr_carea' id='block_1_1' title="bbox 198 130 845 210">
    <p class='ocr_par' dir='ltr' id='par_1_1' title="bbox 198 130 845 210">
     <span class='ocr_line' id='line_1_1' title="bbox 198 130 845 210; baseline 0.005 -5"><span class='ocrx_word' id='word_1_1' title='bbox 198 156 241 205; x_wconf 79' lang='lat'><strong>34</strong></span> <span class='ocrx_word' id='word_1_2' title='bbox 288 136 291 143; x_wconf 84' lang='lat'>&#39;</span> <span class='ocrx_word' id='word_1_3' title='bbox 464 130 468 140; x_wconf 82' lang='grc'><strong>’</strong></span> <span class='ocrx_word' id='word_1_4' title='bbox 664 160 804 210; x_wconf 67' lang='lat' dir='ltr'><strong>capus</strong></span> <span class='ocrx_word' id='word_1_5' title='bbox 822 161 845 208; x_wconf 90' lang='lat'><strong>1.</strong></span> 
     </span>
    </p>
   </div>
   <div class='ocr_carea' id='block_1_2' title="bbox 198 335 1340 422">
    <p class='ocr_par' dir='ltr' id='par_1_2' title="bbox 198 335 1340 422">
     <span class='ocr_line' id='line_1_2' title="bbox 198 335 1340 422; baseline 0.003 -26"><span class='ocrx_word' id='word_1_6' title='bbox 198 335 294 416; x_wconf 93' lang='lat' dir='ltr'><strong>eique</strong></span> <span class='ocrx_word' id='word_1_7' title='bbox 324 336 524 399; x_wconf 78' lang='lat' dir='ltr'><strong>contrarium</strong></span> <span class='ocrx_word' id='word_1_8' title='bbox 556 339 692 402; x_wconf 92' lang='lat' dir='ltr'><strong>minime</strong></span> <span class='ocrx_word' id='word_1_9' title='bbox 714 339 985 422; x_wconf 73' lang='lat' dir='ltr'><strong>-exspettandum</strong></span> <span class='ocrx_word' id='word_1_10' title='bbox 1015 361 1094 403; x_wconf 88' lang='lat' dir='ltr'><strong>esse.</strong></span> <span class='ocrx_word' id='word_1_11' title='bbox 1142 342 1293 404; x_wconf 86' lang='lat' dir='ltr'><strong>Fatemur</strong></span> <span class='ocrx_word' id='word_1_12' title='bbox 1332 390 1340 399; x_wconf 87' lang='lat'><em>.</em></span> 
     </span>
    </p>
   </div>
   <div class='ocr_carea' id='block_1_3' title="bbox 199 434 1335 605">
    <p class='ocr_par' dir='ltr' id='par_1_3' title="bbox 199 434 1335 605">
     <span class='ocr_line' id='line_1_3' title="bbox 199 434 1335 525; baseline 0.004 -26"><span class='ocrx_word' id='word_1_13' title='bbox 199 446 309 499; x_wconf 89' lang='lat' dir='ltr'><strong>tamen</strong></span> <span class='ocrx_word' id='word_1_14' title='bbox 327 439 378 501; x_wconf 90' lang='lat' dir='ltr'><strong>his</strong></span> <span class='ocrx_word' id='word_1_15' title='bbox 394 439 501 501; x_wconf 90' lang='lat' dir='ltr'><strong>verbis</strong></span> <span class='ocrx_word' id='word_1_16' title='bbox 518 461 583 502; x_wconf 94' lang='lat' dir='ltr'><strong>non</strong></span> <span class='ocrx_word' id='word_1_17' title='bbox 597 441 748 505; x_wconf 91' lang='lat' dir='ltr'><strong>absolute</strong></span> <span class='ocrx_word' id='word_1_18' title='bbox 761 444 893 506; x_wconf 87' lang='lat' dir='ltr'>excludi</span> <span class='ocrx_word' id='word_1_19' title='bbox 906 434 1123 507; x_wconf 80' lang='lat' dir='ltr'><strong>revelationes</strong></span> <span class='ocrx_word' id='word_1_20' title='bbox 1136 444 1294 525; x_wconf 83' lang='lat' dir='ltr'>prioribus</span> <span class='ocrx_word' id='word_1_21' title='bbox 1329 482 1335 521; x_wconf 44' lang='grc' dir='ltr'><strong>ἶ</strong></span> 
     </span>
     <span class='ocr_line' id='line_1_4' title="bbox 200 541 1179 605; baseline 0.009 -3"><span class='ocrx_word' id='word_1_22' title='bbox 200 561 265 602; x_wconf 94' lang='lat' dir='ltr'><strong>non</strong></span> <span class='ocrx_word' id='word_1_23' title='bbox 282 544 472 605; x_wconf 85' lang='lat' dir='ltr'><strong>contrarias</strong></span> <span class='ocrx_word' id='word_1_24' title='bbox 1177 541 1179 545; x_wconf 61' lang='grc'><strong>’</strong></span> 
     </span>
    </p>
   </div>
   <div class='ocr_carea' id='block_1_4' title="bbox 199 714 1340 2444">
    <p class='ocr_par' dir='ltr' id='par_1_4' title="bbox 199 714 1340 2444">
     <span class='ocr_line' id='line_1_5' title="bbox 242 714 1340 803; baseline 0.007 -26"><span class='ocrx_word' id='word_1_25' title='bbox 242 714 288 791; x_wconf 69' lang='lat' dir='ltr'><strong>83v</strong></span> <span class='ocrx_word' id='word_1_26' title='bbox 342 717 466 779; x_wconf 80' lang='lat' dir='ltr'><em>Tradit.</em></span> <span class='ocrx_word' id='word_1_27' title='bbox 513 717 563 798; x_wconf 85' lang='lat' dir='ltr'><strong>(a)</strong></span> <span class='ocrx_word' id='word_1_28' title='bbox 581 718 720 801; x_wconf 88' lang='lat' dir='ltr'><strong>Semper</strong></span> <span class='ocrx_word' id='word_1_29' title='bbox 743 722 830 787; x_wconf 89' lang='lat' dir='ltr'><strong>enirn</strong></span> <span class='ocrx_word' id='word_1_30' title='bbox 855 721 960 801; x_wconf 86' lang='lat' dir='ltr'><strong>viguit</strong></span> <span class='ocrx_word' id='word_1_31' title='bbox 984 721 1016 782; x_wconf 94' lang='lat' dir='ltr'><strong>in</strong></span> <span class='ocrx_word' id='word_1_32' title='bbox 1042 722 1192 784; x_wconf 76' lang='lat' dir='ltr'><strong>Ecclesitr</strong></span> <span class='ocrx_word' id='word_1_33' title='bbox 1217 721 1295 785; x_wconf 88' lang='lat' dir='ltr'>fides</span> <span class='ocrx_word' id='word_1_34' title='bbox 1335 722 1340 803; x_wconf 67' lang='lat'><em>]</em></span> 
     </span>
     <span class='ocr_line' id='line_1_6' title="bbox 201 818 1338 904; baseline 0.009 -26"><span class='ocrx_word' id='word_1_35' title='bbox 201 818 244 879; x_wconf 93' lang='lat' dir='ltr'><strong>nil</strong></span> <span class='ocrx_word' id='word_1_36' title='bbox 273 820 350 881; x_wconf 90' lang='lat' dir='ltr'><strong>addi</strong></span> <span class='ocrx_word' id='word_1_37' title='bbox 379 840 476 900; x_wconf 88' lang='lat' dir='ltr'><strong>posse</strong></span> <span class='ocrx_word' id='word_1_38' title='bbox 503 819 664 884; x_wconf 64' lang='lat' dir='ltr'><strong>doitrinae</strong></span> <span class='ocrx_word' id='word_1_39' title='bbox 692 825 735 886; x_wconf 85' lang='lat' dir='ltr'><strong>ab</strong></span> <span class='ocrx_word' id='word_1_40' title='bbox 758 823 934 904; x_wconf 89' lang='lat' dir='ltr'><strong>Apostolis</strong></span> <span class='ocrx_word' id='word_1_41' title='bbox 958 825 1100 902; x_wconf 83' lang='lat' dir='ltr'><strong>traditae,</strong></span> <span class='ocrx_word' id='word_1_42' title='bbox 1124 825 1170 887; x_wconf 96' lang='lat' dir='ltr'><strong>nil</strong></span> <span class='ocrx_word' id='word_1_43' title='bbox 1194 825 1239 888; x_wconf 89' lang='lat' dir='ltr'><strong>ab</strong></span> <span class='ocrx_word' id='word_1_44' title='bbox 1262 830 1295 887; x_wconf 76' lang='lat' dir='ltr'><strong>ei</strong></span> <span class='ocrx_word' id='word_1_45' title='bbox 1335 826 1338 831; x_wconf 81' lang='lat'>&#39;</span> 
     </span>
     <span class='ocr_line' id='line_1_7' title="bbox 200 923 1340 1009; baseline 0.005 -26"><span class='ocrx_word' id='word_1_46' title='bbox 200 923 327 985; x_wconf 84' lang='lat' dir='ltr'><strong>detrahi</strong></span> <span class='ocrx_word' id='word_1_47' title='bbox 337 948 344 1002; x_wconf 91' lang='lat'>;</span> <span class='ocrx_word' id='word_1_48' title='bbox 368 924 414 986; x_wconf 89' lang='lat' dir='ltr'><strong>ait</strong></span> <span class='ocrx_word' id='word_1_49' title='bbox 438 925 525 987; x_wconf 92' lang='lat' dir='ltr'><strong>enim</strong></span> <span class='ocrx_word' id='word_1_50' title='bbox 551 923 666 988; x_wconf 71' lang='lat' dir='ltr'><strong>auctor</strong></span> <span class='ocrx_word' id='word_1_51' title='bbox 690 926 860 1008; x_wconf 88' lang='lat' dir='ltr'><strong>Epistolae‚</strong></span> <span class='ocrx_word' id='word_1_52' title='bbox 877 946 949 1006; x_wconf 83' lang='lat' dir='ltr'><strong>quae</strong></span> <span class='ocrx_word' id='word_1_53' title='bbox 967 927 1001 991; x_wconf 83' lang='lat' dir='ltr'><strong>S.</strong></span> <span class='ocrx_word' id='word_1_54' title='bbox 1020 927 1182 990; x_wconf 80' lang='lat' dir='ltr'><strong>Baruubce</strong></span> <span class='ocrx_word' id='word_1_55' title='bbox 1197 929 1295 991; x_wconf 86' lang='lat' dir='ltr'><strong>ascri·</strong></span> <span class='ocrx_word' id='word_1_56' title='bbox 1338 1002 1340 1009; x_wconf 18' lang='grc' dir='ltr'><strong><em>Α</em></strong></span> 
     </span>
     <span class='ocr_line' id='line_1_8' title="bbox 199 1026 1340 1112; baseline 0.002 -25"><span class='ocrx_word' id='word_1_57' title='bbox 199 1026 309 1088; x_wconf 91' lang='lat' dir='ltr'><strong>bitur:</strong></span> <span class='ocrx_word' id='word_1_58' title='bbox 333 1028 490 1109; x_wconf 85' lang='lat' dir='ltr'><strong>“Regula</strong></span> <span class='ocrx_word' id='word_1_59' title='bbox 514 1028 594 1089; x_wconf 92' lang='lat' dir='ltr'><strong>lucis</strong></span> <span class='ocrx_word' id='word_1_60' title='bbox 618 1038 689 1093; x_wconf 91' lang='lat' dir='ltr'><strong>est:</strong></span> <span class='ocrx_word' id='word_1_61' title='bbox 722 1030 851 1091; x_wconf 91' lang='lat' dir='ltr'><strong>custodi</strong></span> <span class='ocrx_word' id='word_1_62' title='bbox 884 1050 959 1109; x_wconf 85' lang='lat' dir='ltr'><strong>quae</strong></span> <span class='ocrx_word' id='word_1_63' title='bbox 990 1032 1158 1112; x_wconf 86' lang='lat' dir='ltr'><strong>accepisti,</strong></span> <span class='ocrx_word' id='word_1_64' title='bbox 1190 1051 1296 1112; x_wconf 87' lang='lat' dir='ltr'><strong>neque</strong></span> <span class='ocrx_word' id='word_1_65' title='bbox 1335 1032 1340 1089; x_wconf 78' lang='grc' dir='ltr'>ζ</span> 
     </span>
     <span class='ocr_line' id='line_1_9' title="bbox 200 1129 1340 1214; baseline 0.007 -25"><span class='ocrx_word' id='word_1_66' title='bbox 200 1129 327 1191; x_wconf 88' lang='lat' dir='ltr'><strong>addens</strong></span> <span class='ocrx_word' id='word_1_67' title='bbox 355 1131 488 1212; x_wconf 89' lang='lat' dir='ltr'><strong>aliquid,</strong></span> <span class='ocrx_word' id='word_1_68' title='bbox 512 1151 618 1212; x_wconf 89' lang='lat' dir='ltr'><strong>neque</strong></span> <span class='ocrx_word' id='word_1_69' title='bbox 649 1132 826 1195; x_wconf 92' lang='lat' dir='ltr'><strong>detrahens</strong></span> <span class='ocrx_word' id='word_1_70' title='bbox 838 1133 852 1158; x_wconf 71' lang='lat'><strong>’³</strong></span> <span class='ocrx_word' id='word_1_71' title='bbox 877 1133 920 1213; x_wconf 80' lang='lat' dir='ltr'><strong>(n.</strong></span> <span class='ocrx_word' id='word_1_72' title='bbox 950 1133 1009 1214; x_wconf 88' lang='lat'>19).</span> <span class='ocrx_word' id='word_1_73' title='bbox 1058 1135 1148 1196; x_wconf 90' lang='lat' dir='ltr'><strong>Hinc</strong></span> <span class='ocrx_word' id='word_1_74' title='bbox 1171 1136 1297 1198; x_wconf 80' lang='lat' dir='ltr'><strong>nouitas</strong></span> <span class='ocrx_word' id='word_1_75' title='bbox 1337 1138 1340 1144; x_wconf 54' lang='lat'><strong>⁴</strong></span> 
     </span>
     <span class='ocr_line' id='line_1_10' title="bbox 199 1230 1295 1315; baseline 0.005 -22"><span class='ocrx_word' id='word_1_76' title='bbox 199 1230 360 1294; x_wconf 70' lang='lat' dir='ltr'><strong>dodtrinae</strong></span> <span class='ocrx_word' id='word_1_77' title='bbox 376 1243 412 1296; x_wconf 93' lang='lat' dir='ltr'><strong>ut</strong></span> <span class='ocrx_word' id='word_1_78' title='bbox 428 1232 562 1294; x_wconf 84' lang='lat' dir='ltr'><strong>haeresis</strong></span> <span class='ocrx_word' id='word_1_79' title='bbox 579 1245 667 1308; x_wconf 87' lang='lat' dir='ltr'><strong>nota,</strong></span> <span class='ocrx_word' id='word_1_80' title='bbox 684 1237 763 1296; x_wconf 94' lang='lat' dir='ltr'><strong>dum</strong></span> <span class='ocrx_word' id='word_1_81' title='bbox 781 1245 915 1297; x_wconf 88' lang='lat' dir='ltr'><strong>econtra</strong></span> <span class='ocrx_word' id='word_1_82' title='bbox 932 1236 1147 1315; x_wconf 83' lang='lat' dir='ltr'><strong>apostolicitos</strong></span> <span class='ocrx_word' id='word_1_83' title='bbox 1164 1247 1200 1299; x_wconf 93' lang='lat' dir='ltr'><strong>ut</strong></span> <span class='ocrx_word' id='word_1_84' title='bbox 1217 1239 1295 1300; x_wconf 89' lang='lat' dir='ltr'><strong>veri-</strong></span> 
     </span>
     <span class='ocr_line' id='line_1_11' title="bbox 201 1335 1294 1419; baseline 0.008 -25"><span class='ocrx_word' id='word_1_85' title='bbox 201 1335 279 1395; x_wconf 90' lang='lat' dir='ltr'><strong>tatis</strong></span> <span class='ocrx_word' id='word_1_86' title='bbox 296 1336 460 1398; x_wconf 86' lang='lat' dir='ltr'>criterium</span> <span class='ocrx_word' id='word_1_87' title='bbox 478 1356 609 1417; x_wconf 85' lang='lat' dir='ltr'><strong>semper</strong></span> <span class='ocrx_word' id='word_1_88' title='bbox 625 1336 739 1398; x_wconf 89' lang='lat' dir='ltr'><strong>habita</strong></span> <span class='ocrx_word' id='word_1_89' title='bbox 755 1337 823 1400; x_wconf 88' lang='lat' dir='ltr'><strong>suit.</strong></span> <span class='ocrx_word' id='word_1_90' title='bbox 869 1337 923 1418; x_wconf 84' lang='lat' dir='ltr'><strong>(b)</strong></span> <span class='ocrx_word' id='word_1_91' title='bbox 944 1337 1233 1419; x_wconf 81' lang='lat' dir='ltr'><strong>Quotiescumque</strong></span> <span class='ocrx_word' id='word_1_92' title='bbox 1255 1340 1294 1403; x_wconf 88' lang='lat' dir='ltr'><strong>dc</strong></span> 
     </span>
     <span class='ocr_line' id='line_1_12' title="bbox 201 1436 1294 1521; baseline 0.006 -24"><span class='ocrx_word' id='word_1_93' title='bbox 201 1436 390 1500; x_wconf 87' lang='lat' dir='ltr'><strong>definiendo</strong></span> <span class='ocrx_word' id='word_1_94' title='bbox 416 1440 575 1521; x_wconf 84' lang='lat' dir='ltr'><strong>dogmate</strong></span> <span class='ocrx_word' id='word_1_95' title='bbox 606 1437 717 1502; x_wconf 72' lang='lat' dir='ltr'><strong>actum</strong></span> <span class='ocrx_word' id='word_1_96' title='bbox 749 1449 808 1515; x_wconf 91' lang='lat' dir='ltr'><strong>est,</strong></span> <span class='ocrx_word' id='word_1_97' title='bbox 840 1441 1010 1521; x_wconf 88' lang='lat' dir='ltr'><strong>inquisitio</strong></span> <span class='ocrx_word' id='word_1_98' title='bbox 1042 1442 1083 1503; x_wconf 85' lang='lat' dir='ltr'><strong>ad</strong></span> <span class='ocrx_word' id='word_1_99' title='bbox 1107 1440 1172 1503; x_wconf 93' lang='lat' dir='ltr'><strong>hoc</strong></span> <span class='ocrx_word' id='word_1_100' title='bbox 1194 1462 1294 1504; x_wconf 94' lang='lat' dir='ltr'><strong>unum</strong></span> 
     </span>
     <span class='ocr_line' id='line_1_13' title="bbox 201 1538 1296 1627; baseline 0.004 -25"><span class='ocrx_word' id='word_1_101' title='bbox 201 1538 326 1627; x_wconf 72' lang='lat' dir='ltr'><strong>diretta</strong></span> <span class='ocrx_word' id='word_1_102' title='bbox 342 1550 392 1603; x_wconf 93' lang='lat' dir='ltr'><strong>est</strong></span> <span class='ocrx_word' id='word_1_103' title='bbox 408 1552 517 1605; x_wconf 91' lang='lat' dir='ltr'><strong>utrum</strong></span> <span class='ocrx_word' id='word_1_104' title='bbox 535 1541 686 1605; x_wconf 71' lang='lat' dir='ltr'><strong>doctrina</strong></span> <span class='ocrx_word' id='word_1_105' title='bbox 702 1543 733 1604; x_wconf 93' lang='lat' dir='ltr'><strong>in</strong></span> <span class='ocrx_word' id='word_1_106' title='bbox 754 1542 924 1625; x_wconf 63' lang='lat' dir='ltr'><strong>Scriptura</strong></span> <span class='ocrx_word' id='word_1_107' title='bbox 937 1543 987 1605; x_wconf 93' lang='lat' dir='ltr'><strong>vel</strong></span> <span class='ocrx_word' id='word_1_108' title='bbox 1002 1543 1296 1624; x_wconf 73' lang='lat' dir='ltr'><strong>apostolicu&#39;tradi-</strong></span> 
     </span>
     <span class='ocr_line' id='line_1_14' title="bbox 201 1643 1340 1728; baseline 0.007 -25"><span class='ocrx_word' id='word_1_109' title='bbox 201 1644 291 1711; x_wconf 85' lang='lat' dir='ltr'><strong>tione</strong></span> <span class='ocrx_word' id='word_1_110' title='bbox 315 1645 545 1721; x_wconf 86' lang='lat' dir='ltr'><strong>contineretur,</strong></span> <span class='ocrx_word' id='word_1_111' title='bbox 569 1655 604 1707; x_wconf 91' lang='lat' dir='ltr'><strong>ut</strong></span> <span class='ocrx_word' id='word_1_112' title='bbox 627 1665 671 1706; x_wconf 89' lang='lat' dir='ltr'><strong>ex</strong></span> <span class='ocrx_word' id='word_1_113' title='bbox 697 1643 792 1708; x_wconf 73' lang='lat' dir='ltr'><strong>Auis</strong></span> <span class='ocrx_word' id='word_1_114' title='bbox 817 1645 1039 1710; x_wconf 86' lang='lat' dir='ltr'><strong>Conciliorum</strong></span> <span class='ocrx_word' id='word_1_115' title='bbox 1065 1647 1168 1727; x_wconf 94' lang='lat' dir='ltr'><strong>liquet</strong></span> <span class='ocrx_word' id='word_1_116' title='bbox 1177 1669 1184 1724; x_wconf 79' lang='lat'><em>3</em></span> <span class='ocrx_word' id='word_1_117' title='bbox 1208 1649 1295 1728; x_wconf 93' lang='lat' dir='ltr'><strong>quod</strong></span> <span class='ocrx_word' id='word_1_118' title='bbox 1338 1662 1340 1711; x_wconf 81' lang='grc' dir='ltr'><strong><em>ζ</em></strong></span> 
     </span>
     <span class='ocr_line' id='line_1_15' title="bbox 201 1741 1297 1831; baseline 0.005 -24"><span class='ocrx_word' id='word_1_119' title='bbox 201 1746 430 1809; x_wconf 87' lang='lat' dir='ltr'><strong>haereticorum</strong></span> <span class='ocrx_word' id='word_1_120' title='bbox 448 1749 543 1828; x_wconf 91' lang='lat' dir='ltr'><strong>praxi</strong></span> <span class='ocrx_word' id='word_1_121' title='bbox 562 1748 718 1822; x_wconf 85' lang='lat' dir='ltr'><strong>firmatur,</strong></span> <span class='ocrx_word' id='word_1_122' title='bbox 734 1749 790 1828; x_wconf 93' lang='lat' dir='ltr'><strong>qui</strong></span> <span class='ocrx_word' id='word_1_123' title='bbox 808 1769 884 1810; x_wconf 90' lang='lat' dir='ltr'><strong>suos</strong></span> <span class='ocrx_word' id='word_1_124' title='bbox 900 1769 1024 1811; x_wconf 89' lang='lat' dir='ltr'><strong>errores</strong></span> <span class='ocrx_word' id='word_1_125' title='bbox 1042 1741 1212 1830; x_wconf 55' lang='lat' dir='ltr'><strong>&#39;Scriptura</strong></span> <span class='ocrx_word' id='word_1_126' title='bbox 1226 1771 1297 1831; x_wconf 93' lang='lat' dir='ltr'><strong>pro·</strong></span> 
     </span>
     <span class='ocr_line' id='line_1_16' title="bbox 202 1848 1296 1932; baseline 0.004 -22"><span class='ocrx_word' id='word_1_127' title='bbox 202 1849 279 1911; x_wconf 87' lang='lat' dir='ltr'><strong>bare</strong></span> <span class='ocrx_word' id='word_1_128' title='bbox 289 1852 501 1914; x_wconf 88' lang='lat' dir='ltr'><strong>conabantur.</strong></span> <span class='ocrx_word' id='word_1_129' title='bbox 547 1850 595 1932; x_wconf 83' lang='lat' dir='ltr'><strong>(c)</strong></span> <span class='ocrx_word' id='word_1_130' title='bbox 607 1849 747 1912; x_wconf 77' lang='lat' dir='ltr'><strong>Accedit</strong></span> <span class='ocrx_word' id='word_1_131' title='bbox 758 1848 937 1912; x_wconf 73' lang='lat' dir='ltr'><strong>auctoritas</strong></span> <span class='ocrx_word' id='word_1_132' title='bbox 948 1851 982 1915; x_wconf 86' lang='lat' dir='ltr'><strong>C.</strong></span> <span class='ocrx_word' id='word_1_133' title='bbox 1004 1851 1296 1914; x_wconf 88' lang='lat' dir='ltr'><strong>Vaticaui1dicen-</strong></span> 
     </span>
     <span class='ocr_line' id='line_1_17' title="bbox 202 1952 1296 2035; baseline 0.002 -21"><span class='ocrx_word' id='word_1_134' title='bbox 202 1954 263 2014; x_wconf 90' lang='lat' dir='ltr'><strong>tis:</strong></span> <span class='ocrx_word' id='word_1_135' title='bbox 298 1952 442 2033; x_wconf 87' lang='lat' dir='ltr'><strong>“Neque</strong></span> <span class='ocrx_word' id='word_1_136' title='bbox 470 1954 558 2014; x_wconf 91' lang='lat' dir='ltr'><strong>enim</strong></span> <span class='ocrx_word' id='word_1_137' title='bbox 590 1953 676 2014; x_wconf 86' lang='lat' dir='ltr'><strong>Petri</strong></span> <span class='ocrx_word' id='word_1_138' title='bbox 708 1954 953 2016; x_wconf 89' lang='lat' dir='ltr'><strong>successoribus</strong></span> <span class='ocrx_word' id='word_1_139' title='bbox 986 1954 1129 2035; x_wconf 88' lang='lat' dir='ltr'><strong>Spiritus</strong></span> <span class='ocrx_word' id='word_1_140' title='bbox 1154 1953 1296 2018; x_wconf 69' lang='lat' dir='ltr'><strong>Santtus</strong></span> 
     </span>
     <span class='ocr_line' id='line_1_18' title="bbox 202 2054 1296 2137; baseline 0.004 -22"><span class='ocrx_word' id='word_1_141' title='bbox 202 2055 382 2135; x_wconf 90' lang='lat' dir='ltr'><strong>promissus</strong></span> <span class='ocrx_word' id='word_1_142' title='bbox 399 2067 457 2131; x_wconf 90' lang='lat' dir='ltr'><strong>est,</strong></span> <span class='ocrx_word' id='word_1_143' title='bbox 475 2065 511 2118; x_wconf 94' lang='lat' dir='ltr'><strong>ut</strong></span> <span class='ocrx_word' id='word_1_144' title='bbox 528 2076 567 2116; x_wconf 92' lang='lat' dir='ltr'><strong>eo</strong></span> <span class='ocrx_word' id='word_1_145' title='bbox 590 2055 757 2118; x_wconf 87' lang='lat' dir='ltr'><strong>revelante</strong></span> <span class='ocrx_word' id='word_1_146' title='bbox 781 2077 897 2117; x_wconf 82' lang='lat' dir='ltr'><strong>novum</strong></span> <span class='ocrx_word' id='word_1_147' title='bbox 921 2054 1107 2118; x_wconf 73' lang='lat' dir='ltr'><strong>doctrinam</strong></span> <span class='ocrx_word' id='word_1_148' title='bbox 1133 2056 1296 2137; x_wconf 86' lang='lat' dir='ltr'><strong>pateface-</strong></span> 
     </span>
     <span class='ocr_line' id='line_1_19' title="bbox 201 2157 1296 2241; baseline -0.001 -21"><span class='ocrx_word' id='word_1_149' title='bbox 201 2169 282 2234; x_wconf 88' lang='lat' dir='ltr'><strong>rent,</strong></span> <span class='ocrx_word' id='word_1_150' title='bbox 299 2161 356 2221; x_wconf 88' lang='lat' dir='ltr'><strong>sed</strong></span> <span class='ocrx_word' id='word_1_151' title='bbox 374 2170 410 2223; x_wconf 95' lang='lat' dir='ltr'><strong>ut</strong></span> <span class='ocrx_word' id='word_1_152' title='bbox 427 2181 466 2222; x_wconf 91' lang='lat' dir='ltr'><strong>eo</strong></span> <span class='ocrx_word' id='word_1_153' title='bbox 483 2161 658 2222; x_wconf 87' lang='lat' dir='ltr'><strong>assistente</strong></span> <span class='ocrx_word' id='word_1_154' title='bbox 674 2160 832 2221; x_wconf 79' lang='lat' dir='ltr'><strong>traditam</strong></span> <span class='ocrx_word' id='word_1_155' title='bbox 850 2179 907 2241; x_wconf 88' lang='lat' dir='ltr'><strong>per</strong></span> <span class='ocrx_word' id='word_1_156' title='bbox 924 2158 1107 2239; x_wconf 87' lang='lat' dir='ltr'><strong>Apostolos</strong></span> <span class='ocrx_word' id='word_1_157' title='bbox 1124 2157 1296 2221; x_wconf 89' lang='lat' dir='ltr'><strong>revelatio-</strong></span> 
     </span>
     <span class='ocr_line' id='line_1_20' title="bbox 202 2258 1297 2343; baseline 0.004 -23"><span class='ocrx_word' id='word_1_158' title='bbox 202 2258 276 2320; x_wconf 87' lang='lat' dir='ltr'><strong>nem</strong></span> <span class='ocrx_word' id='word_1_159' title='bbox 294 2280 351 2321; x_wconf 91' lang='lat' dir='ltr'><strong>seu</strong></span> <span class='ocrx_word' id='word_1_160' title='bbox 359 2260 445 2341; x_wconf 84' lang='lat' dir='ltr'><strong>fidei</strong></span> <span class='ocrx_word' id='word_1_161' title='bbox 457 2259 631 2340; x_wconf 72' lang='lat' dir='ltr'><strong>dqtosituut</strong></span> <span class='ocrx_word' id='word_1_162' title='bbox 647 2261 754 2321; x_wconf 74' lang='lat' dir='ltr'><strong>sttuite</strong></span> <span class='ocrx_word' id='word_1_163' title='bbox 764 2260 964 2336; x_wconf 79' lang='lat' dir='ltr'><strong>custodirent,</strong></span> <span class='ocrx_word' id='word_1_164' title='bbox 977 2271 1007 2322; x_wconf 84' lang='lat' dir='ltr'><strong>et</strong></span> <span class='ocrx_word' id='word_1_165' title='bbox 1012 2261 1159 2343; x_wconf 67' lang='lat' dir='ltr'><strong>fideliter</strong></span> <span class='ocrx_word' id='word_1_166' title='bbox 1169 2273 1297 2342; x_wconf 80' lang='lat' dir='ltr'><strong>expone-</strong></span> 
     </span>
     <span class='ocr_line' id='line_1_21' title="bbox 203 2363 810 2444; baseline 0.003 -21"><span class='ocrx_word' id='word_1_167' title='bbox 203 2364 304 2426; x_wconf 71' lang='lat' dir='ltr'><strong>rent.’&#39;</strong></span> <span class='ocrx_word' id='word_1_168' title='bbox 350 2365 441 2444; x_wconf 86' lang='lat' dir='ltr'><strong>Ergo</strong></span> <span class='ocrx_word' id='word_1_169' title='bbox 458 2373 589 2426; x_wconf 88' lang='lat' dir='ltr'><strong>constat</strong></span> <span class='ocrx_word' id='word_1_170' title='bbox 598 2363 712 2442; x_wconf 78' lang='lat' dir='ltr'><strong>prium</strong></span> <span class='ocrx_word' id='word_1_171' title='bbox 723 2373 810 2442; x_wconf 79' lang='lat' dir='ltr'><strong>pars.</strong></span> 
     </span>
    </p>
   </div>
   <div class='ocr_carea' id='block_1_5' title="bbox 136 2539 1299 3551">
    <p class='ocr_par' dir='ltr' id='par_1_5' title="bbox 169 2539 1298 2830">
     <span class='ocr_line' id='line_1_22' title="bbox 169 2539 1297 2622; baseline -0.002 -18"><span class='ocrx_word' id='word_1_172' title='bbox 169 2583 173 2591; x_wconf 92' lang='lat'><em>·</em></span> <span class='ocrx_word' id='word_1_173' title='bbox 243 2543 289 2622; x_wconf 81' lang='lat'><strong>84</strong></span> <span class='ocrx_word' id='word_1_174' title='bbox 339 2555 373 2603; x_wconf 90' lang='lat'><strong>20</strong></span> <span class='ocrx_word' id='word_1_175' title='bbox 399 2542 546 2603; x_wconf 80' lang='lat' dir='ltr'><strong>Articuli</strong></span> <span class='ocrx_word' id='word_1_176' title='bbox 562 2539 646 2620; x_wconf 83' lang='lat' dir='ltr'><strong>fidei</strong></span> <span class='ocrx_word' id='word_1_177' title='bbox 668 2549 835 2600; x_wconf 79' lang='lat' dir='ltr'><strong>cteruruut</strong></span> <span class='ocrx_word' id='word_1_178' title='bbox 857 2539 1030 2600; x_wconf 80' lang='lat' dir='ltr'><strong>secuudum</strong></span> <span class='ocrx_word' id='word_1_179' title='bbox 1060 2539 1150 2619; x_wconf 83' lang='lat' dir='ltr'><strong>quid,</strong></span> <span class='ocrx_word' id='word_1_180' title='bbox 1178 2539 1297 2621; x_wconf 91' lang='lat' dir='ltr'><strong>triplici</strong></span> 
     </span>
     <span class='ocr_line' id='line_1_23' title="bbox 201 2641 1298 2727; baseline -0.001 -21"><span class='ocrx_word' id='word_1_181' title='bbox 201 2646 383 2727; x_wconf 72' lang='lat' dir='ltr'><strong>praesertim</strong></span> <span class='ocrx_word' id='word_1_182' title='bbox 395 2645 495 2706; x_wconf 91' lang='lat' dir='ltr'><strong>modo</strong></span> <span class='ocrx_word' id='word_1_183' title='bbox 509 2668 514 2706; x_wconf 93' lang='lat'>:</span> <span class='ocrx_word' id='word_1_184' title='bbox 539 2641 901 2723; x_wconf 71' lang='lat' dir='ltr'><strong>eupli&#39;citttpropositione</strong></span> <span class='ocrx_word' id='word_1_185' title='bbox 914 2662 1027 2704; x_wconf 92' lang='lat' dir='ltr'><strong>eorum</strong></span> <span class='ocrx_word' id='word_1_186' title='bbox 1038 2662 1113 2722; x_wconf 84' lang='lat' dir='ltr'><strong>quae</strong></span> <span class='ocrx_word' id='word_1_187' title='bbox 1126 2652 1226 2705; x_wconf 88' lang='lat' dir='ltr'><strong>antea</strong></span> <span class='ocrx_word' id='word_1_188' title='bbox 1239 2645 1298 2705; x_wconf 91' lang='lat' dir='ltr'><strong>im·</strong></span> 
     </span>
     <span class='ocr_line' id='line_1_24' title="bbox 202 2745 1298 2830; baseline -0.004 -20"><span class='ocrx_word' id='word_1_189' title='bbox 202 2749 313 2830; x_wconf 92' lang='lat' dir='ltr'><strong>plicite</strong></span> <span class='ocrx_word' id='word_1_190' title='bbox 330 2748 562 2823; x_wconf 90' lang='lat' dir='ltr'><strong>tradebantur;</strong></span> <span class='ocrx_word' id='word_1_191' title='bbox 586 2746 693 2807; x_wconf 82' lang='lat' dir='ltr'><strong>lucidd</strong></span> <span class='ocrx_word' id='word_1_192' title='bbox 716 2745 920 2824; x_wconf 69' lang='lat' dir='ltr'><strong>euplicutioue</strong></span> <span class='ocrx_word' id='word_1_193' title='bbox 936 2765 1049 2807; x_wconf 91' lang='lat' dir='ltr'><strong>eorum</strong></span> <span class='ocrx_word' id='word_1_194' title='bbox 1067 2765 1143 2825; x_wconf 85' lang='lat' dir='ltr'><strong>quae</strong></span> <span class='ocrx_word' id='word_1_195' title='bbox 1160 2746 1298 2808; x_wconf 92' lang='lat' dir='ltr'><strong>obscure</strong></span> 
     </span>
    </p>

    <p class='ocr_par' dir='ltr' id='par_1_6' title="bbox 136 2847 1298 3239">
     <span class='ocr_line' id='line_1_25' title="bbox 202 2847 1298 2933; baseline -0.002 -21"><span class='ocrx_word' id='word_1_196' title='bbox 202 2854 233 2913; x_wconf 95' lang='lat' dir='ltr'><strong>in</strong></span> <span class='ocrx_word' id='word_1_197' title='bbox 251 2851 404 2933; x_wconf 93' lang='lat' dir='ltr'><strong>deposito</strong></span> <span class='ocrx_word' id='word_1_198' title='bbox 420 2851 496 2913; x_wconf 88' lang='lat' dir='ltr'><strong>fidei</strong></span> <span class='ocrx_word' id='word_1_199' title='bbox 514 2849 786 2924; x_wconf 89' lang='lat' dir='ltr'><strong>continebantur;</strong></span> <span class='ocrx_word' id='word_1_200' title='bbox 810 2847 932 2909; x_wconf 70' lang='lat' dir='ltr'><strong>diserti</strong></span> <span class='ocrx_word' id='word_1_201' title='bbox 948 2858 979 2909; x_wconf 85' lang='lat' dir='ltr'><strong>et</strong></span> <span class='ocrx_word' id='word_1_202' title='bbox 993 2847 1133 2909; x_wconf 84' lang='lat' dir='ltr'><strong>instanti</strong></span> <span class='ocrx_word' id='word_1_203' title='bbox 1139 2849 1298 2927; x_wconf 75' lang='lat' dir='ltr'><strong>proedz&#39;ca-</strong></span> 
     </span>
     <span class='ocr_line' id='line_1_26' title="bbox 136 2935 1298 3034; baseline -0.003 -18"><span class='ocrx_word' id='word_1_204' title='bbox 136 2935 138 2941; x_wconf 35' lang='lat'><strong>¹</strong></span> <span class='ocrx_word' id='word_1_205' title='bbox 202 2957 285 3016; x_wconf 84' lang='lat' dir='ltr'><strong>tione</strong></span> <span class='ocrx_word' id='word_1_206' title='bbox 296 2976 409 3016; x_wconf 89' lang='lat' dir='ltr'><strong>eorum</strong></span> <span class='ocrx_word' id='word_1_207' title='bbox 423 2975 497 3034; x_wconf 86' lang='lat' dir='ltr'><strong>quae</strong></span> <span class='ocrx_word' id='word_1_208' title='bbox 512 2953 641 3014; x_wconf 91' lang='lat' dir='ltr'><strong>nonnisi</strong></span> <span class='ocrx_word' id='word_1_209' title='bbox 652 2951 758 3013; x_wconf 94' lang='lat' dir='ltr'><strong>obiter</strong></span> <span class='ocrx_word' id='word_1_210' title='bbox 768 2960 866 3012; x_wconf 85' lang='lat' dir='ltr'><strong>antea</strong></span> <span class='ocrx_word' id='word_1_211' title='bbox 877 2960 970 3012; x_wconf 88' lang='lat' dir='ltr'><strong>erant</strong></span> <span class='ocrx_word' id='word_1_212' title='bbox 981 2952 1158 3031; x_wconf 86' lang='lat' dir='ltr'><strong>proposita.</strong></span> <span class='ocrx_word' id='word_1_213' title='bbox 1199 2951 1298 3033; x_wconf 84' lang='lat' dir='ltr'><strong>Quod</strong></span> 
     </span>
     <span class='ocr_line' id='line_1_27' title="bbox 202 3054 1298 3140; baseline -0.005 -20"><span class='ocrx_word' id='word_1_214' title='bbox 202 3060 333 3140; x_wconf 92' lang='lat' dir='ltr'><strong>quidem</strong></span> <span class='ocrx_word' id='word_1_215' title='bbox 358 3058 541 3139; x_wconf 84' lang='lat' dir='ltr'><strong>praesertim</strong></span> <span class='ocrx_word' id='word_1_216' title='bbox 566 3065 681 3118; x_wconf 85' lang='lat' dir='ltr'><strong>contra</strong></span> <span class='ocrx_word' id='word_1_217' title='bbox 705 3054 778 3115; x_wconf 91' lang='lat' dir='ltr'><strong>illos</strong></span> <span class='ocrx_word' id='word_1_218' title='bbox 804 3055 1029 3115; x_wconf 83' lang='lat' dir='ltr'><strong>Protestantes</strong></span> <span class='ocrx_word' id='word_1_219' title='bbox 1060 3054 1221 3133; x_wconf 85' lang='lat' dir='ltr'><strong>dirigitur,</strong></span> <span class='ocrx_word' id='word_1_220' title='bbox 1244 3055 1298 3135; x_wconf 93' lang='lat' dir='ltr'><strong>qui</strong></span> 
     </span>
     <span class='ocr_line' id='line_1_28' title="bbox 201 3157 1298 3239; baseline -0.004 -17"><span class='ocrx_word' id='word_1_221' title='bbox 201 3161 252 3223; x_wconf 91' lang='lat' dir='ltr'><strong>vel</strong></span> <span class='ocrx_word' id='word_1_222' title='bbox 277 3160 402 3222; x_wconf 91' lang='lat' dir='ltr'><strong>nullum</strong></span> <span class='ocrx_word' id='word_1_223' title='bbox 428 3161 459 3220; x_wconf 93' lang='lat' dir='ltr'><strong>in</strong></span> <span class='ocrx_word' id='word_1_224' title='bbox 484 3159 698 3239; x_wconf 79' lang='lat' dir='ltr'><strong>dogmatibus</strong></span> <span class='ocrx_word' id='word_1_225' title='bbox 722 3178 931 3239; x_wconf 82' lang='lat' dir='ltr'><strong>progressum</strong></span> <span class='ocrx_word' id='word_1_226' title='bbox 956 3158 1149 3230; x_wconf 87' lang='lat' dir='ltr'><strong>admittunt,</strong></span> <span class='ocrx_word' id='word_1_227' title='bbox 1165 3157 1218 3218; x_wconf 90' lang='lat' dir='ltr'><strong>vel</strong></span> <span class='ocrx_word' id='word_1_228' title='bbox 1242 3157 1298 3219; x_wconf 87' lang='lat' dir='ltr'><strong>ali·</strong></span> 
     </span>
    </p>

    <p class='ocr_par' dir='ltr' id='par_1_7' title="bbox 147 3258 1299 3551">
     <span class='ocr_line' id='line_1_29' title="bbox 202 3258 1296 3346; baseline -0.005 -20"><span class='ocrx_word' id='word_1_229' title='bbox 202 3286 300 3346; x_wconf 87' lang='lat' dir='ltr'><strong>quem</strong></span> <span class='ocrx_word' id='word_1_230' title='bbox 318 3272 504 3344; x_wconf 88' lang='lat' dir='ltr'><strong>agnoscunt</strong></span> <span class='ocrx_word' id='word_1_231' title='bbox 521 3282 729 3343; x_wconf 84' lang='lat' dir='ltr'><strong>progressum</strong></span> <span class='ocrx_word' id='word_1_232' title='bbox 749 3282 767 3321; x_wconf 91' lang='lat' dir='ltr'><strong>a</strong></span> <span class='ocrx_word' id='word_1_233' title='bbox 784 3262 891 3342; x_wconf 93' lang='lat' dir='ltr'><strong>primo</strong></span> <span class='ocrx_word' id='word_1_234' title='bbox 907 3281 979 3322; x_wconf 84' lang='lat' dir='ltr'><strong>saec.</strong></span> <span class='ocrx_word' id='word_1_235' title='bbox 997 3261 1039 3321; x_wconf 93' lang='lat' dir='ltr'><strong>ad</strong></span> <span class='ocrx_word' id='word_1_236' title='bbox 1064 3269 1220 3340; x_wconf 90' lang='lat' dir='ltr'><strong>quartum</strong></span> <span class='ocrx_word' id='word_1_237' title='bbox 1247 3258 1296 3321; x_wconf 93' lang='lat' dir='ltr'><strong>vel</strong></span> 
     </span>
     <span class='ocr_line' id='line_1_30' title="bbox 147 3349 1299 3448; baseline -0.003 -20"><span class='ocrx_word' id='word_1_238' title='bbox 147 3349 149 3353; x_wconf 35' lang='lat'><em>⁷</em></span> <span class='ocrx_word' id='word_1_239' title='bbox 202 3369 364 3448; x_wconf 89' lang='lat' dir='ltr'><strong>quintum,</strong></span> <span class='ocrx_word' id='word_1_240' title='bbox 382 3376 506 3428; x_wconf 87' lang='lat' dir='ltr'><strong>ceteras</strong></span> <span class='ocrx_word' id='word_1_241' title='bbox 529 3387 618 3428; x_wconf 62' lang='lat' dir='ltr'><strong>vero,</strong></span> <span class='ocrx_word' id='word_1_242' title='bbox 632 3365 789 3428; x_wconf 84' lang='lat' dir='ltr'><strong>Ecclesiae</strong></span> <span class='ocrx_word' id='word_1_243' title='bbox 814 3364 1024 3427; x_wconf 87' lang='lat' dir='ltr'><strong>definitiones</strong></span> <span class='ocrx_word' id='word_1_244' title='bbox 1047 3373 1084 3426; x_wconf 95' lang='lat' dir='ltr'><strong>ut</strong></span> <span class='ocrx_word' id='word_1_245' title='bbox 1107 3361 1299 3442; x_wconf 79' lang='lat' dir='ltr'><strong>corruptelas</strong></span> 
     </span>
     <span class='ocr_line' id='line_1_31' title="bbox 203 3470 510 3551; baseline -0.003 -20"><span class='ocrx_word' id='word_1_246' title='bbox 203 3491 334 3551; x_wconf 90' lang='lat' dir='ltr'><strong>prorsus</strong></span> <span class='ocrx_word' id='word_1_247' title='bbox 351 3470 510 3549; x_wconf 90' lang='lat' dir='ltr'><strong>rejiciunt.</strong></span> 
     </span>
    </p>
   </div>
   <div class='ocr_carea' id='block_1_6' title="bbox 202 3637 1301 4135">
    <p class='ocr_par' dir='ltr' id='par_1_8' title="bbox 202 3637 1301 4135">
     <span class='ocr_line' id='line_1_32' title="bbox 244 3637 1298 3720; baseline -0.002 -18"><span class='ocrx_word' id='word_1_248' title='bbox 244 3640 291 3717; x_wconf 91' lang='lat'><strong>85.</strong></span> <span class='ocrx_word' id='word_1_249' title='bbox 340 3640 455 3720; x_wconf 69' lang='lat' dir='ltr'><strong>Script.</strong></span> <span class='ocrx_word' id='word_1_250' title='bbox 502 3639 551 3720; x_wconf 79' lang='lat' dir='ltr'><strong>(a)</strong></span> <span class='ocrx_word' id='word_1_251' title='bbox 567 3639 614 3702; x_wconf 94' lang='lat' dir='ltr'><strong>Ut</strong></span> <span class='ocrx_word' id='word_1_252' title='bbox 627 3638 713 3700; x_wconf 90' lang='lat' dir='ltr'><strong>adsit</strong></span> <span class='ocrx_word' id='word_1_253' title='bbox 726 3659 919 3720; x_wconf 89' lang='lat' dir='ltr'><strong>progressus</strong></span> <span class='ocrx_word' id='word_1_254' title='bbox 932 3637 1119 3701; x_wconf 88' lang='lat' dir='ltr'><strong>secundum·</strong></span> <span class='ocrx_word' id='word_1_255' title='bbox 1129 3638 1221 3718; x_wconf 90' lang='lat' dir='ltr'><strong>quid,</strong></span> <span class='ocrx_word' id='word_1_256' title='bbox 1234 3638 1298 3700; x_wconf 93' lang='lat' dir='ltr'><strong>duo</strong></span> 
     </span>
     <span class='ocr_line' id='line_1_33' title="bbox 203 3740 1298 3823; baseline -0.002 -19"><span class='ocrx_word' id='word_1_257' title='bbox 203 3744 411 3823; x_wconf 86' lang='lat' dir='ltr'><strong>requiruntur·</strong></span> <span class='ocrx_word' id='word_1_258' title='bbox 427 3751 460 3804; x_wconf 88' lang='lat' dir='ltr'><strong>et</strong></span> <span class='ocrx_word' id='word_1_259' title='bbox 483 3740 667 3803; x_wconf 88' lang='lat' dir='ltr'><strong>sufficiunt:</strong></span> <span class='ocrx_word' id='word_1_260' title='bbox 692 3752 727 3805; x_wconf 92' lang='lat' dir='ltr'><strong>ut</strong></span> <span class='ocrx_word' id='word_1_261' title='bbox 751 3743 816 3803; x_wconf 92' lang='lat' dir='ltr'><strong>sint</strong></span> <span class='ocrx_word' id='word_1_262' title='bbox 839 3743 959 3823; x_wconf 86' lang='lat' dir='ltr'><strong>aliquae</strong></span> <span class='ocrx_word' id='word_1_263' title='bbox 983 3742 1138 3804; x_wconf 83' lang='lat' dir='ltr'><strong>veritates</strong></span> <span class='ocrx_word' id='word_1_264' title='bbox 1162 3740 1298 3804; x_wconf 91' lang='lat' dir='ltr'><strong>obscure</strong></span> 
     </span>
     <span class='ocr_line' id='line_1_34' title="bbox 202 3843 1299 3926; baseline -0.003 -18"><span class='ocrx_word' id='word_1_265' title='bbox 202 3855 235 3908; x_wconf 93' lang='lat' dir='ltr'><strong>et</strong></span> <span class='ocrx_word' id='word_1_266' title='bbox 262 3845 420 3926; x_wconf 91' lang='lat' dir='ltr'><strong>implicite</strong></span> <span class='ocrx_word' id='word_1_267' title='bbox 448 3853 578 3906; x_wconf 85' lang='lat' dir='ltr'><strong>tanturn</strong></span> <span class='ocrx_word' id='word_1_268' title='bbox 604 3845 766 3919; x_wconf 69' lang='lat' dir='ltr'><strong>revelatae,</strong></span> <span class='ocrx_word' id='word_1_269' title='bbox 791 3854 823 3906; x_wconf 89' lang='lat' dir='ltr'><strong>et</strong></span> <span class='ocrx_word' id='word_1_270' title='bbox 848 3845 999 3906; x_wconf 88' lang='lat' dir='ltr'><strong>Ecclesia</strong></span> <span class='ocrx_word' id='word_1_271' title='bbox 1021 3844 1074 3924; x_wconf 87' lang='lat' dir='ltr'><strong>jus</strong></span> <span class='ocrx_word' id='word_1_272' title='bbox 1098 3843 1222 3906; x_wconf 88' lang='lat' dir='ltr'><strong>habeat</strong></span> <span class='ocrx_word' id='word_1_273' title='bbox 1245 3864 1299 3907; x_wconf 87' lang='lat' dir='ltr'><strong>eas</strong></span> 
     </span>
     <span class='ocr_line' id='line_1_35' title="bbox 203 3947 1299 4028; baseline -0.004 -15"><span class='ocrx_word' id='word_1_274' title='bbox 203 3953 323 4013; x_wconf 89' lang='lat' dir='ltr'><strong>diserte</strong></span> <span class='ocrx_word' id='word_1_275' title='bbox 340 3959 373 4011; x_wconf 89' lang='lat' dir='ltr'><strong>et</strong></span> <span class='ocrx_word' id='word_1_276' title='bbox 389 3949 531 4011; x_wconf 91' lang='lat' dir='ltr'><strong>dilucide</strong></span> <span class='ocrx_word' id='word_1_277' title='bbox 549 3950 738 4028; x_wconf 88' lang='lat' dir='ltr'><strong>explicandi</strong></span> <span class='ocrx_word' id='word_1_278' title='bbox 752 3958 785 4009; x_wconf 89' lang='lat' dir='ltr'><strong>et</strong></span> <span class='ocrx_word' id='word_1_279' title='bbox 796 3948 1010 4028; x_wconf 89' lang='lat' dir='ltr'><strong>proponendi.</strong></span> <span class='ocrx_word' id='word_1_280' title='bbox 1058 3947 1163 4026; x_wconf 86' lang='lat' dir='ltr'><strong>Atqui</strong></span> <span class='ocrx_word' id='word_1_281' title='bbox 1177 3958 1299 4009; x_wconf 91' lang='lat' dir='ltr'><strong>utrum·</strong></span> 
     </span>
     <span class='ocr_line' id='line_1_36' title="bbox 202 4050 1301 4135; baseline -0.004 -20"><span class='ocrx_word' id='word_1_282' title='bbox 202 4074 266 4135; x_wconf 92' lang='lat' dir='ltr'><strong>que</strong></span> <span class='ocrx_word' id='word_1_283' title='bbox 290 4052 460 4134; x_wconf 54' lang='lat' dir='ltr'><strong>Scriptura</strong></span> <span class='ocrx_word' id='word_1_284' title='bbox 484 4061 636 4114; x_wconf 81' lang='lat' dir='ltr'><strong>constat:</strong></span> <span class='ocrx_word' id='word_1_285' title='bbox 653 4053 760 4130; x_wconf 78' lang='lat' dir='ltr'><strong>prius,</strong></span> <span class='ocrx_word' id='word_1_286' title='bbox 785 4071 862 4112; x_wconf 92' lang='lat' dir='ltr'><strong>nam</strong></span> <span class='ocrx_word' id='word_1_287' title='bbox 888 4051 919 4114; x_wconf 88' lang='lat' dir='ltr'><strong>S.</strong></span> <span class='ocrx_word' id='word_1_288' title='bbox 939 4052 1063 4125; x_wconf 79' lang='lat' dir='ltr'><strong>PetruS,</strong></span> <span class='ocrx_word' id='word_1_289' title='bbox 1086 4050 1128 4113; x_wconf 88' lang='lat' dir='ltr'><strong>de</strong></span> <span class='ocrx_word' id='word_1_290' title='bbox 1151 4050 1301 4131; x_wconf 91' lang='lat' dir='ltr'><strong>epistolis</strong></span> 
     </span>
    </p>
   </div>
   <div class='ocr_carea' id='block_1_7' title="bbox 202 4188 244 4195">
    <p class='ocr_par' dir='ltr' id='par_1_9' title="bbox 202 4188 244 4195">
     <span class='ocr_line' id='line_1_37' title="bbox 202 4188 244 4195; baseline 0 -1"><span class='ocrx_word' id='word_1_291' title='bbox 202 4188 244 4195; x_wconf 62' lang='grc'><strong>..-</strong></span> 
     </span>
    </p>
   </div>
   <div class='ocr_carea' id='block_1_8' title="bbox 239 4251 515 4319">
    <p class='ocr_par' dir='ltr' id='par_1_10' title="bbox 239 4251 515 4319">
     <span class='ocr_line' id='line_1_38' title="bbox 239 4251 515 4319; baseline -0.004 -14"><span class='ocrx_word' id='word_1_292' title='bbox 239 4256 248 4280; x_wconf 88' lang='lat'>¹</span> <span class='ocrx_word' id='word_1_293' title='bbox 263 4251 337 4305; x_wconf 74' lang='lat' dir='ltr'><strong>Sess</strong></span> <span class='ocrx_word' id='word_1_294' title='bbox 354 4251 403 4318; x_wconf 92' lang='lat' dir='ltr'><strong>IV,</strong></span> <span class='ocrx_word' id='word_1_295' title='bbox 416 4267 476 4319; x_wconf 88' lang='lat' dir='ltr'><strong>cap.</strong></span> <span class='ocrx_word' id='word_1_296' title='bbox 491 4265 515 4315; x_wconf 84' lang='grc'><strong>4.</strong></span> 
     </span>
    </p>
   </div>
   <div class='ocr_carea' id='block_1_9' title="bbox 0 0 1354 4634">
    <p class='ocr_par' dir='ltr' id='par_1_11' title="bbox 0 0 1354 4634">
     <span class='ocr_line' id='line_1_39' title="bbox 0 0 1354 4634; baseline 0 0"><span class='ocrx_word' id='word_1_297' title='bbox 0 0 1354 4634; x_wconf 95' lang='lat' dir='ltr'><strong> </strong></span> 
     </span>
    </p>
   </div>
  </div>
 </body>
</html>
