2684 4634
524 181 580 229 DE
599 180 791 231 nouum.
1142 181 1208 232 397

112 354 198 439 juxta
221 363 397 443 quosdam,
424 362 557 427 admitti
584 370 694 444 potest
720 363 810 444 ipsos
838 382 905 424 non
931 371 1113 442 praesentes
1138 360 1207 423 sore

113 458 225 541 judicio
255 464 411 546 generali,
438 485 499 528 nec
526 467 666 548 proinde
696 467 923 549 cognitionem
955 467 1134 548 adepturos
1165 467 1207 528 de

118 565 228 629 visione
243 566 397 630 beatifica
413 568 485 630 aliis
501 568 693 632 hominibus
710 569 832 632 collata
847 592 854 631 ε
877 569 978 631 verba
1001 570 1089 631 enim
1107 589 1127 631 a
1144 568 1206 632 Su-

115 688 219 749 premo
228 671 347 751 Judice
359 672 510 753 prolata¹
524 673 678 735 videntur
688 674 730 735 ad
744 671 833 735 solos
846 672 979 735 adultos
988 673 1094 753 dirigi,
1104 691 1206 753 quum

113 770 152 833 ibi
166 773 292 835 mentio
308 771 366 836 fiat
381 782 513 837 tantum
536 773 671 838 adtuum
695 774 921 856 personalium
935 797 942 852 ;
965 774 1027 849 vel,
1043 775 1069 835 si
1087 774 1208 845 adsint,

112 894 170 938 non
186 878 301 939 omnia
318 877 503 959 intelligent
518 899 594 960 quae
607 880 651 942 ibi
665 888 814 960 agentur,
825 879 882 940 sed
896 879 992 942 bonis
1004 877 1207 940 naturalibus

110 973 259 1053 fruentes,
274 981 334 1040 sua
350 986 438 1041 sorte
453 988 550 1042 erunt
566 979 724 1042 contenti.

147 1147 217 1213 2⁰4
265 1137 530 1200 Controvertitur
545 1147 655 1201 utrum
672 1139 873 1201 decedentes
886 1157 960 1200 cum
974 1136 1046 1199 solo
1055 1136 1208 1216 originali

110 1248 253 1318 peccato
262 1250 392 1320 punam
414 1258 533 1315 seusus,
549 1261 607 1303 seu
632 1241 726 1322 ignis,
742 1242 919 1322 patiantur.
968 1236 1034 1324 (A)
1060 1239 1206 1322 Quidam

111 1340 191 1402 inter
208 1341 323 1403 Patres
341 1341 489 1418 Latinos,
497 1344 688 1424 ‚praesertim
707 1343 741 1406 S.
757 1343 967 1424 Augustinus
974 1355 997 1418 ²,
1012 1343 1069 1424 qui
1086 1352 1207 1416 tamen,

112 1451 222 1522 postea
235 1457 304 1506 rem
322 1444 457 1507 dubiam
471 1445 612 1525 reliquit,
623 1447 808 1509 docuerunt
822 1446 895 1509 illos
908 1445 1061 1527 parvulos
1072 1463 1207 1526 poenam

113 1560 230 1622 sensus,
247 1547 457 1609 mitissimam
473 1557 596 1622 tamen,
613 1549 764 1629 experiri.
795 1557 798 1564 '
812 1549 914 1611 Ratio
932 1557 982 1613 est
998 1536 1076 1628 quia
1092 1547 1137 1608 illi
1153 1546 1207 1607 de-

100 1638 271 1711 5scendunt
287 1650 320 1710 in
337 1648 502 1713 infernum
516 1671 523 1728 ;
542 1649 692 1731 jamvero
716 1652 749 1712 in
773 1651 902 1713 inferno
918 1660 968 1714 est
985 1670 1084 1731 poena
1101 1649 1208 1730 ignis:

117 1766 194 1830 ergo

152 1852 211 1934 (B)
231 1853 508 1919 Communissima
529 1866 642 1919 tamen
667 1859 841 1932 sententia,
865 1879 885 1919 a
909 1856 1060 1919 Patribus
1084 1855 1207 1918 Graecis

100 1961 146 2021 :et
158 1955 311 2019 omnibus
327 1957 395 2020 fere
411 1958 625 2023 Scholasticis
641 1957 770 2035 edocta,
782 1969 874 2022 tenet
887 1959 959 2022 illos
973 1957 1126 2041 parvulos
1137 1956 1207 2018 nul-

121 2054 244 2122 lomodo
260 2081 394 2142 poenam
411 2083 527 2127 sensus
543 2049 686 2144 experiri
701 2085 708 2140 ;
724 2073 757 2126 et
774 2063 829 2126 illa
841 2064 1007 2127 sententia
1019 2072 1093 2125 tuto
1104 2062 1207 2124 teneri

112 2158 227 2238 potest,
260 2173 295 2227 ut
326 2174 459 2229 constat
489 2186 533 2228 ex
564 2166 781 2228 damnatione
812 2166 1047 2249 propositionis
1079 2165 1207 2248 Synodi

124 2259 309 2342 Pistuieusis,
331 2288 407 2350 quae
429 2267 516 2331 hanc
539 2269 740 2332 sententiam
764 2278 801 2332 ut
825 2268 971 2332 fabulam
996 2267 1206 2349 pelagianam

100 2410 103 2415 .
126 2367 306 2446 reprobabat
321 2369 495 2453 (Deuztug.
516 2370 619 2452 1389).

100 2494 105 2527 ·.
126 2461 162 2548 (a)
174 2470 279 2550 Juxta
295 2472 511 2560 Scripturam,
526 2472 688 2537 acerbitas
710 2494 819 2555 poenae
843 2474 1015 2550 sensibilis,
1038 2494 1112 2555 quae
1136 2475 1206 2536 exi-

100 2620 102 2625 .
126 2570 168 2633 stit
181 2573 212 2634 in
229 2574 368 2651 inferno,
384 2577 564 2658 respondet
580 2574 794 2639 delectationi
811 2576 978 2657 culpabili,
994 2597 1069 2657 quae
1092 2575 1207 2639 habita

100 2696 110 2761 ,s
124 2665 204 2739 fuerit
218 2697 317 2759 super
333 2688 473 2742 terram:
490 2678 692 2761 “Quantum
709 2678 906 2761 glorificavit
922 2700 966 2754 se,
982 2689 1016 2742 et
1031 2680 1064 2740 in
1081 2679 1206 2742 deliciis

100 2767 176 2854 fffvit
193 2786 324 2843 tantum
347 2781 425 2844 date
448 2780 495 2843 illi
519 2791 722 2845 tormentum
747 2791 780 2844 et
804 2779 1001 2858 luetum’'³;
1024 2782 1115 2863 atqui
1133 2802 1207 2862 par-

116 2879 171 2942 vuli
195 2871 231 2944 et
256 2893 414 2960 amentes,
441 2882 628 2965 dequibus
654 2884 772 2965 agitur,
797 2884 922 2946 nullam
950 2882 1205 2947 delectationem

111 2982 305 3065 culpabilem
321 2985 509 3049 habuerunt
525 2987 557 3049 in
575 2990 683 3063 terra;
705 3005 793 3067 ergo.
839 2986 1062 3049 Confirmatur
1073 2987 1206 3049 decreto

104 3076 210 3148 Innoc.
225 3085 313 3150 III:
336 3093 351 3120 “
364 3089 467 3152 Poena
488 3088 662 3171 originalis
684 3090 810 3170 peccati
835 3099 887 3151 est
908 3089 1052 3151 carentia
1072 3089 1207 3151 visionis

101 3180 192 3261 Dei,-
212 3190 351 3252 aiiualis
365 3211 442 3253 vero
457 3211 559 3274 poena
575 3192 702 3273 peccati
715 3200 765 3253 est
778 3191 940 3272 gehennae
952 3203 1121 3273 perpetuae
1136 3214 1207 3254 cru-

100 3290 272 3366 ciatus'’4;
289 3312 368 3374 ergo
384 3293 511 3374 parvuli
527 3294 655 3356 nullum
672 3294 854 3355 cruciatum
865 3289 1091 3374 experiuntur,
1102 3314 1204 3375 quum

100 3405 166 3458 uon
187 3396 396 3475 peccaverint
412 3393 592 3459 actualiter.

100 3490 148 3580 [b)
168 3497 211 3560 ln
230 3496 358 3560 inferno
373 3497 499 3579 duplex
515 3507 567 3561 est
583 3518 693 3580 poena,
710 3497 776 3560 scil.
794 3499 935 3578 privatio
951 3499 1085 3560 visionis
1102 3499 1204 3562 beati-

100 3594 181 3678 ficae,
196 3620 272 3682 quae
289 3603 466 3683 respondet
478 3601 641 3664 aversioni
658 3622 678 3662 a
694 3602 777 3675 Deo,
790 3611 824 3663 et
840 3622 975 3682 poenam
992 3602 1116 3677 sensus,
1129 3623 1204 3683 quae

100 3703 283 3789 respondet
306 3705 512 3768 conversioni
540 3705 582 3768 ad
612 3714 799 3781 creaturas;
825 3705 917 3785 atqui
945 3705 990 3766 illi
1017 3705 1059 3767 de
1085 3707 1205 3788 quibus

131 3941 248 3995 ¹Mau.
264 3939 356 4006 xxv,
368 3940 457 4007 4²·46·

129 4023 141 4055 ²
155 4030 251 4083 Serm.
264 4041 323 4093 294.
363 4028 406 4080 lta
419 4027 504 4081 etiam
519 4027 547 4080 S.
558 4027 736 4097 Fulgentius,
747 4028 783 4080 de
798 4027 867 4081 Fide
881 4029 918 4081 ad
934 4030 1055 4096 Petrum,
1065 4048 1090 4083 n.
1102 4045 1145 4100 34,
1158 4031 1204 4098 683

100 4107 265 4187 Gregorius
276 4115 332 4181 M,
347 4114 416 4168 Mor.
433 4115 484 4180 IX,
496 4115 529 4169 82
534 4132 542 4184 ;
560 4116 689 4168 Isidorus
707 4116 831 4183 Hispal,
846 4118 920 4168 Sent.
935 4117 956 4182 I,
970 4132 1010 4169 22.
1032 4144 1035 4150 ·
1051 4117 1105 4171 Cir.
1123 4119 1204 4170 Petu-

100 4205 174 4270 ur'us,
188 4200 226 4255 de
242 4200 313 4266 Deo,
326 4201 344 4254 1.
363 4201 417 4264 IX,
429 4218 451 4256 c.
469 4215 521 4267 103
540 4202 573 4255 de
586 4203 696 4268 Rubris,
708 4219 753 4271 op.
771 4203 817 4256 cit.
834 4220 856 4255 c.
872 4216 913 4268 75.

129 4287 248 4357 ³Apoc.
264 4285 376 4352 xv111,
389 4299 413 4352 7.
429 4315 464 4326 -
476 4285 487 4316 ⁴
501 4286 559 4342 Lib.
577 4287 621 4341 lll
638 4288 759 4356 Decret,
776 4287 818 4341 tit.
834 4303 877 4355 42,
891 4305 915 4341 c.
932 4303 956 4355 3.
