2684 4634
351 183 406 232 DE
425 182 643 232 MYSTERIO
661 180 995 231 REDEMPTIONIS.
1156 182 1222 232 527

124 365 299 447 suscepit:
331 367 449 428 “Vere
468 366 642 446 languores
666 373 796 426 nostros
821 364 892 445 ipse
915 363 1000 439 tulit,
1027 373 1061 426 et
1087 362 1219 426 dolores

124 477 259 531 nostros
270 469 415 550 portavit
476 468 554 551 Ipse
565 478 677 530 autem
690 467 880 530 vulneratus
892 477 942 530 est
955 476 1090 548 propter
1103 465 1220 546 iniqui-

124 577 210 632 tates
238 579 387 649 nostras;
421 572 554 635 attritus
580 579 631 632 est
654 579 788 651 propter
814 569 937 631 scelera
958 579 1071 632 nostra
1081 569 1096 594 ”
1119 568 1205 648 (4-5)
1213 592 1220 647 ;

123 674 267 756 “posuit
292 673 385 736 Deus
412 675 445 736 in
463 676 516 736 ¹eo
543 673 751 754 iniquitatem
778 673 927 736 omnium
961 682 1110 735 nostrum
1122 671 1137 696 ’¹
1162 669 1219 751 (6).

124 775 173 857 (b)
202 777 345 857 Insuper
376 775 433 838 illa
462 785 600 857 peccata
630 773 730 837 libere
760 771 925 856 expiavit}
967 795 1044 836 nam
1075 774 1219 837 dicitur:

124 878 340 961 “Disciplina
354 879 446 962 pacis
467 888 588 940 nostrae
608 898 707 959 super
729 897 804 939 eum
821 878 837 902 ’'
854 876 885 957 (i.
902 897 928 939 e.
945 877 1128 958 castigatio
1145 896 1219 955 quae

95 1066 100 1071 ,
124 982 220 1044 uobis
236 1001 354 1064 pacem
369 1001 445 1044 cum
462 981 536 1043 Deo
559 980 699 1056 afferret,
715 1000 773 1060 per
795 1000 870 1041 eum
897 975 1017 1062 venit),
1033 983 1093 1041 “et
1118 977 1220 1039 livore

124 1083 194 1166 ejus
218 1085 327 1147 sanati
352 1104 467 1146 sumus
479 1084 495 1110 '’
524 1083 579 1164 (5).
642 1083 690 1163 (c)
715 1083 877 1159 Tandem,
902 1102 960 1163 per
985 1080 1116 1144 dolores
1143 1100 1220 1143 suos

123 1188 220 1251 nobis
236 1187 380 1270 gratiam
393 1207 451 1250 seu
461 1185 733 1267 justificationem
750 1186 894 1249 restituit
906 1184 977 1266 (11)
990 1209 996 1247 :
1031 1188 1047 1215 “
1057 1182 1220 1266 Justifica-

123 1293 170 1355 bit
187 1292 262 1372 ipse
273 1279 384 1373 justus
399 1310 512 1352 servus
536 1309 629 1351 meus
653 1289 785 1364 multos,
801 1299 834 1350 et
859 1289 1050 1370 iniquitates
1074 1287 1219 1368 ipsorum

120 1393 272 1477 portabit
301 1390 338 1478 (i.
364 1413 391 1456 e.
415 1392 556 1474 auferet)
565 1392 589 1455 '’.
643 1393 734 1473 Ergo
761 1392 911 1456 Christus
938 1412 1014 1454 vere
1038 1412 1098 1473 pro
1125 1390 1221 1452 nobis

119 1496 293 1560 satisfecit.
1085 1499 1088 1504 '

166 1638 238 1716 183
286 1633 344 1714 (B)
371 1632 428 1695 Ex
452 1633 632 1695 testimonio
650 1631 781 1696 Christi.
829 1632 980 1696 Christus
1007 1633 1105 1707 enim,
1131 1640 1220 1713 post-

116 1757 224 1821 quam
249 1745 390 1799 mortem
416 1755 510 1797 suam
534 1744 694 1817 tanquam
720 1733 966 1797 ineluctabilem
992 1737 1221 1816 predixeram,

119 1841 226 1922 hujus
248 1839 294 1901 rei
309 1839 472 1901 rationem
490 1837 606 1914 reddit,
622 1839 806 1900 dicend02:
839 1837 972 1900 “Filius
994 1838 1138 1899 hominis
1154 1858 1219 1900 non

118 1944 218 2007 venit
235 1941 423 2016 ministrari,
438 1941 496 2002 sed
514 1941 708 2016 ministrare,
723 1949 756 2002 et
771 1942 850 2002 dare
873 1943 1019 2004 animam
1037 1942 1221 2022 redemptio·

117 2067 195 2110 nem
210 2065 273 2127 pro
290 2043 402 2106 multis
412 2044 445 2121 '’;
468 2065 575 2126 porro,
593 2046 649 2126 qui
666 2047 724 2107 dat
740 2046 843 2108 vitam
860 2067 954 2108 suam
972 2058 1132 2127 tanquam
1151 2068 1222 2127 pre-

116 2151 207 2214 tium
224 2145 484 2228 (ransom-price)
499 2148 541 2209 ad
559 2148 770 2209 redimendos
785 2148 947 2224 homines,
962 2149 1049 2230 (haec
1065 2161 1116 2214 est
1132 2152 1221 2212 enim

116 2249 324 2336 significatio
346 2269 465 2330 graecae
481 2251 571 2311 vocis
591 2245 694 2334 λὺτρον
704 2262 727 2326 3,
748 2272 822 2332 quae
851 2252 883 2312 in
900 2252 1047 2334 Vulgata
1074 2255 1223 2317 redditur

118 2379 181 2441 per
205 2354 486 2434 redemptionem)
509 2374 576 2416 non
599 2354 706 2416 solum
734 2354 912 2436 improprie
938 2377 996 2437 per
1020 2358 1223 2439 exemplum,

118 2462 180 2525 sed
204 2459 307 2522 etiam
323 2457 455 2538 proprie
477 2456 649 2534 satisfacit,
667 2458 840 2520 moriendo
856 2446 981 2523 scilicet
1005 2483 1064 2542 pro
1083 2461 1224 2524 hommi-

118 2567 193 2640 bus,
209 2571 245 2624 et
270 2578 383 2623 eorum
408 2559 497 2637 loco;
531 2581 618 2641 ergo.
672 2560 895 2625 Confirmatur
914 2564 1023 2626 verbis
1041 2564 1162 2627 Christi
1188 2567 1220 2626 in

118 2667 243 2731 ultima
270 2663 381 2739 Coena,
407 2662 462 2725 ubi
496 2663 642 2725 declarat
670 2665 866 2743 sanguinem
894 2685 990 2728 suum
1021 2687 1080 2748 pro
1110 2669 1224 2730 multis

118 2767 362 2835 effundendum
387 2785 460 2828 esse
484 2765 572 2828 ““in
589 2766 807 2829 remissionem
825 2779 1028 2848 peecatorum
1042 2771 1089 2832 ”4.
1137 2772 1222 2854 Quae

119 2873 259 2957 quidem
280 2869 380 2931 verba
400 2869 564 2931 rationem
585 2868 729 2933 reddunt
746 2891 803 2932 cur
820 2872 987 2934 Dominus
1003 2874 1107 2936 vitam
1132 2896 1224 2938 suam

155 3039 267 3095 ¹Mrrtt.
283 3039 363 3104 XVI,
377 3053 423 3103 213
442 3040 539 3106 XVII,
556 3054 597 3091 22.
612 3040 760 3092 —2Matt
777 3040 841 3106 XX,
856 3041 900 3104 28;
921 3042 955 3094 cf.
971 3043 1065 3096 Marc.
1082 3043 1119 3106 X,
1134 3057 1177 3112 45.

155 3129 265 3198 ³Juxta
280 3124 308 3178 Τ
304 3124 394 3193 lrayer
404 3123 636 3194 (Greek-english
656 3125 708 3178 lex.
723 3126 754 3178 of
771 3127 818 3180 the
833 3129 868 3179 N.
883 3128 931 3194 T.)
945 3129 1041 3202 χύτρον
1061 3131 1201 3198 significat
1219 3153 1223 3186 :

122 3212 282 3268 “Pretium
294 3210 498 3281 redemptionis
513 3213 637 3265 solutum
652 3229 702 3280 pro
717 3213 803 3266 servis
814 3214 827 3239 ”
841 3213 943 3280 (Lem't.
960 3217 1040 3284 XIX,
1058 3233 1102 3282 20;
1116 3235 1167 3286 pro
1180 3235 1224 3271 ca-

121 3302 216 3371 ptivis,
229 3301 267 3352 Is.
282 3299 369 3362 XLV,
393 3313 439 3367 13;
468 3315 520 3368 pro
542 3299 737 3367 redemptione
757 3301 831 3365 vitae,
851 3303 907 3354 Ex.
924 3304 1005 3368 XXI,
1023 3319 1073 3373 3o;
1102 3306 1221 3358 Numer.

123 3387 246 3450 XXXV,
263 3398 293 3452 31
316 3383 411 3455 sqq.);
431 3380 536 3452 λὺτροω
560 3402 566 3437 :
598 3383 747 3440 “liberare
766 3398 830 3455 post
850 3399 999 3458 acceptum
1021 3391 1223 3459 redemptionis

122 3474 260 3546 pretium3
296 3471 443 3537 redimere,
464 3471 583 3524 liberare
607 3483 670 3541 post
695 3473 817 3526 solutum
837 3475 1039 3543 redemptionis
1064 3478 1185 3545 pretium
1193 3475 1223 3544 ”3

122 3552 308 3626 άπολύτρωσῖς
322 3576 328 3612 :
347 3556 364 3586 “
373 3557 606 3628 redemptionem,
619 3557 824 3627 liberationem,
837 3562 997 3616 libertatem
1011 3564 1149 3618 solutione
1162 3582 1223 3634 pre·

122 3645 152 3700 tii
165 3644 336 3715 acquisitam
390 3645 419 3698 in
433 3646 562 3698 omnibus
579 3645 651 3699 Novi
662 3649 837 3702 Testamenti
851 3649 920 3702 locis
934 3650 981 3702 ubi
994 3652 1056 3704 haec
1070 3669 1123 3704 vox
1136 3663 1223 3706 meta-

121 3733 239 3803 phorice
249 3743 407 3800 usurpatur,
420 3732 615 3786 liberationem
629 3734 770 3802 significat
783 3737 819 3788 ab
832 3736 873 3788 ira
889 3738 943 3790 Dei
957 3737 1047 3791 saneti
1062 3749 1089 3792 et
1109 3756 1125 3791 a
1139 3741 1224 3807 poenal

124 3829 240 3899 peccato
254 3819 357 3888 debita,
371 3819 478 3874 meritis
491 3818 559 3890 Jesu
570 3821 673 3875 Christi
683 3819 715 3886 '';
736 3821 845 3889 ίλασμός
864 3841 869 3876 :
893 3822 1085 3877 “sacrificium
1098 3826 1223 3892 placans,

121 3905 291 3962 sacrificium
304 3905 534 3976 propitiationis''
591 3908 758 3981 ι’λαστήριονε
776 3908 793 3936 “
805 3921 903 3963 notum
917 3910 1149 3979 propitiatorium,
1167 3929 1223 3981 quo

120 3993 335 4063 cooperiebatur
346 3993 422 4048 Arca
436 3993 563 4048 Foederis
577 3995 605 4048 in
620 3994 733 4049 Sandis
748 3996 925 4063 Sandtorum,
939 3995 1069 4051 vittimae
1089 3999 1222 4066 propitia-

121 4080 201 4135 toriae
214 4079 351 4155 sanguine
364 4096 519 4148 aspersum,
535 4082 581 4135 dle
595 4083 772 4151 Expiationis
786 4083 904 4151 singulis
917 4083 999 4137 annis
1056 4085 1123 4138 item
1137 4085 1222 4138 sacri-

119 4167 216 4222 ficium
229 4165 415 4236 expiatorium
423 4184 431 4235 ;
449 4166 564 4221 victima
577 4169 733 4238 expiatoria
744 4168 789 4224 ''...

158 4254 268 4308 *Μαι
284 4251 394 4321 xxv1,
408 4255 450 4308 28.
