2684 4634
301 174 357 224 DE
375 175 721 228 OPERATIONIBUS
740 178 912 229 DIVINIS.
1104 178 1159 228 151

59 379 128 419 suae
157 358 298 436 virtutis,
323 359 381 423 sed
408 370 544 442 propter
570 360 810 423 abundantiam
838 381 906 422 suae
934 359 1101 434 bonitatis,
1125 369 1162 422 ut

57 462 262 542 dignitatem
279 463 481 526 causalitatis
494 463 594 527 etiam
608 464 763 527 creaturis
776 464 998 525 communicet
1006 476 1025 524 1.
1073 462 1162 523 Hinc

57 566 243 645 Dionysius
258 569 341 630 ait2:
365 573 381 598 “
393 568 463 629 Ista
473 568 528 630 lex
542 577 592 630 est
602 568 786 631 divinitatis
800 568 1011 630 immobiliter
1023 566 1162 641 firmata,

56 663 101 730 ut'
112 668 270 732 inferiora
285 670 483 733 reducantur
499 672 531 732 in
550 672 659 733 Deum
677 692 734 753 per
746 672 914 751 superiora
922 671 945 734 '’.
994 672 1045 733 lta
1059 670 1160 732 mine-

56 772 141 833 ralia
159 772 369 836 subserviunt
385 774 515 855 plantis,
528 774 651 855 plantae
667 774 872 849 anim'tlibus,
885 773 1040 836 animalia
1056 773 1160 834 homi-

56 875 100 949 ni,
113 875 223 937 homo
239 886 350 939 autem
368 876 508 953 Christo,
525 898 562 939 ac
579 879 712 941 tandem
731 878 881 940 Christus
895 878 987 939 Deo:
1011 877 1161 941 “Omnia

56 979 150 1039 enim
167 979 386 1056 vestra'sunt3
408 999 467 1041 vos
483 989 594 1042 autem
610 979 741 1055 Christi,
754 979 904 1042 Christus
917 986 1028 1042 autem
1047 979 1159 1072 Dei”3.

104 1105 173 1170 118.
218 1121 255 1186 4⁰
272 1106 359 1171 Solv.
374 1107 467 1190 dzffic.
513 1105 735 1178 Difficultates
752 1127 827 1187 quae
843 1117 958 1169 contra
982 1107 1159 1168 Providen-

57 1212 144 1274 tiam
161 1212 269 1293 urgeri
286 1211 401 1287 solent,
418 1213 636 1274 desumuntur
653 1194 834 1293 praesertim
852 1232 896 1273 ex
913 1213 1072 1274 mulorum
1089 1211 1159 1272 exi-

57 1317 185 1378 stentia
202 1317 235 1376 in
252 1317 367 1379 ordine
390 1326 461 1399 tum
478 1313 609 1395 physico
632 1323 702 1376 tum
728 1314 864 1387 ruurali,·
888 1323 981 1376 etex
1000 1313 1160 1394 r'u'oequulr',

58 1421 129 1481 imo
154 1420 286 1500 injusta,
303 1428 339 1482 ut
362 1421 464 1505 aiunt,
487 1418 638 1480 buuoruuz'
661 1416 892 1480 distributione.
940 1419 1024 1480 Haec
1048 1428 1157 1480 autem

56 1524 184 1585 divinae
203 1525 422 1586 Providentiae
438 1543 504 1585 non
521 1522 664 1598 obstant,
680 1531 716 1584 ut
732 1543 776 1584 ex
792 1523 1006 1603 sequentibus
1024 1509 1158 1602 patebit.

74 1702 76 1705 -
104 1668 171 1732 119.
218 1648 277 1730 (A)
293 1650 391 1712 Mula
399 1648 541 1731 physica,
554 1658 717 1729 quatenus
734 1660 810 1712 sunt
822 1647 971 1715 desectus
984 1647 1159 1722 naturales,

57 1754 203 1829 doloreS,
220 1755 334 1829 morbi,
351 1753 556 1816 calamitates
573 1752 715 1832 publicae
731 1764 794 1827 etc,
810 1753 884 1814 ideo
901 1752 1055 1814 dicuntur
1072 1750 1158 1835 mala

57 1855 138 1933 quia
151 1863 230 1916 sunt
242 1864 356 1916 contra
366 1856 514 1918 ordinem
527 1856 756 1936 particularem
770 1855 907 1942 alicujus
921 1864 1087 1928 creaturae,
1101 1854 1157 1915 sed

57 1957 90 2017 in
110 1979 145 2019 se
163 1978 229 2019 non
246 1968 323 2021 sunt
339 1958 557 2045 essentialiter
570 1958 664 2045 mala.
713 1959 776 2021 His
789 1961 915 2041 positis,
928 1961 984 2021 sed
999 1958 1158 2040 explicari

57 2067 201 2136 possunt
214 2066 228 2119 :‘

57 2161 109 2242 (a)
127 2160 223 2223 Ordo
240 2162 402 2251 physicus,
415 2174 532 2248 utpote
548 2166 681 2227 inferior
693 2166 798 2251 ordini
813 2166 937 2241 morali,
948 2166 975 2227 ei
990 2167 1159 2247 subjacere

57 2263 171 2340 debet,
187 2266 390 2348 proindeque
407 2269 495 2353 mala
510 2269 543 2352 in
560 2269 675 2331 ordine
692 2270 830 2354 physico
854 2292 911 2354 per
934 2272 1086 2334 accidens
1110 2272 1157 2332 in·
1243 2247 1259 2312 s

24 2384 26 2387 “
58 2371 152 2433 tendi
166 2380 313 2463 possunt,
324 2373 507 2435 dummodo
517 2372 572 2436 illa
585 2373 627 2435 ad
642 2375 765 2436 bonum
779 2376 961 2437 universale
974 2387 1007 2438 et
1019 2376 1160 2461 gloriam

58 2477 124 2538 Dei
142 2477 347 2557 conducant;
371 2479 462 2559 atqui
480 2499 531 2540 res
547 2479 593 2540 ita
609 2499 644 2540 se
660 2479 776 2556 habet3
800 2500 887 2555 nam,
904 2490 940 2542 ut
956 2482 1002 2542 ait
1021 2480 1055 2542 S.
1078 2468 1159 2542 Tuo-⁴

57 2594 159 2657 mas4,
176 2581 228 2643 “si
245 2581 358 2665 omnia
383 2581 469 2644 mala
493 2582 741 2662 impedirentur,
766 2564 870 2644 multa
895 2577 982 2645 bona
1005 2585 1158 2645 deessent

57 2685 223 2747 universo
271 2685 347 2746 Non
364 2687 452 2748 enim
470 2695 557 2748 esset
574 2688 641 2748 vita
658 2686 772 2761 leonis,
788 2687 814 2747 si
840 2707 904 2747 non
927 2696 1014 2748 esset
1037 2687 1157 2747 occisio

56 2789 255 2851 animalium
265 2811 272 2867 ;
296 2809 362 2850 nec·
373 2799 460 2874 esset
477 2790 636 2874 patientia
653 2798 844 2871 martyrum,
857 2789 883 2850 si
901 2809 966 2850 non
984 2799 1070 2851 esset
1086 2811 1157 2870 per-

56 2894 186 2955 secutio
204 2901 418 2977 tyrannorum
427 2892 459 2969 ’';
482 2913 560 2973 ergo
578 2893 678 2967 Deus
696 2903 812 2974 utpote
828 2892 976 2973 provisor
993 2893 1156 2954 universa-

57 3000 105 3073 lis,
123 2997 288 3078 permittit
300 2996 443 3081 aliquem
457 2993 621 3085 defettum
636 2997 668 3085 in
679 2997 792 3086 'aliquo
804 2996 990 3077 particulari
1002 2997 1157 3078 accidere,

57 3123 99 3163 ne
117 3085 320 3182 impediatur
336 3099 460 3161 bonum
477 3100 587 3161 totius.
635 3101 792 3161 Fatemur
808 3099 961 3180 equidem
979 3099 1067 3162 haud
1086 3121 1157 3163 raro

57 3205 156 3267 nobis
174 3206 305 3286 ignotas
321 3223 393 3265 esse
418 3203 560 3265 rationes
585 3224 642 3264 cur
666 3204 758 3265 Deus
782 3203 844 3264 hoc
866 3204 918 3265 vel
942 3206 1008 3266 tale
1032 3204 1155 3266 malum

57 3306 254 3389 permiserit,
277 3306 355 3386 quia
379 3305 474 3368 nobis
498 3293 565 3367 non
589 3306 668 3367 satis
693 3306 871 3367 innotescit
894 3308 976 3368 ordo
1000 3307 1156 3394 universi,

56 3416 125 3489 sed,
143 3421 180 3499 ut
197 3408 284 3473 redte
301 3409 534 3473 animadvertit
553 3410 586 3472 S.
610 3410 639 3470 T
636 3410 775 3485 uuuruss,
793 3415 808 3440 ‘⁴
819 3431 862 3471 ex
876 3410 937 3471 hoc
950 3412 1038 3490 quod
1054 3413 1156 3472 nesci-

57 3537 132 3579 mus
149 3517 214 3596 qua
231 3513 272 3575 de
289 3517 386 3575 causa
403 3513 515 3575 divina
533 3514 743 3576 Providentia
760 3514 889 3593 singula
901 3515 1078 3594 dispenset,
1090 3537 1155 3576 non

55 3630 106 3683 est
132 3629 244 3681 tamen
268 3617 416 3692 dubium,
439 3618 518 3697 quin
544 3619 576 3678 in
601 3617 755 3679 omnibus
778 3617 873 3679 bonis
897 3627 930 3678 et
954 3616 1058 3693 malis,
1082 3639 1156 3697 quae

55 3723 215 3786 eveniunt
243 3720 311 3782 sive
336 3720 432 3782 bonis
457 3721 524 3783 sive
549 3721 653 3795 malis,
677 3722 719 3782 sit
744 3718 832 3782 seua
857 3721 949 3794 ratio,
973 3722 1155 3784 secundum

55 3849 158 3911 quam
190 3825 303 3889 divina
335 3827 546 3889 Providentia
577 3827 689 3888 omnia
720 3826 860 3888 ordinat.
906 3825 951 3887 Et
978 3827 1055 3906 quia
1082 3847 1155 3887 eam

88 4018 97 4047 ¹
114 4024 144 4076 S.
165 4023 192 4075 Τ
189 4022 224 4089 lu,
244 4023 267 4086 Ι,
282 4039 309 4091 q.
327 4037 369 4087 22,
382 4040 405 4076 a.
422 4037 444 4088 3.
459 4027 515 4061 -2
530 4025 574 4078 De
589 4025 699 4078 Eccles.
716 4024 824 4091 hierar,
843 4041 866 4078 c.
886 4036 907 4091 5.
922 4054 957 4060 --
969 4028 979 4059 ³
991 4024 1010 4074 l
1022 4023 1082 4075 Cor.
1101 4024 1155 4089 ΙΙΙ,

53 4127 95 4164 22.
111 4142 147 4148 -—
159 4108 170 4137 ⁴
183 4111 213 4164 S.
233 4109 292 4176 Tlu,
308 4111 328 4162 Ι.
342 4127 368 4179 q.
383 4124 424 4176 22,
439 4127 464 4162 a.
482 4129 496 4162 2
511 4112 556 4163 ad.
573 4127 596 4164 2.

88 4197 158 4251 ⁶De
171 4196 307 4261 Veritate,
322 4214 349 4266 qr
363 4211 388 4266 5,
402 4215 426 4250 a.
446 4199 510 4265 sad
529 4200 553 4250 6.
570 4229 605 4236 -
624 4198 665 4250 Cf.
687 4199 716 4250 S.
736 4199 858 4267 August.
880 4199 915 4251 de
936 4199 1039 4252 Genesi
1059 4211 1156 4254 contra

54 4284 185 4339 Manich.
202 4285 219 4338 1.
236 4285 257 4351 Ι,
268 4301 291 4337 c.
312 4286 355 4349 163
374 4285 505 4351 Fluelou,
519 4285 685 4354 Exposition
699 4285 749 4338 des
763 4286 876 4353 princip.
894 4285 994 4338 vetites
1009 4286 1044 4339 de
1057 4287 1084 4339 la
1097 4287 1143 4342 soi.
