2684 4620
402 154 458 206 DE
475 153 657 208 OBJECTO
674 155 803 205 FIDEI.
1105 152 1149 205 43

51 337 141 417 atqui
157 335 286 402 fastum
310 338 519 405 revelationis
541 359 580 401 cx
596 358 719 401 senon
744 347 855 400 movet
877 333 1088 400 intelledtum‘
1107 336 1149 398 ad

52 443 313 518 assentiendum,
327 464 430 524 quum
447 443 517 511 sola
533 444 671 506 assertio
687 463 745 524 per
768 463 803 504 se
826 463 892 505 non
916 442 959 504 sit
981 437 1150 523 probatio;

52 552 246 624 potestesse
255 546 345 608 enim
357 545 555 631 salsa3ergo.
602 546 823 627 Respondent
842 542 1150 607 Thonrzstoefactum

51 647 163 726 ipsum
188 649 399 712 revelationis
426 669 471 711 ex
497 650 694 730 sequidem
720 643 785 711 non
809 669 883 711 esse
905 641 1078 722 sufficiens
1094 643 1150 709 seu

52 751 158 813 totale
182 752 260 815 fidei
283 755 454 829 motivum,
478 753 536 818 sed
559 762 730 835 sumptum
755 752 851 815 simul
876 773 950 814 cum
974 751 1151 814 veracitate

52 855 177 931 divina,
192 876 269 920 vere
284 854 489 923 intellectum
507 877 640 921 movere
664 860 706 921 ad
731 858 932 919 credendum
944 864 956 932 ;’
976 855 1151 918 affirmatio

53 959 143 1020 enim
161 958 301 1039 alicujus
317 980 467 1041 personae
484 961 608 1025 veracis
623 960 712 1023 certe
720 981 782 1032 ¹nos
793 968 905 1023 movet
917 959 958 1021 ad
971 959 1152 1021 assentien-

54 1063 133 1125 dum
149 1064 197 1125 eis
212 1084 286 1144 quae
302 1066 464 1129 dicuntur.

97 1233 148 1300 99.
196 1235 230 1283 20
247 1223 302 1284 Ex
318 1221 424 1297 dictis,
440 1221 620 1289 auctoritas
638 1224 702 1286 Dei
719 1225 895 1287 revelantis
918 1233 968 1286 est
991 1223 1152 1286 motivum

56 1324 145 1387 fidei.
189 1327 345 1406 Jamvero
362 1326 418 1389 illa
433 1325 613 1396 auctoritas
630 1337 741 1410 potest
754 1329 912 1409 cognosci
928 1349 987 1411 per
998 1327 1152 1392 rationem

56 1437 90 1489 et
107 1448 167 1510 per
183 1429 415 1494 revelationem.
461 1431 621 1513 Quaerunt
638 1432 738 1512 igitur
753 1430 899 1512 theologi
916 1441 1026 1493 utrum
1042 1427 1153 1492 aucto·

57 1531 138 1592 ritas
155 1532 230 1605 Dei,
245 1542 410 1613 quatenus
425 1544 476 1596 est
493 1534 654 1596 motivum
672 1532 759 1609 fidei,
770 1533 859 1595 credi
873 1534 977 1615 possit
990 1542 1023 1595 et
1035 1532 1154 1595 debeat
1198 1603 1200 1605 .

58 1654 117 1715 per
131 1635 378 1711 revelationem,
393 1637 444 1699 vel
456 1654 518 1717 'per
533 1639 695 1700 rationem
712 1639 875 1718 cognosci.

101 1735 162 1817 (A)
180 1737 314 1813 Suarez,
330 1739 369 1800 K
371 1738 457 1814 ilber,
472 1740 660 1803 Mazzella1
686 1740 848 1820 multique
872 1739 927 1800 alii
950 1739 1157 1801 contendunt

60 1841 224 1903 motivum
249 1840 335 1919 fidei,
351 1863 408 1905 seu
432 1842 663 1907 audioritatcm
689 1843 752 1905 Dei
776 1842 960 1917 revelantis
977 1863 1034 1924 per
1057 1840 1156 1904 fidem

60 1942 265 2006 credendum
281 1966 362 2020 esse,
379 1947 424 2008 ita
448 1955 484 2008 ut
507 1948 781 2027 quotiescumque
805 1946 1004 2007 assentimus
1026 1944 1156 2006 veritati

62 2047 226 2122 revelatae,
240 2069 268 2110 v.
280 2069 309 2130 g.
327 2051 485 2130 mysterio
501 2051 683 2126 Trinitatis,
694 2060 759 2111 tres
775 2047 869 2111 adius
885 2047 960 2110 fidei
974 2048 1089 2109 elicere
1101 2048 1157 2109 de-

16 2162 20 2167 ’
62 2150 210 2222 beamus,
226 2172 269 2213 sc.
281 2154 380 2215 credo
394 2154 503 2215 Deum
514 2174 586 2215 esse
596 2173 755 2228 veracem,
765 2155 863 2214 credo
875 2152 984 2213 Deum
998 2150 1158 2213 revelasse

62 2253 273 2329 Trinitatem,
303 2256 401 2317 credo
431 2256 638 2318 Trinitatem.
686 2255 741 2318 Sic
771 2256 859 2315 enim
890 2263 1158 2334 argumentatur:

62 2357 166 2418 virtus
179 2355 260 2440 fidei
276 2367 326 2419 est
342 2378 475 2439 prorsus
499 2358 780 2439 supernaturalis:
805 2358 897 2438 atqui
920 2358 1024 2418 virtus
1047 2376 1158 2437 super·
1261 2430 1263 2434 y

62 2459 225 2521 naturalis
241 2460 337 2524 inniti
353 2462 454 2524 debet
471 2463 597 2525 motivo
613 2460 874 2543 supernaturali;
900 2480 979 2540 ergo
996 2459 1157 2521 motivum

63 2560 138 2624 fidei
150 2563 252 2625 debet
262 2584 333 2625 esse
342 2564 601 2645 supernaturale,
617 2584 716 2646 porro
726 2562 975 2644 supernaturale
988 2583 1053 2624 non
1064 2571 1160 2637 esset,

63 2666 89 2726 si
105 2677 363 2746 cognosceretur
377 2668 478 2730 solius
496 2669 631 2730 rationis
648 2688 729 2749 ope:
753 2687 833 2747 ergo
849 2687 907 2747 per
923 2665 1021 2728 fidem
1038 2686 1094 2727 seu
1112 2685 1161 2726 re-

64 2769 266 2848 velationem
283 2772 437 2852 cognosci
454 2772 563 2835 debet.

109 2946 177 2995 100.
223 2932 283 3013 (B)
298 2933 492 3008 Thomistae,
505 2943 538 2995 et
554 2934 687 3014 insuper
703 2932 856 3013 Ripalda,
874 2931 973 3012 Lnga,
985 2931 1160 2993 Franzelin

64 3046 124 3097 etc.
144 3044 260 3098 tenent
272 3033 501 3098 audioritatem
517 3036 580 3097 Dei
593 3036 778 3109 revelantiS,
789 3034 981 3096 naturaliter
993 3035 1161 3114 cognitam

66 3156 124 3215 per
153 3136 364 3198 intrinsecam
392 3138 604 3212 evidentiam,
628 3135 775 3197 sufficere
802 3135 919 3196 saltem
948 3135 990 3196 ad
1017 3136 1160 3215 primum

66 3238 145 3300 fidei
161 3236 290 3315 actum;
313 3239 365 3302 cui
381 3240 530 3321 opinioni
547 3239 764 3314 assentimus,
788 3258 874 3313 nam,

65 3341 117 3420 (a)
135 3341 234 3403 Fides
251 3351 363 3403 nostra
379 3342 584 3403 rationabilis
600 3361 671 3402 esse
687 3339 796 3413 debet,
813 3340 858 3400 ita
875 3348 910 3401 ut
927 3338 1102 3420 unicuique
1114 3360 1163 3400 ra·

65 3446 194 3506 tionem
211 3447 360 3526 poscenti
376 3447 418 3508 de
435 3445 499 3507 fide
515 3449 636 3520 nostra,
653 3443 757 3525 parati
775 3463 888 3503 sumus
905 3440 1163 3505 satisfactionem

65 3549 216 3621 reddere,
232 3549 364 3628 “parati
380 3569 507 3629 semper
517 3549 558 3609 ad
571 3544 831 3608 satissaffionem
843 3545 934 3606 omni
949 3545 1096 3625 poscenti
1106 3566 1164 3607 vos

66 3653 232 3714 rationem
249 3653 291 3714 de
306 3672 345 3713 ea
361 3672 435 3732 quae
451 3652 483 3712 in
496 3652 589 3712 vobis
603 3659 654 3712 est
666 3647 756 3731 spe'’‚
767 3649 819 3728 (ac
834 3649 971 3730 proinde
985 3647 1058 3723 fide,
1069 3669 1166 3730 super

67 3774 169 3836 quam
187 3774 263 3835 spes
280 3753 459 3834 fundatur).
492 3752 609 3833 Atqui
627 3753 660 3812 in
677 3760 859 3832 systemate
877 3750 1068 3812 thomistico
1085 3749 1166 3811 fides

69 3869 185 3920 nostra
199 3857 337 3918 omnino
353 3855 522 3917 rationalis
539 3864 694 3936 apparet;
717 3854 880 3934 siquidem
905 3853 1088 3934 postulanti
1111 3873 1167 3914 cur

104 4106 111 4126 ¹
127 4097 170 4151 cf.
188 4096 305 4159 Suam,
319 4090 389 4160 disp.
407 4091 461 4157 ΙΙΙ,
476 4107 497 4142 s.
513 4089 541 4153 6;
561 4089 669 4144 Kilber.
686 4085 761 4153 (edit.
779 4086 886 4152 Mtgne,
899 4084 931 4137 T.
949 4084 980 4135 C.
998 4099 1023 4149 p.
1040 4095 1088 4148 533
1103 4083 1167 4150 sq.);

69 4183 223 4249 Mazzella,
243 4181 290 4251 qui
311 4191 404 4233 tamen
425 4177 452 4229 in
472 4176 617 4230 recentiori
632 4174 754 4228 editione
769 4171 859 4237 (1884)
881 4169 1003 4224 Suarezii
1022 4168 1169 4222 sententiae

68 4271 204 4330 valedicit,
219 4285 243 4315 n.
263 4269 280 4316 8
286 4266 385 4316 10-821.
