2684 4634
268 172 325 223 DE
343 174 564 226 MYSTERIO
582 175 882 228 INCARNATION
888 180 934 229 IS.
1082 184 1151 234 49⁷

40 368 133 429 opus
158 356 387 418 consummavi
410 357 501 438 quod
524 357 646 420 dedisti
671 359 750 422 mihi
778 371 815 424 ut
844 361 963 424 faciam
974 363 1034 439 ''¹;
1066 383 1153 445 ergo.

45 450 122 514 Nec
148 455 279 547 mirum,
303 476 407 538 quum
436 459 586 523 Verbum
610 460 704 526 acius
739 464 908 526 moraliter
942 464 1153 547 imperfedios

44 573 127 616 suos
145 555 253 619 facere
268 579 402 640 prorsus
419 563 589 627 dedeceat.

365 713 414 772 11.
439 715 494 772 Do
517 709 654 802 Gratia
679 719 843 778 Unionls.

94 850 164 916 139.
212 838 381 903 Sanctitas
398 844 541 923 positiva
557 844 679 908 Christi
704 846 826 927 duplici
849 851 958 930 gratia
979 851 1152 913 constitui·

47 948 104 1001 tur
122 963 129 1001 :
154 945 261 1022 gratia
277 945 409 1007 unionis
426 956 459 1009 et
475 949 582 1028 gratia
598 947 834 1014 sanctificante.
879 953 990 1029 Prior,
1006 975 1081 1034 quae
1103 965 1153 1016 est

48 1045 191 1106 omnino
212 1048 364 1128 specialis
382 1049 524 1125 Christ0,
541 1050 669 1112 definiri
694 1063 805 1132 potest
823 1079 830 1116 :
865 1056 922 1118 illa
945 1058 1061 1137 gratia,
1077 1076 1152 1136 quae
1264 1073 1267 1080 ·

49 1146 192 1209 resultat
214 1169 259 1211 ex
281 1151 354 1233 ipsa
378 1153 501 1215 unione
517 1152 730 1235 hypostatica
751 1155 908 1217 humanae
932 1165 1059 1218 naturae
1076 1176 1151 1217 cum

50 1255 194 1328 persona
205 1252 325 1332 Verbi;
347 1254 424 1317 talis
439 1256 548 1336 gratia
560 1257 787 1320 substantialis
802 1259 923 1322 dicitur
939 1259 1017 1339 quia
1030 1260 1152 1340 produ-

50 1351 138 1417 citur
153 1352 197 1415 ab
212 1355 283 1438 ipsa
299 1363 441 1439 persona
454 1359 557 1421 Verbi
570 1350 833 1424 substantialiter
849 1361 1077 1425 sandtificante
1093 1361 1151 1422 hu·

50 1473 189 1518 manam
215 1468 394 1523 naturam:
428 1481 532 1542 quum
556 1463 645 1525 enim
669 1474 829 1526 creaturae
855 1462 979 1526 sanctae
1003 1466 1069 1525 sint
1095 1484 1154 1543 per

50 1561 211 1624 unionem
228 1584 304 1627 cum
321 1566 405 1641 Deo,
421 1588 489 1629 non
507 1576 617 1649 potest
634 1565 783 1628 Verbum
808 1568 892 1649 uniri
916 1566 1071 1628 humanae
1095 1588 1152 1628 na·

50 1672 146 1741 turae,
158 1667 248 1746 quin,
263 1669 366 1732 veluti
382 1691 444 1733 suo
459 1667 623 1744 contactu,
640 1669 730 1730 illam
747 1667 898 1731 sandtam
915 1669 1043 1732 efficiat.
1089 1668 1152 1730 Po-

49 1766 172 1829 sterior
184 1779 296 1833 autem
314 1782 365 1834 est
388 1773 445 1835 illa
460 1773 604 1853 qualitas
621 1782 731 1834 creata
747 1781 781 1833 et
798 1773 1066 1853 supernaturalis,
1080 1772 1150 1852 jam

50 1879 153 1933 antea
179 1872 317 1937 definita
344 1886 377 1938 et
403 1877 507 1939 fusius
533 1878 565 1938 in
589 1876 619 1937 T
617 1897 641 1936 ν.
658 1876 696 1936 de
715 1875 835 1937 Gratia
861 1875 1071 1951 declaranda,
1087 1882 1152 1956 qua

50 1973 176 2035 divinae
192 1976 352 2041 efficimur
367 1989 536 2042 consortes
549 1990 683 2042 naturae.

96 2136 158 2199 140
218 2126 248 2187 T
245 2126 336 2192 hesir.
374 2127 549 2207 Christus
565 2127 683 2206 homo,
696 2126 821 2191 habuit
835 2126 989 2204 gratiam
1000 2127 1150 2207 unionis,

50 2244 119 2289 seu
134 2227 215 2290 aliis
229 2229 355 2309 verbis,
372 2231 452 2310 ipsa
474 2231 558 2294 unio
573 2229 800 2310 hypostatica
821 2228 975 2291 reddidit
995 2231 1151 2292 animam

51 2324 189 2388 Christi
203 2332 367 2391 sanctam
383 2333 419 2393 et
437 2329 514 2393 Deo
529 2334 682 2407 gratam.

95 2424 152 2485 lta
163 2428 385 2489 communiter
396 2437 513 2490 contra
524 2428 694 2501 Scotistas,
705 2427 760 2506 qui
774 2425 982 2488 contendunt
994 2428 1151 2488 unionem

51 2524 301 2605 hypostaticam
321 2536 387 2606 per
403 2547 444 2600 se,
460 2526 585 2606 absque
611 2526 717 2606 gratia
744 2526 863 2598 creata,
880 2523 1061 2586 formaliter
1085 2546 1150 2587 non

50 2625 260 2691 sanctificare
275 2628 546 2692 humanitatem2.

94 2729 157 2811 (A)
176 2729 292 2816 Scapt.
309 2741 341 2793 et
359 2731 486 2794 Tradit.
503 2754 514 2791 .·
538 2729 708 2808 Scriptura
724 2727 812 2788 enim
830 2727 900 2787 sola
917 2737 1149 2807 argumentum

51 2830 277 2914 apodidticum
301 2855 368 2897 non
392 2835 526 2916 praebet.
574 2832 626 2892 De
644 2831 777 2893 Christo
794 2829 938 2892 dicitur:
962 2836 978 2861 “
991 2830 1102 2893 Unxit
1118 2841 1151 2892 te

51 2936 157 3010 Deus
183 2935 276 2998 Deus
308 2946 395 3013 tuus,
422 2939 496 2998 oleo
522 2936 647 2997 laetitiae
683 2955 752 3015 prae
777 2934 987 2995 consortibus
1013 2936 1078 2997 tuis
1091 2935 1150 3012 ''3;

51 3039 180 3120 “Quod
206 3049 359 3102 nascetur
385 3061 429 3102 ex
455 3050 488 3102 te
510 3037 671 3102 Sanctum
696 3038 869 3099 vocabitur
895 3038 997 3099 Filius
1023 3040 1087 3100 Dei
1100 3039 1115 3064 ''
1128 3053 1149 3101 4.

52 3140 156 3202 Unde
171 3141 242 3201 sic:
281 3139 432 3204 Christus
458 3142 578 3203 dicitur
602 3139 720 3203 unctus
748 3138 925 3203 sanctitate
948 3142 1091 3222 speciali,
1107 3163 1150 3203 ex

49 3265 118 3324 qua
142 3242 179 3306 fit
196 3242 339 3307 Sandlus
357 3245 573 3320 Sanfiorum3
608 3247 709 3325 atqui,
723 3245 823 3325 juxta
841 3247 973 3307 Patrum
992 3247 1149 3326 interpre-

49 3348 225 3419 tationem,
242 3347 298 3408 illa
316 3345 430 3426 undtio
446 3370 511 3410 non
535 3362 585 3412 est
601 3351 708 3411 solum
726 3351 833 3429 gratia
853 3351 1075 3424 accidentalis
1092 3351 1149 3410 sed

48 3451 160 3533 gratia
174 3451 402 3514 substantialis
418 3452 581 3533 producta
597 3475 655 3534 per
671 3455 827 3514 unionem
841 3453 1058 3514 humanitatis
1074 3473 1148 3514 cum

49 3553 176 3627 Verb0‚
193 3553 238 3614 ita
254 3575 282 3616 v.
299 3574 328 3633 g.
349 3554 383 3616 S.
403 3554 496 3633 Greg.
515 3554 598 3614 Noa.
611 3564 638 3615 5:
662 3553 896 3614 “Humanitas
916 3552 977 3613 suit
993 3553 1149 3626 delibuta,

957 3689 1124 3696 ..ῃ-..-

85 3758 94 3781 ¹
101 3754 170 3821 soa.
187 3753 283 3819 XVII,
296 3771 321 3821 4.

84 3834 148 3893 ²Cf.
164 3839 277 3903 Henna,
295 3838 365 3907 disp.
380 3840 460 3904 XIV,
474 3855 499 3906 q.
517 3854 545 3902 13
575 3838 739 3904 intrandas,
759 3839 791 3888 ln
806 3852 828 3903 3,
844 3837 907 3889 dist.
925 3853 965 3900 12,
981 3855 1007 3905 q.
1023 3855 1047 3900 2,
1063 3856 1090 3891 n.
1108 3853 1130 3902 7.

85 3927 155 3979 ³Ps.
171 3926 276 3991 XLIV,
286 3924 311 3978 8.
343 3926 516 3978 Vocabulum
530 3928 616 3978 unxr't
626 3926 746 3992 gratiam
760 3937 787 3976 et
799 3921 1052 3977 sandtificationem
1067 3924 1148 3992 signi-

51 4015 137 4068 ficare
150 4022 228 4080 patet
241 4029 274 4065 ex
287 4012 331 4064 his
345 4024 373 4065 et
387 4011 524 4064 similibus
538 4012 659 4065 textibus
677 4030 682 4063 ι
709 4012 724 4037 “
735 4011 791 4063 Sed
802 4028 851 4062 vos
865 4009 1028 4063 unctionem·
1039 4011 1149 4063 habetis

50 4119 68 4155 a
78 4098 187 4156 Sancto
238 4111 266 4153 et
276 4117 325 4152 vos
336 4097 506 4167 unctionem,
519 4117 604 4168 quam
615 4100 765 4167 accepistis
778 4099 867 4160 abeo,
880 4108 993 4151 maneat
1006 4097 1034 4150 in
1044 4099 1124 4152 vobis
1135 4097 1149 4120 ''

51 4189 82 4256 (I
84 4189 153 4256 Joa.
172 4188 210 4253 11,
224 4201 265 4254 20,
280 4199 325 4251 273
346 4186 386 4239 Cf.
403 4188 440 4238 Il
453 4184 516 4239 Cor.
535 4189 555 4252 1,
570 4188 671 4252 21-22).

84 4273 170 4325 ⁴Luc.
187 4273 210 4335 1,
225 4286 266 4340 35.
279 4269 418 4324 -⁶0rat.
437 4286 474 4339 15,
492 4286 532 4334 42.

168 4389 293 4434 Sruoesrs
306 4389 336 4433 ΙΙ,
350 4413 373 4419 -
389 4402 418 4446 32
