2684 4634
118 173 186 222 442
412 204 414 210 ·
583 175 716 224 CAPUT
733 173 758 222 1.
827 211 829 216 .
933 166 937 170 ’

118 358 352 434 enthusiasmo,
382 357 619 440 explicandum
651 368 801 418 remanet
831 356 1003 438 quomodo
1042 354 1208 417 duodecim

118 462 306 541 piscatores
322 462 487 543 simplices
511 472 543 525 et
565 460 785 542 philosophiae
809 460 923 540 ignari,
939 458 1113 539 potuerint
1134 459 1209 519 inve·

119 565 188 626 nire
200 566 265 627 tale
276 568 400 646 dogma
412 567 501 646 quod
515 567 546 627 in
561 585 595 626 se
609 564 746 626 involvit
760 562 1059 645 profundissimum
1073 562 1105 625 S.
1115 561 1211 626 §.Tri-

120 669 232 730 nitatis
249 670 457 749 mysterium;
481 668 650 750 quomodo
673 669 852 748 praedicare
868 665 944 727 ausi
948 665 1089 744 fuerim
1102 663 1210 728 doilri-

120 791 196 832 nam
213 792 287 851 quae
303 781 373 834 erat
389 778 404 802 “
418 772 543 852 Judaeis
559 773 693 854 quidem
710 770 914 845 scandalum,
926 770 1094 833 Gentibus
1110 780 1208 831 autem

119 875 261 936 stultitia
273 876 288 900 ''
302 888 313 918 1
329 897 336 953 ;
352 877 522 957 quomodo
536 877 728 956 sanguinem
744 896 840 938 stium
847 874 1006 954 fuderint
1020 875 1054 935 in
1074 875 1208 936 testimo·
1247 941 1249 944 ¹

120 977 210 1039 nium
243 976 318 1041 lacti
349 977 440 1058 cujus
470 979 648 1041 salsitatem
679 980 806 1059 optime
836 987 1017 1053 noverant;
1050 977 1208 1056 quomodo
1247 968 1249 981 '

119 1083 254 1142 tandem
267 1082 401 1145 suadere
413 1083 580 1164 potuerint
594 1093 664 1145 tum
671 1082 801 1165 Judaeis
813 1093 883 1146 tum
899 1081 1084 1144 Gentilibus
1095 1101 1205 1143 merum

119 1182 297 1259 hominem,
317 1187 349 1247 in
373 1207 468 1248 cruce
492 1197 598 1248 morte
619 1189 841 1269 ignominiosa
864 1184 1030 1262 asscitum,
1052 1206 1123 1247 esse
1143 1204 1204 1246 vere

121 1286 241 1362 Deum,
259 1308 438 1370 verumque
463 1290 525 1350 Dei
549 1290 669 1353 Filium
683 1303 702 1352 ².
751 1291 867 1352 Donec
889 1290 960 1351 haec
980 1289 1095 1350 omnia
1113 1287 1203 1368 expli·

120 1399 243 1465 centur,
273 1393 404 1454 credere
435 1393 530 1454 nobis
562 1394 658 1456 liceat
689 1395 764 1456 ideo
796 1393 977 1475 Apostolos
1008 1393 1203 1455 divinitatem

121 1491 242 1555 Christi
258 1495 417 1570 docuisse,
433 1497 510 1575 quia
528 1497 606 1577 ipsis
623 1496 665 1557 ab
682 1497 753 1576 ipso
771 1497 904 1560 Christo
920 1495 1067 1557 revelata
1087 1495 1202 1557 fuerat:

120 1596 208 1675 quod
226 1597 358 1660 aliunde
374 1597 572 1661 sufficienter
587 1601 763 1682 probatum
781 1601 850 1663 fuit.

209 1783 293 1859 Art.
316 1785 363 1861 V.
387 1784 588 1862 Divinitas
608 1785 758 1863 Christi
780 1812 829 1862 ex
847 1782 925 1862 fide
946 1785 1139 1884 primaevae

405 1902 592 1978 Ecclesiae
611 1901 936 1979 demonstratur³.

163 2065 211 2129 68.
261 2064 442 2145 Hucusque
459 2063 668 2127 divinitatem
687 2064 808 2127 Christi
832 2084 875 2125 ex
900 2063 932 2126 S.
950 2062 1120 2142 Scriptura
1143 2081 1208 2143 pro

121 2165 294 2242 bavimus;
321 2188 422 2247 quum
447 2177 557 2230 autem
582 2168 759 2231 adversarii
783 2167 885 2229 nostri
909 2165 1115 2228 contendant
1137 2163 1208 2226 illud

122 2270 245 2350 dogma
262 2272 391 2332 nonnisi
408 2273 505 2333 tertio
522 2272 644 2333 saeculo
664 2271 763 2334 fuisse
787 2273 967 2346 inventum,
984 2271 1167 2351 praesertim
1183 2269 1209 2328 in

122 2374 233 2436 schola
257 2376 495 2453 Alexandrini,
519 2399 592 2459 quae
616 2378 784 2440 orientalis
808 2376 1026 2458 philosophia>
1050 2373 1212 2438 doctrinas

122 2499 196 2540 cum
214 2479 399 2543 christianis
416 2482 630 2564 dogmatibus
646 2501 845 2563 componere
862 2481 997 2554 studuit,
1014 2479 1141 2560 absque
1158 2481 1213 2542 uti-

123 2584 214 2645 litate
241 2604 307 2647 non
336 2587 396 2647 erit
423 2587 597 2647 ostendere
624 2586 831 2647 diuinitatem
860 2583 981 2646 Christi
1006 2582 1077 2663 jam
1105 2584 1214 2665 primis

122 2687 280 2749 Ecclesiae
296 2690 499 2771 temporibus
522 2699 681 2769 tanquam
703 2689 827 2769 dogma
850 2685 1099 2762 fundamentale
1122 2685 1215 2749 luisse

156 2895 198 2950 ¹J
208 2900 268 2951 Cor.
288 2900 308 2964 l,
323 2913 364 2965 23.
724 2962 726 2966 Ι

155 2983 165 3012 ²
180 2986 316 3039 Homines
330 2986 405 3038 enim
417 3003 472 3039 non
487 2994 551 3037 sunt
564 2984 643 3053 proni
657 2984 693 3037 ad
707 3001 750 3038 res
764 2981 924 3051 hujusmodi
937 2981 1018 3035 facile
1031 2973 1215 3050 accipiendas,

121 3083 150 3125 ut
164 3072 238 3125 recte
251 3072 447 3126 animadvertit
461 3073 570 3125 Liddon
584 3072 640 3141 (op.
658 3071 702 3138 cit.
720 3089 745 3139 p.
761 3069 887 3139 273-274)
902 3089 907 3123 :
927 3071 944 3096 “
957 3069 1132 3137 Hypothesis
1146 3070 1215 3139 quod

121 3162 202 3229 Jesus
215 3161 406 3213 enthusiasmo
420 3160 565 3213 deificatus
584 3159 675 3221 suerit,
692 3158 907 3227 propensionem
927 3156 954 3208 in
974 3156 1099 3221 humano
1118 3173 1216 3224 genere

121 3246 298 3315 experientiae
312 3246 479 3300 contrariam
494 3246 632 3315 supponit.
666 3244 803 3297 Homines
816 3243 891 3298 enirn
902 3243 1070 3310 generaliter
1080 3242 1216 3312 loquendo

121 3337 157 3390 ad
180 3336 335 3388 concivium
356 3352 487 3402 magnam
510 3335 639 3388 virtutem
662 3343 690 3386 et
712 3331 911 3385 multominus
934 3330 1060 3383 divinam
1084 3330 1216 3397 originem

121 3424 321 3477 adstruendam
341 3440 397 3475 non
420 3421 563 3476 inclinant.
602 3423 640 3473 Et
661 3438 728 3474 sane
748 3419 897 3488 scriptores
917 3418 963 3487 qui
983 3418 1081 3485 Josum
1101 3417 1217 3469 honores

121 3513 230 3566 divinos
250 3512 413 3581 populorum
432 3508 625 3563 enthusiasmo
645 3508 788 3576 excepisse
808 3505 989 3568 contendunt,
1009 3521 1124 3557 suorum
1143 3521 1216 3571 argu·

121 3596 684 3653 mentorumimbecillitatemostendunt.
726 3595 815 3646 Enixe
835 3593 1006 3646 affirmantes
1025 3590 1093 3643 nihil
1114 3589 1217 3644 facilius

121 3688 206 3740 fuisse
231 3687 283 3739 aevi
309 3685 455 3754 apostolici
482 3683 628 3751 discipulis
654 3700 738 3751 quam
765 3682 850 3734 fidem
873 3680 901 3733 in
925 3677 1052 3746 Magistri
1076 3677 1218 3731 divinitate

121 3776 232 3840 habere,
247 3774 298 3842 ipsi
312 3775 385 3826 hanc
400 3771 554 3833 veritatem,
571 3771 635 3824 licet
649 3770 790 3823 miraculis
803 3767 944 3822 historicis
963 3776 990 3820 et
1009 3766 1218 3819 rationabilibus

121 3861 291 3929 argumentis
306 3859 479 3926 firmissimis,
494 3858 596 3911 nostris
616 3857 688 3910 sicut
707 3856 761 3909 illis
781 3854 953 3923 temporibus
971 3854 1129 3921 probatam,
1146 3852 1218 3904 indo·

120 3950 189 4002 mita
202 3947 389 4001 obstinatione
403 3947 530 4015 rejiciunt
538 3947 560 3998 ''.
601 3945 641 3997 Cf.
658 3945 783 4005 Bossuei‚
801 3942 995 4010 Panegyrique
1009 3941 1044 3992 de
1059 3939 1090 3993 St
1103 3939 1207 3993 Andre.

155 4038 165 4068 ³
179 4036 218 4089 Cf.
234 4037 378 4103 Petavius,
395 4036 430 4088 de
445 4034 543 4087 Trinit.
560 4034 577 4085 l.
597 4034 645 4094 11;
665 4033 816 4097 Mammas,
834 4047 878 4099 op.
895 4030 950 4094 cit,
964 4030 979 4081 l.
997 4029 1037 4080 IV
1039 4029 1076 4080 -V
1083 4048 1088 4091 ;
1104 4029 1220 4090 Burton,

121 4123 308 4176 Testirnonies
331 4124 362 4175 of
384 4123 430 4176 the
454 4111 651 4175 Ante-Nicone
676 4121 804 4182 Fathers;
834 4117 1011 4178 Ginouliziac,
1039 4116 1166 4170 Histoire
1187 4114 1219 4166 du

121 4213 223 4279 dogrne
236 4211 402 4279 catholique,
416 4212 432 4263 1.
448 4210 557 4274 VII·X;
573 4209 718 4276 Stentrup,
732 4209 770 4259 th.
786 4220 810 4274 55
825 4206 943 4271 Liddon,
957 4221 999 4272 op.
1016 4203 1061 4258 cit.
1077 4202 1142 4258 leet.
1154 4204 1220 4265 V11;

123 4298 445 4369 Gore‚op.cit.lett.1V;
461 4298 618 4364 Monsabri,
628 4296 738 4350 Confer.
755 4292 1216 4360 1878,L’affumationchrerienne.
