2684 4634
119 166 184 217 436
578 165 718 217 CAPUT
736 166 761 216 Ι.

119 348 286 412 Christum
302 358 502 429 potestatem
519 348 640 411 habere
655 349 846 411 dimittendi
864 359 1016 429 peccata,
1027 370 1068 413 ac
1084 350 1207 431 proinde

118 473 189 515 esse
205 474 280 515 vere
297 454 417 529 Deum,
432 474 534 534 quum
551 454 593 514 de
610 450 699 516 ladio
722 453 811 515 solus
829 452 921 516 Deus
946 464 1092 536 peccata
1114 454 1208 516 dimit·

119 569 186 621 tere
201 559 313 639 possit.
362 559 432 620 Nec
447 558 546 638 objici
563 567 674 638 potest
689 578 765 621 eum
777 567 916 639 peccata
928 558 1105 621 dimittere
1115 557 1208 619 solum

118 661 329 723 ministeriali
332 671 497 746 potestate,
511 681 587 723 nam
601 660 691 723 nulla
707 659 744 723 fit
761 661 886 724 mentio
901 659 1004 742 hujus
1023 660 1208 724 ministeria·

118 764 156 826 lis
172 765 346 845 potestatis
369 765 437 826 sive
462 765 493 825 in
518 774 616 826 textu
633 765 702 826 sive
727 765 758 825 in
784 771 958 838 contextu,
974 766 1037 826 sed
1063 784 1081 826 e
1106 773 1207 825 contra

117 877 188 930 tum
202 877 362 929 contextus
376 876 447 929 tum
457 867 618 947 parallelo
633 867 700 928 loca
720 869 902 930 ostendunt
918 888 997 929 eum
1009 865 1151 948 proprid
1158 877 1204 947 po·

117 981 228 1034 testate
236 971 299 1033 hoc
314 970 444 1046 secisse;
471 991 547 1033 nam
562 971 682 1034 dicitur
700 971 747 1052 (4)
760 995 766 1034 :
789 976 804 1003 “
819 972 955 1035 Etcum
972 972 1115 1034 vidisset
1130 971 1204 1051 cogi·

117 1075 260 1138 tationes
276 1094 390 1136 eorum
402 1074 434 1150 ’';
458 1094 556 1154 porro
572 1074 679 1136 solum
692 1075 802 1136 Deum
819 1074 993 1137 hominum
1012 1075 1115 1137 corda
1129 1075 1203 1154 cogi·

117 1179 326 1257 rationesque
357 1197 557 1258 cognoscere
588 1187 660 1239 tota
685 1177 856 1260 Scriptura
879 1188 1025 1242 testatur
1035 1202 1043 1257 3
1084 1180 1203 1258 insuper

118 1302 220 1364 quum
238 1281 363 1344 Scribae
380 1291 534 1361 putarent
550 1291 584 1344 et
596 1281 703 1344 solum
714 1283 824 1344 Deum
841 1303 939 1364 posse
949 1294 1092 1365 peccata
1107 1283 1201 1346 remit-

118 1396 195 1460 tere,
215 1394 248 1446 et
265 1384 431 1472 Christum
450 1386 559 1448 Deum
577 1406 644 1448 non
661 1407 742 1462 esse,
759 1386 909 1450 Christus
933 1407 990 1448 eos
1017 1388 1201 1468 redarguere

117 1489 232 1552 volens
250 1488 369 1569 probat
392 1509 427 1550 se
445 1489 554 1550 Deum
579 1509 661 1564 esse,
677 1499 719 1564 et,
736 1490 1103 1566 uthominem-Deum,
1119 1507 1201 1570 posse

119 1603 255 1676 peccata
271 1592 446 1655 remittere.
480 1592 704 1656 Confirmatur
719 1614 763 1655 ex
781 1593 1072 1674 locisparallclzr1‚
1085 1614 1129 1655 ex
1144 1591 1201 1672 qui·

118 1698 179 1760 bus
195 1696 359 1777 colligitur
371 1697 479 1777 ipsum
496 1717 563 1758 non
580 1697 687 1759 solum
698 1707 835 1778 peccata
851 1697 1029 1772 dimittere,
1039 1699 1097 1759 sed
1115 1697 1201 1759 etiam

118 1802 203 1864 hanc
218 1809 418 1881 potestatem
436 1801 497 1864 sibi
514 1811 583 1863 tam
603 1802 771 1882 propriam
794 1821 866 1863 esse
889 1810 925 1863 ut
948 1802 1105 1863 eamdem
1122 1801 1202 1880 Apo-

118 1904 212 1967 stolis
227 1904 459 1966 communicet.

161 2051 210 2119 55.
256 2040 420 2102 Notanda.
467 2040 517 2122 (a)
534 2041 612 2103 Duo
628 2051 824 2122 argumenta
847 2061 946 2122 supra
969 2041 1051 2106 data
1070 2041 1114 2103 ad
1135 2040 1204 2104 divi-

119 2146 258 2207 nitatem
277 2143 399 2206 Christi
427 2144 644 2224 probandam,
661 2146 692 2206 in
718 2165 821 2208 unum
846 2144 964 2207 resolvi
984 2155 1128 2225 possunt
1152 2145 1206 2206 hoc

119 2247 220 2309 modo
238 2269 244 2307 :
270 2246 421 2308 Christus
435 2247 604 2310 multoties
626 2247 803 2310 affirmavit
817 2268 853 2310 se
868 2267 939 2310 esse
956 2248 1069 2310 Deum
1089 2272 1096 2310 ε
1124 2247 1207 2329 atqui

118 2351 290 2412 veritatem
307 2349 405 2430 hujus
422 2349 649 2412 affirmationis
666 2350 831 2413 miraculis
847 2351 1093 2415 demonstravit
1103 2373 1110 2429 ;
1137 2370 1208 2432 ergo

120 2453 270 2516 Christus
286 2472 361 2513 vere
378 2462 429 2515 est
447 2453 556 2530 Deus;
590 2455 651 2516 nisi
669 2454 757 2516 enim
779 2474 855 2516 vere
872 2454 964 2515 Deus
988 2463 1087 2529 esset,
1106 2456 1209 2516 Provi-

118 2558 232 2621 dentia
247 2577 307 2618 nos
330 2555 524 2638 decepisset,
540 2559 765 2638 permittendo
788 2558 1005 2637 impostorem
1028 2558 1143 2621 divina
1166 2559 1208 2620 uti

118 2660 268 2742 potentia
284 2661 325 2721 ad
342 2658 460 2722 salsum
478 2659 695 2735 suadendum,
712 2661 744 2722 in
762 2681 796 2723 re
818 2661 957 2722 maximi
984 2664 1149 2726 momenti
1171 2665 1208 2725 ad

119 2763 260 2826 salutem
276 2761 457 2843 spediante.
504 2763 554 2844 (b)
574 2765 713 2845 lnsuper
728 2774 961 2845 argumentum
985 2785 1029 2826 ex
1048 2766 1210 2829 miraculis

118 2868 331 2948 desumptum
349 2887 414 2928 non
431 2886 548 2947 parum
565 2867 737 2930 roboratur
753 2889 771 2930 e
786 2867 951 2930 vatr'cim'is
966 2867 1133 2932 aChristo
1148 2872 1210 2934 edi·

119 2973 170 3044 tis,
186 2991 226 3035 eo
243 2970 349 3051 magis
366 2971 453 3051 quia,
470 2971 496 3032 si
513 2970 726 3034 conferantur
748 2993 824 3034 cum
840 2973 917 3035 Vet
933 2973 1145 3037 Testamenti
1160 2998 1209 3037 va·

118 3074 249 3150 ticiniis,
265 3074 370 3136 multo
387 3074 526 3136 clariora
549 3095 587 3136 ac
611 3077 719 3156 magis
735 3075 958 3138 determinata
981 3079 1096 3140 statim
1114 3099 1209 3160 appa·

119 3187 229 3256 reant;
253 3178 310 3239 sed
327 3178 369 3239 de
382 3177 432 3239 his
442 3177 511 3256 jam
526 3178 557 3238 in
575 3177 671 3239 Tude
681 3178 765 3241 Verri
775 3178 944 3261 Religione
952 3179 1083 3260 egimus
1096 3202 1127 3244 n.
1148 3185 1208 3260 187.

161 3284 209 3363 56,
257 3280 480 3343 Difficultates
506 3292 620 3343 contra
647 3283 878 3345 miraculorum
904 3283 1160 3364 possibilitatem
1180 3297 1209 3348 et

119 3385 303 3447 realitatem
315 3384 385 3465 jam
402 3384 520 3447 solutae
537 3395 614 3447 sunt
631 3386 662 3447 in
685 3385 739 3448 Tr.
755 3385 794 3447 de
812 3385 895 3448 Verd
911 3386 1016 3468 Relzgr.
1036 3385 1085 3474 (n.
1099 3406 1139 3468 72
1156 3412 1207 3471 sq,

123 3490 182 3567 176
198 3488 257 3570 sq.)

144 3622 231 3698 Art.
252 3621 323 3698 IV.
346 3620 548 3698 Divinitas
568 3621 719 3698 Christi
740 3621 930 3722 probatur
947 3649 998 3699 ex
1016 3625 1188 3724 Aposto-

231 3738 364 3814 lorum
381 3758 420 3815 et
441 3739 789 3836 Evangelistarum
808 3740 1116 3839 praedicatione.²

159 3903 209 3972 57.
256 3891 312 3952 Ex
328 3889 426 3954 dietis
442 3891 594 3955 Christus
609 3913 645 3954 se
656 3893 766 3954 Deum
783 3913 857 3955 esse
870 3892 1055 3974 affirmavit
1068 3903 1102 3958 et
1114 3896 1209 3958 mira-

115 3995 196 4056 culis
210 3995 370 4076 probavit.
416 3994 505 4076 Quia
520 4015 598 4058 vero
616 3996 759 4059 Unitarii
776 4005 810 4058 et
824 3996 1057 4060 Rationalistae
1073 4010 1205 4063 conten-

150 4193 235 4248 ¹l.u‹·.
255 4193 320 4257 l'll,
339 4193 385 4259 48:
399 4193 465 4264 Juu.
479 4194 546 4249 XX,
559 4209 601 4260 23·

140 4276 201 4340 Ὃ.
219 4284 359 4352 l’cmurc,
373 4300 420 4355 op.
436 4281 485 4338 cir.
499 4281 520 4336 l.
535 4281 613 4348 ll,c
630 4294 725 4344 troo,
743 4275 1046 4340 Dromonem&
1057 4283 1118 4344 φ,
1131 4283 1208 4342 Gore,
