2684 4634
410 171 468 221 DE
482 171 665 224 onmem
681 172 809 222 arnt-21.
1116 173 1160 225 8⁷

54 354 231 416 elementa
253 362 289 414 et
318 351 498 415 efficaciam
527 355 659 436 aliaque
684 356 896 436 hujusmodi?
930 357 1160 419 Protestantes

53 459 213 540 plerique
240 457 305 518 hoc
334 458 519 538 legitimum
550 459 659 533 luisse,
690 460 758 520 imo
788 461 1009 522 necessarium
1042 460 1159 541 primis

52 561 227 624 Ecclesiae
242 560 448 639 temporibus
471 560 611 623 libenter
633 561 788 635 latentur,
803 580 871 642 quo
894 562 1012 623 melius
1034 581 1159 624 errores

52 665 266 736 vitarentur;
287 663 405 724 sivero
417 663 568 725 Ecclesia
579 665 680 726 talem
694 664 846 726 habuerit
859 673 1059 745 potestatem
1073 665 1158 746 prio

51 768 146 831 ribus
163 764 310 838 saeculis,
325 787 382 827 cur
396 768 548 829 eamdem
566 769 706 830 retinere
729 788 795 830 non
819 770 926 850 potuit
948 780 982 830 et
1004 789 1159 830 exercere

51 871 324 954 posterioribus?
346 870 517 952 Numquid
536 871 679 954 Spiritus
695 872 739 947 S„
756 892 858 954 aquo
874 881 953 935 tunc
971 873 1159 935 illuminata

52 976 176 1049 luerat,
186 994 265 1035 earn
276 974 385 1035 subito
394 975 538 1037 deseruit
548 987 664 1037 contra
674 975 850 1038 manifesta
861 975 983 1039 Christi
996 977 1159 1058 promissa

53 1081 109 1161 qui
130 1077 314 1159 Apostolis
329 1096 509 1157 eorumque
525 1079 769 1140 successoribus
784 1079 938 1140 dixerat:
962 1086 978 1109 ‘⁸
993 1079 1081 1141 Ecce
1096 1099 1159 1160 ego

53 1183 234 1244 vobiscum
251 1201 324 1242 sum
340 1181 494 1243 omnibus
509 1182 626 1244 diebus
642 1202 746 1263 usque
768 1182 810 1244 ad
832 1184 1157 1246 consummationem

55 1285 236 1348 saeculi''¹?

96 1423 148 1486 88.
201 1424 291 1484 Hinc
306 1424 369 1484 tria
383 1422 485 1486 veluti
507 1424 615 1484 stadia
638 1425 670 1485 in
695 1425 937 1506 praecipuorum
960 1425 1156 1505 dogmatum

56 1526 288 1609 explicatione
310 1525 512 1606 distinguere
535 1526 610 1588 licet
624 1551 631 1587 :
647 1528 805 1606 primum,
828 1528 970 1608 quando
995 1528 1084 1589 nulla
1107 1549 1156 1590 ur·

57 1641 160 1711 gente
184 1630 417 1702 controversia,
440 1631 560 1690 veritas
584 1628 742 1710 implicite
765 1630 871 1692 solum
897 1640 1037 1719 tenetur
1050 1631 1101 1692 vel
1126 1633 1157 1693 in

57 1732 225 1814 principio
241 1730 476 1804 universaliori‚
492 1731 543 1793 vel
562 1732 593 1792 in
610 1753 671 1794 usu
695 1742 728 1795 et
751 1734 847 1814 praxi
872 1735 979 1814 magis
1001 1753 1101 1813 quarn
1126 1734 1157 1794 in

58 1834 220 1900 distincta
250 1837 500 1916 praedicatione;
533 1836 712 1912 secundum,
735 1838 870 1918 quando
893 1835 1052 1900 dostrinae
1076 1858 1158 1918 pun·

57 1941 149 2005 &um
174 1941 315 2003 obscure
338 1942 389 2002 vel
413 1940 572 2022 implicite
595 1949 693 2002 antea
717 1942 924 2022 propositum
950 1962 969 2002 a
992 1941 1158 2003 nonnullis

59 2048 285 2126 impugnatur,
303 2045 348 2106 ita
364 2053 401 2106 ut
417 2064 475 2124 per
490 2043 624 2124 aliquod
643 2053 775 2125 tempus
790 2045 911 2107 veritas
928 2046 1021 2125 apud
1034 2044 1159 2107 multos

58 2149 232 2210 obscurior
248 2145 320 2226 fiat;
344 2147 484 2221 tertium,
500 2147 642 2226 quanda
659 2147 872 2227 inquisitione
889 2144 984 2221 lacta,
1001 2146 1063 2209 sub
1079 2147 1157 2209 assi-

58 2252 185 2314 stentia
209 2249 353 2330 Spiritus
376 2249 418 2323 S„
442 2270 493 2311 res
516 2250 585 2311 sive
609 2249 748 2311 solemni
762 2250 888 2329 judicio
905 2250 973 2312 sive
989 2253 1157 2314 communi

59 2354 221 2417 Ecclesiae
251 2373 348 2415 sensu
380 2353 412 2413 in
445 2351 654 2415 manifestam
687 2353 957 2434 praedicationem
982 2355 1100 2417 transit
1125 2366 1158 2417 et

58 2457 215 2518 omnibus
232 2456 396 2517 credenda
411 2455 611 2537 proponitur.

98 2607 146 2685 89.
194 2605 271 2666 leat.
283 2603 370 2667 llzeol.
417 2603 512 2666 Licet
524 2605 608 2665 ratio
621 2603 739 2665 thesim
754 2601 938 2683 apodictico
951 2603 1157 2668 demonstra·

60 2730 91 2770 re
106 2729 173 2770 non
192 2707 311 2782 valeat,
327 2716 522 2788 argumenta
538 2707 664 2788 praebet
686 2707 804 2787 quibus
828 2706 947 2788 aliquis
966 2728 1157 2788 progressus

10 2872 13 2899 ι
59 2809 323 2891 probabilissime
347 2807 532 2890 exspectari
556 2809 681 2889 possit:
714 2804 770 2893 (a)
796 2806 947 2870 doctrina
971 2809 1158 2886 christiana,

58 2913 210 2995 quamvis
226 2913 269 2974 sit
281 2933 301 2974 a
314 2913 388 2974 Deo
401 2911 553 2986 revelata,
567 2912 670 2973 menti
684 2920 806 2973 nostrae
818 2911 995 2974 exhibetur
1008 2921 1044 2975 ut
1051 2914 1157 2992 fallo·

58 3039 128 3078 rum
146 3025 182 3078 et
190 3015 427 3095 principiorum
445 3015 544 3076 series
560 3024 594 3075 et
617 3015 857 3085 concatenatio
875 3034 949 3095 quae
971 3014 1157 3080 intellectus

57 3129 177 3195 noster,
193 3127 329 3199 propter
344 3119 491 3180 nativam
510 3117 746 3191 infirmitatem,
760 3137 826 3179 uno
843 3117 964 3180 intuitu
981 3117 1156 3199 complecti

55 3233 85 3286 et
94 3222 380 3304 comprehendere
393 3223 524 3302 nequit;
548 3242 587 3282 ea
597 3222 684 3281 enim
697 3229 748 3282 est
758 3220 895 3282 humani
907 3222 1028 3301 ingenii
1041 3232 1158 3284 natura

54 3338 87 3390 ut
103 3327 264 3390 veritates
281 3324 509 3406 apprehendat
526 3345 588 3385 non
605 3324 765 3397 intuz'tz'vc,
782 3324 839 3384 sed
858 3343 913 3384 eas
930 3324 1060 3403 analysi
1075 3325 1156 3386 divi·

51 3427 1156 3508 dend0,synthesicomponend0,conzparationibusetatzologr'zscon·

52 3533 216 3595 ferendo.2
248 3530 394 3592 Aliunde
406 3550 499 3591 mens
511 3531 663 3591 nostrain
676 3529 964 3591 hisceve'ritatibus
977 3530 1156 3611 percipien-

50 3638 102 3700 dis
120 3656 190 3698 non
207 3634 357 3696 sehabet
375 3654 463 3696 mere
480 3618 618 3714 passive,
631 3634 689 3694 sed
707 3633 776 3713 agri
793 3633 896 3695 instar
913 3633 987 3714 plus
1005 3634 1156 3696 minusve

85 3835 94 3858 ¹
109 3837 199 3888 Mart.
216 3834 357 3899 XXVIII,
372 3849 412 3886 20.
426 3863 461 3870 —
475 3831 559 3900 Quod
572 3843 767 3900 argumentum
781 3832 886 3900 optime
901 3841 986 3899 urget
1008 3831 1153 3886 Oxeulzam

51 3920 108 3991 (op.
129 3921 176 3974 cit.
194 3938 220 3989 p.
241 3920 283 3987 17)
297 3931 394 3974 contra
408 3919 594 3987 Anglican053
614 3918 635 3971 si
651 3918 827 3972 definitiones
843 3919 976 3971 Nicaenas
990 3928 1017 3971 et
1037 3919 1154 3972 Chalce-

49 4010 203 4074 dorenses,
223 4023 332 4060 necnon
353 3995 510 4073 symbolum
530 4006 754 4060 Athanasianum
775 4015 804 4058 ut
824 4006 888 4058 fidei
908 4023 1036 4057 normam
1057 4005 1154 4057 admit-

48 4102 121 4162 tunt,
139 4093 197 4162 qua
208 4092 317 4146 ratione
331 4093 467 4161 sequioris
481 4093 533 4145 aevi
548 4092 726 4146 definitiones
740 4090 884 4160 rejiciunt?

81 4184 92 4206 ²
106 4179 193 4248 Quod
206 4179 312 4248 optime
325 4178 448 4232 declarat
456 4180 489 4247 J.
508 4179 545 4230 H.
566 4180 711 4244 Newman,
726 4194 769 4245 op.
785 4178 842 4242 cit,
856 4177 1011 4246 praesertim
1032 4186 1101 4244 part.
1129 4178 1150 4238 1,

48 4285 73 4321 c·
92 4269 310 4336 ¹‚p-33sq-2c·
330 4283 411 4334 ιη·
429 4278 516 4334 sssq-
