2684 4620
65 189 121 240 DE
142 185 461 239 RELATIONIBUS
477 185 735 237 DIVINARUM
754 181 1064 234 PERSONARUM.
1100 179 1167 230 249

99 368 149 438 (C)
161 366 234 426 Una
247 365 367 439 Spiritui
381 365 419 437 S,
435 365 547 424 scilicet
559 364 682 436 spiratio
689 364 819 435 passiva,
835 380 888 422 seu
907 361 1033 435 simplex
1052 378 1168 434 proces·

62 454 108 512 sio
121 453 193 527 quia
206 454 331 527 Spiritus
344 453 471 527 spiratur
482 472 500 511 a
514 454 600 516 Patre
613 462 643 511 et
658 452 741 510 Filio.

99 593 156 646 14⁹
197 572 587 633 Draciibusnotr'onalibus‘.
628 572 699 630 Duo
707 570 868 629 suntacius
876 568 1167 628 notionalesinDeo.

61 663 186 721 Etenim
199 663 285 721 acius
298 660 473 732 notionales,
490 678 542 718 seu
553 659 735 737 personales,
752 658 792 715 illi
807 667 876 716 sunt
895 675 948 730 per
965 674 1042 729 quos
1061 655 1169 714 divinae

61 767 201 821 personae
214 749 420 822 producuntur
432 758 462 806 et
475 747 711 818 distinguuntur;
729 745 811 816 atqui
825 744 887 803 duo
896 753 965 802 sunt
975 743 1059 802 acius
1068 743 1168 813 hujus-

60 836 147 894 modi
161 836 274 894 scilicet
286 834 448 907 generatio,
461 833 521 905 qua
534 832 708 907 producitur
722 831 823 904 Filius,
838 841 868 890 et
881 829 1011 903 spirati0,
1027 831 1086 903 qua
1105 829 1168 902 Spi-

60 922 138 981 ritus
152 923 179 981 S.
195 922 380 996 producitur;
399 939 479 993 ergo.
777 930 779 935 '

366 1035 409 1125 '3⁰
425 1045 477 1108 De
490 1043 616 1109 divinis
631 1042 830 1106 Nominibus
836 1055 857 1106 ².

109 1170 177 1238 150.
224 1153 371 1217 Nomina
386 1153 572 1218 divinarum
589 1173 804 1237 personarum
822 1153 963 1236 duplicis
980 1163 1057 1218 sunt
1070 1173 1168 1236 gene·

61 1256 107 1319 ris
116 1279 124 1334 ;
149 1256 214 1319 alia
230 1269 307 1321 sunt
315 1258 453 1339 propria
469 1277 525 1321 seu
543 1256 734 1332 notionalia‚
746 1277 822 1338 quae
839 1257 885 1320 ita
897 1257 1099 1321 conveniunt
1111 1258 1168 1321 uni

61 1381 218 1442 personae
241 1370 278 1425 ut
300 1363 342 1426 de
365 1362 430 1425 alia
452 1359 624 1444 praedicari
649 1367 816 1440 nequeant
824 1379 832 1436 ;
869 1358 933 1421 alia
956 1367 1068 1422 autem
1092 1370 1169 1422 sunt

61 1465 281 1545 appropriata,
297 1485 373 1546 quae
388 1484 433 1527 ex
449 1485 485 1527 se
501 1463 606 1528 tribus
622 1463 771 1544 personis
795 1470 872 1525 sunt
895 1463 1094 1539 communia,
1111 1463 1167 1526 sed
1211 1457 1214 1461 ’

62 1568 123 1629 uni
140 1576 253 1630 tamen
270 1588 421 1650 personae
437 1588 506 1650 prae
522 1567 594 1630 aliis
617 1564 816 1640 tribuuntur,
832 1573 969 1647 propter
992 1564 1169 1646 specialem

62 1670 261 1734 relationem
286 1691 361 1734 cum
378 1670 568 1735 nominibus
586 1669 734 1752 propriis.
780 1667 967 1749 Cujuslibet
984 1669 1082 1750 igitur
1098 1689 1169 1750 per·

64 1794 161 1837 sonae
178 1773 321 1837 breviter
337 1774 561 1838 describemus
577 1783 649 1837 tum
666 1771 802 1834 nomina
818 1772 960 1855 propria,
976 1780 1048 1835 tum
1065 1772 1170 1834 nomi·

63 1897 109 1938 na
125 1876 349 1957 appropriata.

110 2008 177 2076 151.
223 1995 369 2060 Nomina
377 1996 497 2078 prima
503 2007 656 2077 personae.
702 1994 761 2077 (A)
773 1995 938 2077 Propria:
961 1994 1012 2077 (a)
1024 1996 1171 2060 Vocatur

55 2098 209 2182 primum
218 2099 419 2181 prz'ncr'pium
436 2099 572 2163 relative
588 2099 630 2161 ad
647 2098 731 2160 duas
748 2098 830 2165 alias
847 2117 1006 2180 personas
1022 2119 1080 2161 seu
1097 2098 1170 2161 lons

63 2188 170 2265 totius
186 2202 370 2279 Trinitatis,
386 2202 464 2284 quia
480 2201 523 2265 ab
539 2202 595 2266 illa
606 2202 791 2285 procedunt
806 2201 909 2265 Filius
922 2211 956 2266 et
969 2202 1111 2284 Spiritus
1125 2203 1170 2281 S.;

62 2305 186 2369 dicitur
201 2315 314 2368 autem
339 2306 547 2388 principium,
564 2325 630 2368 non
654 2325 754 2368 causa
778 2304 829 2367 vel
853 2301 969 2368 audior
994 2305 1077 2382 Filii,
1093 2306 1170 2387 quia

63 2408 131 2470 illae
146 2428 245 2472 voces
261 2409 294 2471 in
312 2409 424 2491 lingua
437 2409 540 2473 latina
553 2410 736 2492 important
749 2409 781 2471 in
795 2419 931 2474 causato
944 2409 1168 2473 diversitatem

63 2520 98 2575 et
114 2511 375 2594 dependentiam
400 2521 553 2576 naturaes.
600 2512 651 2596 (b)
666 2512 845 2593 ingenitus,
862 2512 1076 2588 innascibilis,
1092 2514 1170 2594 quia

63 2635 84 2675 a
99 2613 194 2677 nullo
210 2614 369 2696 procedit.
417 2610 465 2699 lc)
484 2615 597 2692 Pater,
612 2618 691 2698 quia
706 2626 844 2699 generat
861 2618 888 2680 F
890 2617 1014 2694 ilium4;
1038 2627 1072 2680 et
1088 2638 1170 2681 sane

62 2717 248 2799 paternitas
271 2717 305 2779 in
330 2717 404 2781 Deo
428 2716 604 2800 perfectior
626 2731 677 2784 est
700 2742 800 2803 quam
824 2722 858 2784 in
883 2721 1050 2797 creaturis,
1066 2742 1169 2803 quum

62 2822 159 2884 Deus
175 2821 218 2883 sit
235 2821 335 2884 Pater
351 2821 476 2903 absque
493 2822 561 2886 ullo
577 2827 745 2889 consortio
762 2834 921 2889 maternae
946 2826 1169 2889 subministra·

98 2984 107 3008 ¹
129 2977 172 3032 Cf.
194 2979 225 3032 S.
248 2977 299 3032 Th.
319 2996 346 3049 q.
368 2995 400 3047 41
407 3000 415 3046 ;
435 2982 553 3049 Suares,
572 2984 589 3036 l.
610 2985 661 3051 VI,
680 3001 703 3038 c.
724 3000 782 3053 3·4;
802 2986 945 3040 Salmant.
968 2987 1125 3041 Comment.
1141 2986 1169 3040 in

60 3083 88 3137 q.
106 3081 153 3133 41;
173 3065 384 3136 Billuart,1.c.

96 3155 165 3208 ²Cf.
183 3155 212 3209 S.
230 3155 280 3210 ΤΙι.
297 3157 319 3222 1,
333 3173 360 3226 q.
377 3156 470 3225 33-383
490 3156 608 3220 Suarer,
624 3158 642 3210 l.
656 3159 767 3225 IX·XI;
786 3160 927 3228 Billuart,
935 3160 1003 3215 diss.
1015 3161 1053 3227 V;
1072 3161 1169 3229 Knoll,

62 3238 76 3308 ξ
94 3254 224 3307 117-119;
243 3242 357 3296 Solesm.
372 3259 398 3311 p.
419 3256 467 3308 147
482 3259 523 3312 sq.

98 3327 110 3360 ³
124 3328 237 3383 “Unde
248 3329 303 3383 hoc
316 3346 419 3384 nomen
432 3346 517 3389 causa
529 3330 639 3386 videtur
652 3331 804 3402 importare
821 3333 1013 3388 diversitatem
1033 3334 1164 3388 substan·

61 3414 119 3482 tiae,
132 3425 161 3470 et
180 3416 401 3486 dependentiam
420 3417 537 3487 alicujus
556 3419 593 3472 ab
611 3419 708 3487 altero,
731 3436 816 3489 quam
835 3437 892 3474 non
912 3421 1044 3490 importat
1064 3437 1167 3475 nomen

54 3504 207 3573 principii.
249 3505 281 3556 In
295 3503 427 3558 omnibus
440 3505 516 3558 enim
530 3522 623 3559 causae
633 3506 783 3574 generibus
794 3522 904 3576 semper
913 3507 1054 3561 invenitur
1063 3507 1169 3562 distan-

60 3589 100 3644 tia
114 3591 188 3645 inter
200 3606 317 3645 causam
330 3600 357 3645 et
370 3590 399 3645 id
413 3591 492 3662 cujus
505 3603 548 3646 est
562 3609 656 3661 causa,
673 3593 828 3647 secundum
837 3594 965 3663 aliquam
979 3594 1110 3648 virtutem
1123 3605 1170 3648 aut

60 3677 273 3748 perletlionem.
313 3679 370 3733 Sed
383 3679 498 3733 nomine
511 3678 642 3750 principii
657 3680 760 3734 utimur
773 3681 860 3735 etiam
875 3681 903 3734 in
916 3681 961 3734 his
980 3698 1044 3751 quae
1063 3683 1170 3735 nullam

60 3764 223 3833 hujusmodi
231 3763 420 3820 differentiam
428 3765 542 3833 habent,
549 3766 600 3820 sed
609 3767 699 3820 solum
709 3768 864 3822 secundum
872 3768 1025 3838 quemdam
1034 3767 1168 3824 ordinem.

61 3852 140 3906 Sicut
153 3867 219 3905 cum
232 3851 352 3906 dicimus
365 3850 501 3920 punt'tum
515 3869 578 3907 esse
592 3853 761 3924 principium
772 3855 904 3909 lineae...'’
918 3852 1168 3925 (S.Th.q.33,a.1.)

60 3939 255 3994 “Notandum
274 3949 325 4008 est,
349 3939 389 3994 ait
407 3938 491 3994 Card.
512 3942 665 3995 Bessarion
684 3943 765 4010 (sess.
783 3943 866 3995 XXV
881 3942 913 3996 C.
929 3942 1076 4008 Flnrrnt),
1093 3943 1169 4012 quod

60 4029 111 4083 SS.
127 4026 268 4082 Doctores
281 4028 432 4082 orientales
446 4028 532 4083 etiam
546 4029 574 4081 in
585 4027 688 4082 divinis
699 4040 813 4083 utantur
821 4029 935 4083 nomine
944 4046 1038 4083 causae
1047 4040 1094 4083 aut
1105 4046 1168 4083 cau·

58 4117 114 4172 sati
126 4117 209 4186 largo
222 4117 316 4185 modo,
334 4133 391 4171 non
405 4117 520 4187 quidem
533 4127 563 4173 ut
577 4117 776 4172 limitationem
789 4128 816 4172 et
830 4118 1053 4187 dependentiam
1067 4118 1168 4189 impor-

58 4213 110 4268 tat,
126 4203 178 4258 sed
192 4214 274 4273 prout
288 4202 503 4274 produtlionem
517 4214 545 4259 et
558 4205 770 4263 emanationem
783 4224 801 4263 a
813 4205 955 4280 principio
968 4205 1145 4278 signinae.

93 4289 145 4343 ⁴5.
164 4290 257 4343 staur.
274 4291 295 4356 1,
309 4306 334 4358 q.
348 4303 391 4357 33.
