2684 4634
447 123 503 173 DE
522 123 632 174 ACTU
651 123 779 172 FIDEI.
1043 81 1045 84 >
1116 121 1161 172 55

10 200 14 255 i

52 305 289 386 sicutoportet
299 304 340 367 ad
351 304 908 387 salutemconsequendam,absque
919 303 1161 367 illuminatione

10 397 12 404 ¹
53 418 86 471 et
104 410 328 489 inspiratione
346 409 488 489 Spiritus
507 411 556 473 S.”
602 411 738 491 (Supra,
755 431 784 472 n.
802 406 846 494 3.)

10 546 14 627 Ι
52 512 85 590 (c
67 512 201 591 c.)Rat
218 513 307 575 tlzeol.
355 512 471 575 Gratia
487 511 626 576 adtualis
643 514 827 575 necessaria
843 522 894 575 est
916 513 958 575 ad
979 511 1161 592 quemlibet

10 613 171 678 ¹abtum
190 636 267 677 vere
283 625 440 696 supernat
427 617 578 692 turalem,
594 617 742 678 maxime
758 636 835 678 vero
851 617 893 678 ad
910 613 1021 678 atrum
1046 614 1160 676 diffici-

10 682 13 793 i
54 719 121 780 lem
139 729 176 781 et
194 719 404 800 passionibus
420 722 620 801 oppositum,
636 729 672 781 ut
688 719 806 799 probat
809 738 846 780 ur
862 718 893 778 in
913 718 943 778 T
941 740 964 778 r
975 718 1015 779 de
1027 715 1161 790 Cratini

10 824 12 839 ²
54 823 150 902 atqui
169 819 265 884 attus
279 821 353 884 fidei
367 831 417 884 est
428 843 504 884 vere
516 820 783 903 supernaturalis,
794 840 898 901 quum
910 821 953 882 sit
965 820 1160 882 fundamen-

55 932 128 985 tum
146 926 301 986 omnium
317 925 502 986 mediorum
519 925 639 1006 quibus
656 925 698 987 ad
715 923 815 986 finem
833 933 982 986 nostrum
1006 944 1160 1005 superna-

56 1028 202 1089 turalem
219 1029 420 1104 ordinamur,
433 1037 466 1090 et
478 1028 665 1110 praelibatio
675 1028 810 1090 visionis
820 1027 981 1091 beatificae
992 1047 1067 1108 quae
1077 1028 1161 1089 vires

57 1140 191 1191 naturae
207 1129 383 1210 cujuslibet
399 1132 549 1208 excedit3
573 1132 707 1194 aliunde
722 1141 773 1194 est
789 1131 882 1196 aetus
898 1132 995 1195 valde
1011 1131 1161 1208 difficilis,

58 1253 163 1312 quum
183 1235 340 1315 importet
356 1234 543 1301 intelleerus
570 1244 603 1297 et
626 1235 806 1298 voluntatis
830 1236 965 1317 plenum
989 1256 1161 1297 assensum

57 1338 257 1400 veritatibus
273 1349 408 1420 captum
424 1340 568 1402 hominis
584 1338 826 1420 superantibus
842 1339 983 1419 ideoque
999 1337 1161 1418 superbiae

59 1449 260 1520 opponatur,
284 1451 317 1503 et
341 1444 474 1525 insuper
497 1439 659 1523 practices
683 1440 910 1503 conclusiones
942 1440 1096 1516 involvat,
1119 1462 1161 1504 sc.

59 1544 135 1605 vitae
154 1545 407 1608 innovationem
425 1547 652 1626 virtutumque
668 1544 810 1626 praxim,
827 1564 902 1624 quae
918 1543 1072 1606 humanis
1088 1564 1161 1625 pas·

60 1647 211 1708 sionibus
229 1650 378 1711 maxime
394 1651 628 1726 adversantur;
653 1668 732 1729 ergo
749 1648 788 1709 ad
807 1646 919 1711 aetum
936 1646 1012 1710 fidei
1029 1647 1162 1728 requiri·

61 1759 112 1812 tur
126 1752 238 1830 gratia
253 1753 322 1814 sive
338 1753 591 1819 illuminationis
607 1773 666 1834 pro
679 1748 848 1813 intellettu
859 1751 927 1812 sive
938 1751 1162 1831 inspirationis

61 1873 118 1932 pro
136 1853 333 1917 voluntate1

104 2021 171 2088 117.
220 2013 275 2074 Ex
290 2034 357 2094 quo
372 2015 520 2094 sequitur
536 2012 636 2075 fidem
647 2034 718 2075 esse
728 2012 847 2074 donum
860 2010 1064 2091 Det'speciale
1072 2011 1161 2091 quod

59 2116 212 2177 oratione
228 2117 390 2179 instanter
405 2118 566 2200 postulari
583 2117 691 2192 debet,
707 2137 809 2197 quum
827 2115 933 2176 oratio
949 2114 991 2177 sit
1015 2114 1161 2176 medium

59 2221 266 2282 ordinarium
282 2241 349 2300 quo
365 2223 474 2303 gratia
490 2222 632 2284 obtineri
649 2220 766 2296 valeat,
779 2218 881 2299 juxta
898 2217 978 2280 illud
995 2239 1001 2280 :
1028 2219 1163 2281 “Petite

58 2332 91 2384 et
106 2322 245 2386 dabitur
260 2325 368 2406 vobis;
392 2328 525 2406 quaerite
541 2333 574 2387 et
590 2325 764 2386 invenietis
773 2348 780 2403 ;
807 2322 937 2403 pulsate
953 2331 986 2384 et
1000 2323 1163 2403 aperietur

58 2426 202 2489 vobis'’²
248 2426 336 2508 Quia
352 2450 430 2490 vero
448 2430 542 2491 Deus
559 2438 707 2491 nostram
724 2427 995 2508 cooperationem
1014 2427 1160 2507 requirit,

58 2528 230 2592 nonnullae
247 2530 478 2613 dispositiones
494 2553 539 2595 ex
555 2543 649 2615 parte
662 2533 765 2595 nostri
778 2532 1017 2606 desiderantur,
1028 2551 1162 2612 praeser-
1235 2514 1237 2519 ¹

91 2724 100 2754 ¹
115 2729 203 2797 Quod
216 2730 328 2799 egregie
341 2732 467 2786 declarat
473 2733 504 2800 J.
520 2733 558 2785 H.
573 2733 725 2797 Newman,
740 2731 908 2784 Discourses
922 2740 951 2782 to
971 2727 1071 2782 Mixed
1091 2730 1163 2781 Con-

56 2818 230 2884 gregations,
247 2819 297 2886 XI,
320 2837 347 2889 p.
364 2835 416 2886 224
435 2820 478 2874 ed.
502 2820 588 2872 1886:
611 2820 727 2872 “Fides
747 2828 790 2872 est
809 2819 916 2871 donum
936 2817 999 2883 Dei,
1022 2833 1078 2868 non
1097 2833 1163 2869 vero

57 2902 140 2957 actus
153 2904 243 2957 solius
257 2905 367 2960 virtutis
380 2907 513 2959 humanae
526 2922 611 2975 quem
624 2922 675 2957 nos
695 2922 745 2973 pro
765 2904 854 2957 lubitu
874 2919 978 2972 ponere
997 2919 1148 2970 possumus
1155 2919 1163 2971 3

57 3003 84 3046 et
96 2992 216 3045 omnino
229 2993 266 3045 ab
279 2992 344 3047 atlu
358 2993 474 3048 rationis
488 2992 631 3057 distinete,
644 2993 709 3046 licet
718 2992 780 3044 haec
791 2991 868 3042 illam
879 2989 1038 3058 praecedere
1049 2989 1160 3042 debeat.

57 3079 122 3131 Vim
137 3078 256 3147 alicujus
269 3082 428 3148 argumenti
442 3081 567 3134 divinam
576 3079 714 3133 Ecclesiae
725 3077 861 3144 originem
871 3075 1017 3145 probantis
1028 3075 1163 3143 experior,

57 3166 196 3219 credendi
210 3169 410 3222 necessitatem
423 3167 564 3237 profiteor,
581 3177 608 3221 et
622 3166 681 3218 fieri
695 3164 876 3217 nihilominus
889 3172 981 3231 potest
1001 3174 1030 3216 ut
1050 3164 1165 3216 credere

55 3270 110 3306 non
134 3254 253 3307 valeam.
293 3255 379 3308 Fides
401 3273 458 3308 non
478 3265 521 3309 est
541 3264 652 3309 tantum
677 3252 793 3306 rationis
819 3251 968 3317 convidtio,
992 3250 1043 3303 sed
1068 3251 1164 3303 firmus

56 3354 202 3405 assensuS,
219 3337 357 3391 certitudo
378 3339 454 3392 clara
475 3339 552 3392 omni
577 3336 744 3392 certitudine
767 3335 953 3403 praestantior.
993 3333 1164 3402 Hujusmodi

55 3437 193 3476 assensus
210 3438 228 3473 a
244 3421 335 3488 gratia
348 3421 452 3491 divina,
468 3434 496 3477 et
515 3423 551 3476 ab
571 3423 605 3476 eat
624 3431 733 3474 tantum
750 3432 901 3489 generatur
919 3421 947 3472 in
967 3420 1056 3473 nobis.
1095 3419 1164 3472 Dari

55 3518 149 3576 potest
163 3507 304 3561 convidlio
318 3509 386 3578 quin
399 3507 474 3561 auio
488 3509 541 3579 ipsi
556 3509 734 3576 respondeat,
752 3509 791 3560 ita
803 3508 908 3576 pariter
920 3508 981 3560 dari
992 3517 1085 3575 potest
1098 3524 1163 3559 con·

55 3593 140 3649 vieno
162 3594 232 3663 quin
253 3595 323 3648 fides
342 3612 407 3650 eam
425 3595 553 3663 excipiat.
595 3597 715 3650 Paucis:
734 3595 878 3663 religionis
897 3595 1003 3649 motiva
1022 3594 1165 3647 neminem

54 3682 90 3735 ad
104 3680 290 3744 credendum,
307 3682 379 3735 sicut
392 3681 512 3735 moralia
525 3683 631 3737 motiva
646 3682 789 3736 neminem
799 3682 836 3734 ad
847 3681 1038 3735 obedientiam
1049 3690 1161 3748 cogunt.

55 3769 148 3824 Nemo
163 3767 219 3821 nisi
233 3769 330 3822 volens
343 3768 450 3837 obedit,
464 3787 548 3823 nemo
562 3770 617 3822 nisi
633 3770 730 3824 volens
744 3769 841 3823 credit.
883 3770 1036 3821 Possumus
1050 3769 1164 3836 quidem

54 3855 81 3909 in
100 3855 169 3909 fidei
189 3856 309 3909 materia
328 3857 372 3910 vel
391 3855 561 3910 obedientiae
581 3855 650 3925 quid
669 3857 776 3908 bonum
795 3855 830 3907 sit
849 3855 1031 3925 perpendere,
1048 3854 1164 3907 minime

54 3961 119 3997 vero
132 3943 208 3998 velle
222 3943 282 3996 sine
303 3944 357 3996 Dei
378 3944 543 4012 gratia.’'-
563 3944 604 3998 Cf.
630 3945 672 3997 W.
699 3944 795 4010 Ward,
815 3944 877 3996 The
897 3942 978 3995 Wish
997 3952 1026 3995 to
1044 3942 1164 4006 believe;

53 4031 171 4094 Dubois,
186 4031 229 4082 La
242 4029 350 4083 Raison
364 4031 448 4085 suffit·
451 4029 507 4085 elle
518 4048 589 4100 pour
601 4032 670 4087 aller
682 4031 700 4084 a
713 4032 741 4084 la
755 4031 823 4084 Foii
842 4031 871 4083 in
890 4029 1034 4099 periodico
1053 4031 1165 4083 Science

55 4118 232 4185 camelique,
244 4116 311 4170 aout
326 4118 401 4187 1895,
414 4135 440 4186 p.
455 4119 513 4171 811
521 4135 563 4188 sq.

87 4205 202 4258 2.Matr
217 4204 275 4256 Vll
278 4216 324 4272 ,7.
