2684 4634
531 171 587 223 1)ss
606 172 791 226 HOMiNE.
1142 180 1210 232 ⁴0³

114 280 202 292 —u

107 350 252 431 gratiam
277 350 549 432 sanctificantem,
570 356 632 420 hoc
649 357 737 421 Adae
758 359 970 423 tribuendum
987 370 1047 437 est,
1067 340 1123 444 qui
1142 383 1208 426 non

106 456 254 519 servavit
275 458 512 535 conditionem,
528 461 590 524 sub
610 464 677 543 qua
703 461 780 526 talis
801 464 909 546 gratia
932 467 1211 531 communicanda

107 567 189 621 erat.
1069 573 1072 579 '

152 674 191 724 20
208 662 327 744 Neque
339 685 383 727 ex
393 676 491 747 parte
498 679 677 759 parentum
694 693 706 732 .·
728 679 883 752 parentes
899 672 998 748 enim,
1014 674 1093 735 dum
1111 693 1210 754 gene-

107 774 184 829 rant
201 786 331 847 pueros,
347 789 431 850 opus
446 791 488 832 ex
502 791 537 832 se
553 770 678 834 bonum
697 771 831 849 iaciunt,
843 783 877 836 et
893 774 920 836 si
931 775 1059 855 parvuli
1076 776 1119 838 ab
1132 778 1211 858 ipsis

106 971 191 1036 illud
215 995 283 1037 non
306 976 489 1040 intenditur
511 998 532 1040 a
554 979 756 1059 parentibus
772 979 830 1042 sed
847 999 907 1060 per
929 981 1083 1043 accidens
1099 985 1210 1047 evenit

107 1094 175 1138 non
193 1097 238 1140 ex
255 1078 411 1160 ipsorum,
426 1081 484 1144 sed
500 1101 545 1143 ex
562 1081 687 1145 Adami
704 1081 817 1164 culpa;
845 1084 947 1164 atqui,
964 1094 1001 1146 ut
1017 1094 1150 1148 constat
1166 1106 1209 1148 ex

112 1181 143 1242 T
140 1183 271 1244 radiata
287 1183 325 1246 de
338 1184 478 1249 Altibus
497 1186 659 1261 humanas,
677 1187 754 1249 licet
775 1207 900 1269 ponere
924 1185 1089 1251 aetionem
1113 1210 1157 1253 ex
1174 1211 1209 1253 se

108 1282 244 1362 bonam,
259 1287 301 1349 ad
318 1284 472 1351 effectum
489 1287 613 1351 bonurn
627 1289 889 1370 producendum,
899 1291 960 1352 etsi
977 1311 1021 1353 ex
1038 1296 1076 1354 ea
1093 1313 1208 1373 sequa-

107 1395 160 1451 tur
172 1409 234 1470 per
246 1392 399 1455 accidens
409 1391 493 1454 alius
505 1389 643 1455 effestus
654 1392 777 1469 malus;
793 1413 874 1475 ergo
887 1403 1041 1475 parentes
1054 1416 1120 1458 non
1134 1416 1209 1477 pec-

108 1500 186 1555 cant
201 1495 395 1574 generando
411 1515 539 1577 pueros,
549 1515 610 1558 nec
623 1505 700 1558 sunt
717 1494 868 1559 auctores
884 1497 1057 1580 originalis
1070 1501 1208 1580 peccati.

147 1661 218 1710 211.
269 1646 316 1710 Ut
332 1648 445 1710 omnia
462 1649 575 1730 paucis
585 1648 694 1711 verbis
711 1649 1042 1730 comprehendamus,
1054 1651 1125 1714 haec
1142 1663 1207 1716 sta·

108 1750 236 1812 tuenda
250 1761 328 1813 sunt
344 1752 430 1814 circa
446 1753 724 1834 propagationem
742 1753 911 1835 originalis
928 1756 1067 1834 peccati.

106 1851 157 1934 (a)
176 1852 290 1916 Causa
304 1855 439 1938 efficiens
453 1856 587 1919 morales
609 1857 707 1919 unica
729 1857 816 1920 illius
838 1858 965 1938 peccati
988 1868 1039 1921 est
1055 1858 1208 1922 voluntas
1264 1927 1270 1937 ‚

104 1956 341 2036 peccaminosa
351 1957 447 2036 Adae,
458 1959 513 2040 qui
530 1960 598 2041 egit
614 1968 650 2023 ut
666 1968 857 2042 procurator
873 1969 906 2024 et
918 1971 1018 2043 caput
1030 1962 1207 2042 juridicum

103 2059 212 2122 totius
229 2062 358 2140 generis
374 2060 518 2126 humani.
579 2124 591 2143 ‚

103 2160 158 2242 (b)
188 2161 299 2225 Causa
325 2164 592 2240 instrumentalis,
619 2166 670 2227 vel
696 2165 847 2228 conditio
873 2137 948 2228 sine·
972 2171 1038 2248 qua
1067 2188 1143 2242 non,
1158 2178 1208 2232 est

103 2264 269 2327 naturalis
286 2269 464 2346 generati0,
481 2288 656 2349 perquam
673 2270 834 2332 efficimur
849 2291 925 2333 vere
941 2270 998 2333 filii
1015 2272 1111 2335 Adae.

103 2365 154 2447 (c)
176 2361 362 2447 Subsellum
378 2371 478 2453 igitur
492 2380 571 2435 sunt
586 2392 702 2434 omnes
718 2383 752 2436 et
765 2373 826 2435 soli
842 2372 995 2436 homines
1012 2395 1055 2437 ex
1074 2376 1207 2439 Adamo

105 2471 305 2535 naturaliter
320 2475 432 2555 geniti.

157 2637 228 2688 212.
275 2625 360 2687 Haec
376 2626 457 2689 satis
473 2626 540 2688 sint
555 2627 597 2689 de
614 2627 803 2689 miserando
815 2636 1090 2708 protoparentum
1105 2629 1208 2710 lapsu,

105 2747 210 2810 quern
238 2749 298 2809 pro
326 2733 438 2792 nostra
464 2731 649 2793 eruditione
675 2730 768 2792 Deus
790 2730 948 2811 permisit.
996 2731 1093 2794 Felix
1118 2734 1206 2795 enim

105 2851 210 2912 quern
228 2830 353 2895 faciunt
368 2831 475 2895 aliena
491 2832 636 2914 pericula
651 2833 799 2895 cautum!
843 2833 913 2895 Nos
925 2833 1023 2908 enim,
1033 2835 1118 2897 sicut
1134 2856 1207 2917 pro-

106 2943 312 3016 toparentes
337 2937 643 3017 supernaturalibus
670 2937 767 2999 donis
792 2957 850 3018 per
881 2935 1087 3019 baptismum
1120 2939 1207 3004 aucti

106 3059 236 3114 sumus
244 3047 278 3102 et
290 3039 323 3101 in
335 3040 485 3103 Ecclesia
500 3041 584 3104 sicut
601 3041 633 3103 in
651 3041 806 3122 paradiso
822 3040 930 3122 positi,
945 3041 1000 3102 ubi
1011 3042 1109 3105 arbor
1121 3045 1207 3108 vitae,

108 3142 323 3206 Eucharistia
338 3143 502 3220 videlicet,
517 3144 643 3219 crescit,
659 3143 796 3224 fluitque
818 3142 1003 3206 uberrimus
1026 3146 1207 3225 gratiarum

107 3246 231 3308 fluvius
246 3266 321 3327 quo,
337 3267 396 3328 per
410 3255 538 3328 septem
555 3256 836 3310 sacramentorum
854 3246 996 3323 canales,
1013 3250 1133 3311 animae
1151 3271 1207 3314 no-

107 3361 188 3412 strae
214 3348 329 3412 hortus
356 3351 515 3432 irrigatur.
561 3352 633 3414 Nec
660 3351 781 3413 desunt
806 3351 1028 3413 tentationum
1057 3354 1208 3417 stimuli:

107 3473 247 3535 serpens
264 3454 420 3536 antiquus
436 3454 606 3518 blanditiis
623 3465 656 3518 et
673 3454 811 3516 fallaciis
828 3455 1131 3535 concupiscentiam
1150 3477 1207 3518 no-

108 3569 216 3622 stram
234 3567 345 3622 movet
361 3568 403 3621 et·
417 3559 559 3635 excitat;
594 3560 735 3620 mundus
759 3557 924 3620 scandalis
941 3559 982 3619 ad
1000 3561 1206 3639 peccandum

109 3684 170 3727 nos
188 3662 299 3726 allicit.
355 3663 391 3726 Si
407 3683 483 3725 cum
500 3660 675 3725 seduliore
699 3662 842 3742 colloqui
858 3662 1008 3737 velimus,
1023 3662 1073 3724 vel
1091 3683 1208 3726 suaves

110 3768 227 3831 mundi
244 3787 394 3829 susurros
410 3767 595 3840 audiamus,
608 3765 699 3828 brevi
710 3774 884 3846 peccatum
898 3766 1045 3827 animam
1063 3765 1208 3846 intrabit,

108 3882 142 3936 et
155 3892 215 3954 per
224 3879 399 3952 peecatum
411 3890 506 3932 mors.
532 3871 648 3933 Unum
659 3890 738 3949 ergo
749 3869 934 3943 timeamus,
945 3878 1128 3949 peccatum,
1141 3891 1208 3951 quo

108 3977 238 4059 primus
245 3973 383 4036 colonus
392 3994 411 4035 e
421 3973 576 4055 paradiso
588 3971 714 4054 ejectus
725 3971 793 4034 luit.
819 3970 910 4036 “Sed
923 3973 995 4034 etsi
1006 3973 1079 4054 quis
1093 3994 1206 4054 pecca-

108 4080 203 4157 uerit,
224 4078 423 4141 advocatum
447 4076 608 4141 habemus
633 4076 721 4157 apud
740 4077 883 4152 Patrem,
904 4077 1018 4157 Jesum
1037 4075 1206 4141 Christum

104 4184 257 4269 justum:
278 4190 313 4245 et
327 4182 398 4265 ipse
412 4190 463 4245 est
479 4181 673 4263 propitiatio
689 4201 749 4261 pro
759 4182 906 4261 peccatis
923 4182 1043 4243 nostris
1057 4182 1073 4206 '³
1089 4181 1120 4261 (l
1132 4182 1205 4264 Jou-

107 4284 253 4371 11,··1·2}
285 4284 340 4349 De
354 4304 421 4367 quo
434 4283 503 4367 jam
521 4282 630 4346 dicere
646 4283 807 4346 debemus
821 4283 852 4345 in
872 4285 1021 4364 sequenti
1037 4283 1196 4348 Tradiatu
