2684 4634
123 171 166 224 68
570 174 709 227 cnPU'r
726 177 767 224 11.

123 353 195 434 ipso
210 354 325 417 mortis
348 356 484 435 instanti
508 356 607 419 finem
631 358 761 439 accipit,
783 366 820 419 ut
842 354 1028 419 declaratur
1050 356 1084 417 in
1114 355 1166 418 Tr.
1180 353 1216 416 dr

126 457 253 534 Grateii,
269 480 298 522 n.
320 462 387 524 186.

167 601 231 663 140.
277 591 335 675 (C)
350 594 518 659 Dcenzones
532 608 563 660 et
575 596 727 660 drumart
738 600 846 661 alium
858 597 944 679 fidei
950 596 1084 679 proprie
1097 596 1216 659 dirimit

121 717 175 758 seu
200 701 475 779 supernaturalem
501 699 609 766 elicere
635 725 697 765 non
714 713 856 785 possunt.
903 703 991 765 Nam
1017 698 1112 762 attus
1143 698 1216 760 fidei

122 801 381 880 supernaturalis
396 802 468 864 elici
484 804 600 883 nequit
616 804 676 865 nisi
689 804 751 867 sub
763 803 891 866 influxu
904 803 1021 885 gratiae
1034 797 1175 862 attualis
1186 806 1218 858 et

122 919 165 960 ex
183 902 237 982 pia
254 903 401 965 motione
417 903 597 967 voluntatis
607 927 614 981 ;
637 906 728 985 atqui
745 906 915 967 daemones
930 911 964 964 et
978 900 1131 964 damnati
1146 917 1216 979 gra-

123 1005 203 1068 tiam
221 1027 287 1069 non
304 1008 447 1090 amplius
471 1010 642 1091 recipiunt,
666 1031 725 1072 nec
749 1011 878 1093 piarum
902 1003 1118 1071 afsettionum
1141 1010 1217 1063 sunt

122 1129 277 1190 capaces;
300 1132 379 1192 ergo
392 1133 457 1174 non
468 1123 609 1193 possunt
620 1113 762 1194 amplius
775 1109 1068 1193 supernaturaliter
1077 1105 1217 1178 credere,

122 1231 183 1274 nec
199 1215 337 1295 proinde
353 1214 544 1279 facultatem
561 1238 617 1280 seu
634 1218 785 1280 habitum
802 1215 878 1279 fidei
894 1215 1053 1292 retinent;
1079 1211 1107 1272 si
1119 1209 1217 1290 igitur

122 1317 261 1380 credunt
276 1329 309 1381 et
324 1320 592 1397 contremiscunt,
607 1331 644 1383 ut
668 1323 714 1383 ait
740 1321 775 1383 S.
794 1321 956 1404 jacobum
981 1316 1037 1378 illa
1061 1312 1146 1376 fides
1168 1319 1217 1373 est

122 1423 280 1485 naturalis
295 1433 329 1488 et
343 1424 445 1488 veluti
461 1425 577 1490 coatia
591 1427 643 1509 (S.
664 1428 695 1489 T
691 1429 720 1490 le.
738 1445 765 1490 2.
782 1445 809 1489 2.
826 1447 856 1507 q.
875 1441 901 1506 5,
917 1444 944 1488 a.
958 1422 1001 1506 2)-

423 1602 458 1649 20
473 1589 524 1651 De
537 1589 720 1652 bortrinibus
733 1587 918 1651 viatoribus.

121 1726 123 1730 ’
173 1725 337 1801 Homines
354 1727 386 1789 in
404 1737 489 1790 terra
504 1729 664 1810 degentes
680 1736 758 1789 sunt
773 1726 825 1788 vel
839 1724 928 1806 justi,
943 1721 995 1784 vel
1016 1725 1216 1802 peccatores

121 1830 172 1893 vel
190 1831 344 1907 haeretici,
359 1831 410 1894 vel
434 1831 590 1894 infideles.
643 1831 735 1894 Nulli
758 1829 896 1893 dubium
921 1835 971 1889 est
981 1826 1094 1906 justos
1115 1819 1215 1882 fidem

121 1935 251 2010 habere,
267 1954 368 2017 quum
385 1935 456 1996 sine
472 1934 537 1998 fide
554 1935 760 2016 impossibile
775 1935 817 1996 sit
834 1933 962 2014 placere
979 1930 1071 2006 De03
1094 1925 1216 2009 pariter

121 2047 218 2100 extra
234 2039 493 2100 controversiam
510 2048 560 2100 est
577 2038 718 2120 infideles
733 2037 847 2100 habitu
865 2036 941 2098 fidei
957 2053 1077 2108 carere,
1092 2040 1130 2094 ut
1145 2031 1217 2111 ipsa

121 2162 189 2204 vox
220 2141 351 2203 indicat.
398 2138 550 2222 Quaestio
573 2142 673 2224 igitur
696 2142 804 2204 solum
828 2140 946 2222 agitari
969 2144 1081 2221 potest
1104 2133 1215 2216 quoad

116 2256 291 2326 peccatores
306 2253 339 2307 et
354 2245 520 2309 haereticos.

163 2400 229 2462 141.
273 2386 326 2456 (A)
343 2385 444 2449 Fidei
459 2386 602 2451 habitus
623 2386 658 2449 in
680 2386 931 2466 peccatoribus
952 2401 1136 2449 remanere
1158 2401 1216 2463 po·

120 2484 205 2559 test,
230 2496 306 2558 seu,
331 2478 411 2543 aliis
434 2479 562 2560 verbis,
588 2480 679 2545 fides
708 2498 779 2545 non
809 2480 986 2545 amittitur
1013 2495 1077 2558 per
1099 2477 1216 2557 ipsam

119 2576 350 2643 amIssionem
365 2576 526 2642 caritatIs
540 2582 576 2642 et
591 2579 718 2656 gratiae
732 2577 1000 2644 sanctificantis.
1035 2577 1163 2659 Defide
1173 2598 1217 2640 ex

121 2688 312 2768 ⁴Tridentino
335 2686 426 2768 (sess.
451 2687 512 2764 VI,
530 2709 555 2750 c.
579 2689 653 2770 28):
676 2689 741 2752 “Si
767 2689 840 2770 quis
863 2688 988 2751 dixerit
1011 2685 1135 2748 amissi
1159 2704 1219 2764 per

119 2802 293 2874 peccatum
310 2791 414 2873 gratia
425 2790 523 2854 simul
534 2802 567 2854 et
577 2791 676 2854 fidem
689 2813 820 2874 semper
831 2793 949 2868 amitti,
959 2794 1018 2854 aut
1028 2788 1128 2851 fidem
1141 2807 1218 2869 quae

119 2906 279 2972 remanet,
304 2916 371 2958 non
396 2916 468 2958 esse
492 2916 604 2958 veram
630 2895 740 2971 fidem,
755 2896 832 2959 licet
849 2916 915 2958 non
931 2894 975 2958 sit
989 2893 1074 2968 viva,
1089 2890 1131 2954 A.
1149 2890 1200 2954 S.’'
1210 2912 1217 2968 ;

119 3002 208 3082 quod
219 3011 335 3063 contra
346 3000 745 3079 Protestantesdirigitur3
767 3001 882 3063 dicunt
891 2999 989 3076 enim,
998 2995 1104 3059 solam
1114 2993 1217 3057 fidem

115 3103 305 3186 justificare,
321 3104 524 3185 proindeque
541 3103 639 3166 fidem
656 3125 731 3166 cum
744 3102 983 3185 justificatione
996 3099 1218 3165 essentialiter

118 3205 280 3282 connetti,
305 3208 351 3271 ita
374 3216 410 3269 ut
431 3209 568 3270 caritate
592 3228 649 3269 seu
671 3207 908 3293 justificatione
933 3206 1063 3283 amissa,
1079 3227 1119 3269 eo
1144 3206 1218 3287 ipso

119 3311 291 3375 amittatur
307 3310 388 3373 fides
404 3332 480 3373 vera
495 3320 529 3373 et
544 3308 763 3373 sanetificans.

163 3460 227 3526 142.
275 3446 368 3509 Prob.
417 3447 463 3527 (a)
491 3446 525 3509 S.
552 3447 689 3522 Paulus,
716 3450 758 3510 de
784 3448 922 3511 caritate
945 3447 1120 3523 disserens,
1144 3446 1217 3510 haec

117 3551 218 3614 habet
231 3575 237 3613 :
264 3550 327 3614 “Si
344 3549 490 3613 habuero
503 3570 636 3612 omnem
650 3550 749 3613 fidem
761 3551 808 3613 ita
817 3560 855 3614 ut
867 3561 998 3615 montes
1009 3551 1216 3625 transferam,

118 3655 289 3716 caritatem
307 3663 418 3716 autem
436 3675 502 3716 non
516 3654 672 3730 habuer0,
684 3655 764 3716 nihil
777 3657 904 3734 sum''2;
928 3658 1019 3738 atqui
1032 3656 1104 3719 haec
1115 3658 1216 3720 verba

118 3757 294 3820 manifeste
321 3768 514 3839 supponunt
544 3757 644 3821 fidem
675 3759 746 3821 sine
775 3761 913 3823 caritate
942 3761 1086 3825 existere
1109 3783 1215 3843 posse.

118 3861 204 3923 Item
221 3860 257 3923 S.
269 3859 426 3943 Jucobus³
438 3860 518 3923 dicit
532 3884 538 3923 :
562 3859 679 3942 “Quid
692 3864 848 3943 proderit,
859 3863 974 3927 fratres
991 3864 1065 3942 mei,
1075 3864 1102 3928 si
1113 3864 1213 3928 fidem

116 3964 190 4044 quis
206 3964 296 4026 dicat
312 3984 346 4026 se
362 3963 492 4038 habere,
509 3985 610 4046 opera
635 3974 746 4028 autem
772 3987 839 4028 non
863 3967 1030 4031 habeat?'’
1057 3967 1103 4032 ibi
1126 3971 1214 4032 enim

117 4071 311 4150 supponitur
334 4071 433 4133 fidem
458 4073 527 4135 sine
543 4075 706 4155 operibus
722 4096 760 4137 ac
776 4076 914 4156 proinde
937 4076 1008 4138 sine
1029 4077 1169 4140 caritate
1185 4082 1217 4137 et

152 4277 159 4300 ι
167 4255 231 4322 luc.
250 4257 288 4322 II,
306 4270 344 4324 19.
361 4288 394 4296 --
407 4260 449 4312 ⁹1
460 4259 520 4323 Cur.
538 4260 623 4330 XIII,
637 4275 660 4316 2.
675 4292 709 4301 —
722 4263 802 4332 ³Jac.
821 4263 858 4331 11,
876 4278 914 4331 14.
