2684 4634
120 189 188 248 554
337 221 341 228 ·
561 199 699 250 capur
716 181 778 248 1111

118 373 246 454 paratio
263 374 305 434 ad
322 373 518 436 sacrificium
537 377 626 456 quod
644 376 766 440 obtulit
783 376 816 436 in
832 374 919 436 coelo
942 384 977 437 ct
994 362 1108 436 'etiam
1136 395 1208 436 nunc

116 475 214 537 offert
225 464 284 557 pro
298 476 393 537 nobis
407 478 651 540 intercedendo,
682 479 772 540 Dicit
785 486 898 540 autem
921 477 1096 551 Trz'dent.1,
1108 478 1207 540 “Chri-

119 589 206 640 stum
224 579 325 642 semel
342 571 487 659 seipsum
510 581 541 640 in
559 586 615 642 ara
639 583 753 656 crucis,
771 588 878 642 morte
894 581 1136 654 intercedente,
1149 580 1209 640 Deo

120 682 208 743 Patri
225 681 384 744 obtulisse
400 692 438 744 ut
450 693 608 744 aeternam
627 684 691 745 illic
709 684 974 764 redemptionem
989 694 1180 764 operaretur
1190 682 1208 768 l,

119 793 152 844 et
168 794 284 864 postea
300 785 393 846 addit
412 809 418 846 :
451 786 684 848 “Sacrificium
703 787 922 849 Eucharistiae
939 785 1022 846 nihil
1040 785 1134 847 aliud
1150 805 1208 846 esse

119 887 181 946 nisi
216 888 532 966 representationem
566 891 693 951 cruenti
728 888 878 950 sacrificii
915 887 1020 949 semel
1056 888 1091 948 in
1127 907 1208 948 cruce

119 989 242 1070 peracti
254 991 277 1052 ’'.
323 991 478 1070 Jamvero
499 992 554 1052 illa
573 993 673 1053 verba
691 992 865 1054 manifeste
884 999 1083 1071 supponunt
1100 988 1206 1051 sacrifi-

119 1093 205 1153 cium
223 1093 326 1153 crucis
342 1113 414 1153 esse
429 1113 542 1154 verum
560 1103 593 1155 et
610 1095 741 1175 proprie
757 1091 884 1156 dictum
901 1092 1114 1166 sacrificium,
1126 1091 1205 1170 cujus

120 1195 219 1254 missa
235 1204 285 1256 est
302 1196 539 1274 representatio
556 1207 589 1257 et
606 1197 785 1259 renovatio

162 1315 231 1382 227.
278 1303 336 1381 (A)
355 1304 469 1384 Scrz'pt.
516 1305 566 1384 (a)
582 1305 761 1386 “Christus
788 1304 908 1366 dilexit
933 1323 1004 1378 nos,
1020 1313 1054 1364 et
1080 1301 1207 1363 tradidit

120 1406 336 1484 semetipsum
351 1426 410 1485 pro
422 1405 517 1466 nobis
528 1406 733 1469 oblationem
745 1417 778 1469 et
789 1407 929 1471 bostrum
944 1405 1019 1466 Deo
1037 1406 1069 1465 in
1084 1406 1206 1466 odorem

121 1508 292 1568 suavitatis
304 1506 348 1568 ’'...
396 1513 412 1539 “
424 1508 554 1569 Pasclra
571 1519 719 1570 nostrum
738 1489 928 1570 immolatus
945 1517 996 1568 est
1015 1505 1205 1570 Christus’'...

122 1609 187 1690 Qui
204 1608 323 1670 dilexit
340 1630 409 1682 nos
428 1620 461 1670 et
478 1610 557 1672 lavit
575 1631 635 1671 nos
658 1631 678 1672 a
701 1613 845 1691 peccatis
862 1611 983 1671 nostris
1007 1611 1039 1670 in
1057 1609 1207 1689 sanguine

121 1733 180 1773 suo
191 1724 204 1753 ²
217 1712 239 1774 '’.
279 1712 378 1774 Unde
391 1714 436 1773 sic
450 1736 456 1774 ε
483 1714 515 1773 in
528 1713 589 1773 illis
601 1714 750 1774 textibus
764 1714 933 1775 evidenter
945 1714 1056 1793 agitur
1069 1714 1112 1774 de
1124 1713 1207 1772 sacri-

122 1815 194 1876 ficio
205 1815 326 1877 Christi
343 1816 375 1875 in
389 1835 493 1887 cruce,
504 1825 539 1876 ut
552 1825 683 1876 constat
695 1836 739 1876 ex
752 1817 860 1878 verbis
872 1840 879 1885 ;
904 1817 1088 1878 “Tradidit
1100 1824 1207 1877 semet-

121 1919 228 1998 ipsum
254 1918 407 1992 hostiam,
429 1917 622 1979 immolatus
650 1929 710 1992 est,
736 1920 766 1978 in
794 1919 954 1998 sanguine
978 1919 1090 1993 su0’';
1128 1915 1208 1994 atqui

122 2021 201 2083 illud
227 2019 422 2094 sacrificium
451 2021 628 2082 exhibetur
651 2031 687 2082 ut
709 2020 904 2090 sacrificium
930 2023 1063 2102 proprie
1088 2019 1209 2091 dietum,

122 2144 199 2185 nam
217 2126 249 2185 in
268 2126 374 2204 primo
391 2133 486 2188 textu
503 2125 689 2187 declaratur
702 2124 868 2186 Christum
886 2108 1032 2206 seipsum
1049 2125 1211 2193 obtulisse,

124 2249 188 2288 non
207 2229 314 2288 solum
333 2238 492 2307 tanquam
504 2229 692 2296 oblationem
704 2229 793 2308 (quae
803 2249 870 2288 vox
887 2227 1030 2308 intelligi
1046 2238 1160 2308 posset
1175 2227 1211 2287 de

122 2329 284 2390 sacrificio
317 2331 494 2410 improprie
533 2329 647 2410 didio),
677 2331 735 2391 sed
763 2331 862 2391 etiam
890 2330 1030 2390 hostiam
1057 2325 1213 2411 (θυσίαν);

122 2433 212 2511 atqui
250 2431 304 2492 illa
336 2453 403 2492 vox
438 2435 561 2494 indicat
594 2431 789 2496 sacrificium
819 2441 991 2493 cruentum
1027 2441 1060 2493 et
1089 2432 1214 2511 proprie

121 2534 263 2611 dictum,
298 2555 377 2614 ergo
405 2534 600 2596 sacrificium
630 2535 752 2598 Christi
781 2537 812 2595 in
837 2555 932 2596 cruce
960 2535 1021 2596 fuit
1045 2555 1161 2596 verum
1187 2544 1216 2593 et

121 2640 252 2720 proprie
275 2636 401 2700 dictum
428 2638 631 2699 sacrificium.
678 2636 729 2717 (b)
756 2637 980 2699 Confirmatur
1002 2658 1047 2698 ex
1081 2638 1144 2717 Ep.
1178 2635 1215 2695 ael

121 2744 228 2815 Helm,
246 2743 276 2801 in
295 2746 360 2820 qua
378 2740 564 2820 Apostolus
589 2741 706 2820 probat
730 2759 864 2800 omnem
884 2739 1081 2801 Pontificem
1101 2737 1215 2800 sacrifi·

121 2847 169 2907 cia
181 2844 297 2905 offerre
314 2843 443 2917 debere,
455 2843 624 2904 Christum
638 2863 709 2904 esse
721 2863 796 2903 vere
814 2841 1014 2922 pontificem,
1026 2863 1064 2903 ac
1082 2845 1217 2923 proinde

120 2969 233 3010 uerum
245 2947 439 3007 sacrificium
453 2947 776 3025 obtulisse,illudque
786 2947 889 3007 semel
901 2947 1061 3008 obtulisse
1074 2949 1216 3026 seipsum

121 3051 325 3123 offerendo33
359 3051 449 3128 atqui
468 3048 664 3109 sacrificium
682 3052 723 3110 de
740 3069 807 3128 quo
823 3050 932 3128 agitur
948 3058 998 3110 est
1014 3058 1106 3110 certe
1124 3050 1217 3110 sacri-

121 3154 230 3214 ficium
248 3152 360 3223 crucis,
378 3172 479 3229 quum
507 3161 643 3231 postea4
661 3154 790 3230 legatur
808 3175 814 3212 ε
840 3157 854 3181 “
869 3152 931 3212 Per
950 3152 1124 3231 proprium
1145 3172 1216 3212 scni-

116 3257 249 3337 guinem
287 3254 432 3314 introivit
466 3256 565 3316 semel
609 3256 640 3314 in
682 3253 806 3329 sandla,
835 3259 958 3317 aeterna
991 3255 1218 3334 redemptione

121 3357 289 3420 inventa”.
337 3357 499 3416 Praeterea
527 3359 559 3416 in
584 3359 701 3417 eodem
727 3358 835 3436 capite
853 3357 884 3419 S.
904 3356 1026 3416 Paulus
1051 3377 1219 3436 compara·

121 3465 245 3524 tionem
280 3461 423 3521 instituit
460 3460 544 3520 inter
570 3460 745 3521 Summum
773 3457 967 3520 Pontificem
994 3459 1035 3520 A.
1064 3459 1166 3538 Legis
1189 3468 1219 3517 et

121 3565 288 3627 Christum
319 3563 441 3641 ipsum,
493 3563 576 3622 sicut
612 3564 699 3622 enim
730 3562 886 3622 Pontifex
917 3558 1116 3622 sacrificium
1149 3571 1219 3622 ante

120 3668 303 3746 ingressum
329 3666 360 3724 in
380 3662 634 3727 Sanctissimum
661 3663 831 3735 offerebat,
848 3665 894 3725 ita
911 3662 1064 3726 Christus
1090 3663 1218 3725 nonnisi

120 3768 280 3830 sacrificio
297 3768 410 3829 oblato
428 3768 528 3828 coelos
545 3768 747 3846 penetravit·;
780 3768 865 3827 sicut
883 3764 1040 3826 Pontifex
1059 3768 1164 3827 semel
1189 3767 1217 3824 in

120 3892 207 3932 anno
226 3868 459 3933 Sanctuarium
485 3870 741 3949 ingrediebatur,
759 3889 824 3929 non
843 3869 913 3928 sine
930 3869 1103 3947 sanguine,
1121 3871 1167 3928 sic
1187 3877 1219 3928 et

120 3974 278 4047 Christus
291 3993 348 4052 per
359 3974 527 4052 proprium
540 3973 747 4050 sanguinem,
760 3969 861 4034 semel
874 3971 1022 4033 introivit
1035 3971 1068 4031 in
1082 3990 1217 4052 regnum

118 4078 295 4152 coelorum,
323 4077 408 4136 sicut
425 4074 584 4136 sacrificia
603 4076 741 4154 antiqua
758 4075 948 4154 inquinatos
965 4071 1219 4135 sanctificabant

116 4180 125 4185 *A
149 4202 239 4259 ‘Seru
258 4205 357 4272 XXll,
372 4222 434 4275 cap.
456 4219 477 4256 1.
491 4175 914 4272 W,
927 4216 955 4269 73
975 4202 1063 4270 Apoc.
1080 4204 1102 4268 1,
1118 4217 1141 4270 5.
1171 4175 1209 4181 -

138 4289 247 4353 ”Heba
277 4296 309 4363 V,
331 4316 356 4365 13
378 4297 450 4362 Vll,
468 4309 502 4362 27
518 4305 546 4350 et
561 4291 632 4347 alibi
640 4289 762 4361 passim.
776 4289 832 4326 —l
846 4288 998 4347 Hebrum,
1009 4302 1055 4337 u.
