2684 4634
118 175 184 252 aaa
558 170 702 225 capua
719 174 778 223 111.

118 344 323 416 transcendit
339 349 612 417 constitutionem
630 352 767 435 alicujus
779 354 874 431 entis
884 373 991 436 neque
1003 353 1094 434 exigi
1109 362 1170 414 aut
1182 352 1223 414 ab

118 456 174 518 illo
189 458 312 537 acquiri
329 466 450 537 potest,
466 467 503 519 ut
524 450 622 538 supra
638 459 843 539 explicatum
860 466 910 518 est
924 481 931 536 ;
954 456 1092 537 proinde
1108 476 1222 537 super-

118 560 267 622 naturale
283 561 314 621 in
332 581 451 640 genere
468 571 518 623 est
534 560 613 623 illud
631 556 719 641 quod
737 561 833 622 alicui
849 559 917 621 enti
934 559 1129 621 conceditur
1136 566 1221 638 prce-

118 674 167 724 ter
180 674 213 726 et
228 675 326 744 supra
341 665 481 726 debitara
490 674 625 727 *nature
640 673 673 726 et
688 663 829 726 debitum
837 674 989 743 persone.
1014 723 1017 731 ,

163 812 227 899 145.
266 816 325 897 (Β)
346 817 483 879 Dialia.
527 816 787 898 Supernaturale
807 816 1023 878 dividitur‘in
1049 814 1134 885 duas
1151 835 1223 896 spe-

118 921 204 981 cies:
221 916 264 980 'in
278 918 530 1001 vsupernaturale
548 921 724 983 'relativam
748 926 804 980 seu
827 918 999 980 secandam
1015 917 1104 998 quid,
1121 927 1155 994 et
1171 938 1222 979 su-

119 1023 327 1103 pernaturale
350 1025 547 1104 simpliciter,
563 1045 620 1086 seu
644 1023 832 1086 absolutum.
879 1022 928 1102 (a)
944 1022 1048 1083 Prius
1071 1021 1161 1083 illud
1178 1031 1225 1083 est

118 1126 205 1204 quad
216 1125 539 1206 alicuyies'daataa'at,
555 1148 616 1188 aaa
632 1129 730 1189 totius
746 1135 874 1188 naturae
887 1130 974 1188 vires
982 1162 986 1195 ‚=
994 1136 1024 1187 et
1046 1125 1224 1205 exigentzas

117 1238 273 1308 superat,·
300 1230 346 1290 sic
369 1230 517 1309 cognitio
541 1229 650 1292 infusa
676 1240 726 1292 est
753 1230 1010 1316 supernaturalis
1033 1231 1222 1295 secundum

118 1332 207 1412 quid,
222 1352 324 1413 quum
342 1332 384 1393 sit
400 1352 499 1412 supra
515 1333 741 1395 conditionem
763 1332 906 1394 hominis
922 1332 1065 1406 viatoriS,
1081 1345 1149 1393 non
1167 1353 1221 1394 au-

99 1443 102 1448 ’
118 1444 185 1496 tem
204 1433 347 1515 Angeli:
364 1454 431 1514 quo
447 1455 545 1497 sensu
563 1436 688 1517 aliquid
706 1440 817 1546 potest
834 1455 906 1497 esse
922 1434 1047 1496 homini
1065 1455 1219 1568 superna

119 1538 224 1600 turale
240 1547 273 1599 ct
290 1537 424 1617 Angelo
441 1539 598 1601 naturale.
653 1558 656 1562 ·

161 1641 269 1702 Vocat
257 1636 309 1702 tur
325 1640 425 1702 etiam
442 1641 693 1721 supernaturale
709 1643 823 1722 quoad
837 1629 975 1717 raedam,
991 1641 1069 1722 quia
1085 1663 1121 1703 aa
1136 1663 1176 1716 se,
1188 1641 1217 1702 in

119 1749 177 1807 sua
207 1745 392 1806 substantia
417 1746 565 1808 naturale
589 1756 648 1823 est,
667 1747 727 1807 ¹sed
752 1745 880 1807 ratione
903 1743 992 1806 madi
1008 1755 1088 1824 ·quo'
1103 1743 1149 1818 fiet,
1171 1744 1217 1805 vel

118 1849 251 1928 subsedi
272 1850 303 1910 in
332 1870 398 1929 quo
425 1848 470 1924 fit,
489 1860 623 1930 superat
639 1851 724 1911 vires
747 1859 873 1910 naturae
887 1835 948 1923 ;'v.
963 1848 1218 1928 g.·instantanea'

119 1953 245 2013 curatio
267 1953 383 2032 aegroti
403 1961 453 2014 cst
479 1953 512 2013 ia
535 1974 568 2015 se
590 1953 669 2034 quid
695 1951 853 2026 naturale,
864 1971 969 2034 'quum
993 1951 1036 2012 sit
1057 1951 1218 2013 restitutio

120 2056 198 2117 boni
214 2056 382 2130 naturalia,
398 2057 455 2118 sed
474 2057 601 2130 ratione
617 2056 787 2140 raade'lquo
810 2054 856 2129 fit,
871 2054 996 2137 scilicet
1012 2054 1140 2135 absque
1156 2055 1219 2116 ullo

120 2161 266 2222 remedio
289 2170 322 2222 et
345 2160 464 2235 subit0,
482 2170 616 2241 superat
631 2163 715 2248 vires
725 2153 976 2238 creaturarum
1000 2160 1078 2221 item
1096 2161 1218 2221 donum

90 2253 93 2257 ’
121 2262 379 2325 immortalitatis
395 2283 572 2345 corporeae,
588 2250 725 2325 A'damo
748 2245 918 2335 collatum,
934 2270 1004 2324 erat
1020 2262 1055 2323 in
1071 2264 1132 2323 sua
1147 2263 1219 2323 sub-

119 2367 241 2429 stantia
258 2366 381 2446 aliquid
400 2366 559 2443 naturale,
572 2367 648 2447 quia
661 2366 740 2427 nihil
755 2366 843 2428 aliud
857 2376 927 2428 erat
940 2365 1001 2426 nisi
1015 2362 1221 2428 continuatio

119 2472 204 2546 vitae,
218 2491 274 2531 seu
288 2469 367 2531 doni
381 2470 549 2544 naturalis
562 2471 619 2531 sed
633 2463 908 2549 rationesabjettr,
922 2461 973 2529 cui
984 2466 1222 2542 conserebatur,

84 2649 87 2654 p
119 2585 189 2637 erat
203 2583 359 2654 supernat
347 2573 451 2634 turale
454 2574 554 2653 ‚quia
571 2574 706 2634 immort
694 2573 766 2634 talit
754 2582 804 2634 tas
821 2581 877 2635 ent
879 2593 888 2632 1
864 2571 946 2635 tde
962 2592 997 2632 se
1019 2572 1221 2653 corruptibili

120 2678 256 2740 minime
286 2657 431 2738 debetur.
480 2675 569 2737 Hinc
600 2676 689 2748 dona
712 2675 909 2758 hujusmodi
934 2683 1096 2736 vocantur
1123 2675 1220 2737 etiam

115 2778 411 2861 pretereaturalea.

120 2884 155 2965 (b
158 2884 170 2964 )
202 2881 458 2962 Sepernatarale
487 2880 681 2960 saaple'ceffter
712 2900 768 2941 seu
802 2878 993 2953 absolutam,
1023 2899 1080 2941 seu
1114 2881 1221 2960 quoad

120 3003 195 3054 rem,
211 2989 261 3042 est
278 2979 357 3041 illud
374 2980 495 3058 qaod
482 3000 515 3040 za
538 2979 599 3041 sari
614 2979 745 3045 entitate
760 2987 890 3058 superat
904 2977 1080 3058 emigrentaas
1095 2988 1127 3040 et
1140 2999 1223 3039 vires

120 3083 218 3146 tatius
240 3092 368 3152 natare
388 3091 501 3143 create
525 3092 555 3143 et
579 3080 731 3142 creabilis.
779 3080 860 3141 Tale
884 3080 1135 3160 supernaturale
1159 3101 1220 3142 non

121 3194 231 3267 potest
255 3205 326 3245 esse
353 3184 414 3244 nisi
439 3183 563 3263 aliquid
592 3184 750 3258 divinum,
767 3203 823 3243 scu
841 3182 1052 3263 participatio
1069 3184 1219 3263 quaedam

120 3287 312 3360 divinitatis
328 3286 406 3366 quia
423 3306 522 3346 omne
538 3288 626 3366 quod
645 3306 710 3347 non
728 3296 778 3346 est
794 3285 952 3359 divinum,
966 3294 1076 3366 potest
1094 3295 1219 3346 natura-

121 3392 194 3465 liter
218 3390 394 3450 convenire
421 3389 517 3449 alicui
546 3398 704 3449 creaturae
728 3385 1004 3473 perfettissimae1.
1051 3387 1105 3449 De
1129 3385 1220 3460 facto,

121 3513 186 3552 non
204 3494 326 3554 dantur
350 3492 411 3551 nisi
436 3501 501 3552 tres
526 3512 621 3552 casus
638 3489 897 3571 supernaturalis
914 3491 1025 3571 quoad
1043 3511 1113 3553 rem
1141 3490 1218 3553 scili-

120 3606 181 3671 cet,
197 3596 272 3656 unia
288 3594 484 3674 hypostatica
500 3594 655 3655 humanae
673 3604 799 3655 naturae
816 3614 890 3656 cum
908 3593 1022 3656 Verbo
1040 3578 1155 3656 divino
1169 3593 1219 3674 (de

120 3701 186 3775 qua
209 3696 356 3757 dicemus
384 3696 416 3755 in
446 3695 601 3755 Trattata
625 3694 662 3756 de
687 3694 786 3757 Verbo
801 3694 952 3775 lecara),
963 3695 1079 3774 gratia
1096 3705 1130 3757 et
1145 3693 1219 3756 vz'sz'a

121 3798 264 3878 beatifica
280 3800 321 3860 de
338 3798 457 3878 quibus
473 3797 545 3860 fuse
564 3819 625 3859 suo
646 3798 718 3859 loco
735 3799 942 3861 disseremus
990 3799 1053 3859 Pro
1070 3796 1220 3879 praesenti
1262 3846 1265 3897 i

156 4018 163 4039 ¹
185 4007 259 4059 Hinc
277 4005 516 4074 praeternaturale
539 4023 568 4058 se
591 4006 677 4059 habet
698 4004 782 4058 veluti
807 4007 929 4058 medium
953 4005 1025 4059 inter
1045 4007 1179 4060 naturale
1197 4014 1223 4060 et

119 4095 334 4160 supernaturale
347 4095 534 4161 simpliciam·
553 4104 595 4146 est
609 4093 749 4161 siquidem
763 4092 868 4162 aliquid
882 4094 1043 4161 indebitum,
1057 4111 1092 4148 ac
1111 4095 1224 4165 proinde

119 4181 213 4248 aliquo
227 4180 312 4232 modo
326 4180 568 4248 supra-naturale3
584 4196 641 4231 non
656 4190 750 4232 tamen
765 4179 873 4234 excedit
884 4181 1012 4235 ordinem
1023 4180 1111 4236 totius
1122 4194 1225 4237 naturae

122 4278 232 4332 creatae,
246 4267 416 4335 proindeque
429 4269 459 4319 in
473 4286 500 4319 se
512 4278 555 4320 est
568 4266 635 4333 quid
650 4267 784 4321 naturale.
