2684 4620
538 182 594 233 Du
613 180 801 234 HOMINE.
1152 187 1216 239 363

113 379 156 422 ex
173 380 295 426 eorum⁴
308 362 448 444 posteris
471 362 572 444 paulo
595 374 671 445 post
695 365 727 427 in
752 364 913 428 barbariae
936 373 1062 427 statum
1084 365 1216 429 decide·

111 463 199 526 rint?

111 565 163 647 (c)
180 566 341 630 Nonnulli
365 567 466 631 etiam
491 571 699 633 contendunt
722 591 766 633 ex
789 569 913 633 craniis
933 569 1064 652 (skalls)
1088 590 1162 651 quae
1185 571 1216 632 in

113 670 261 752 antiquis
278 680 374 734 terrae
390 672 503 735 stratis
520 683 650 755 reperta
666 682 752 749 sunt,
769 672 923 735 concludi
947 692 1044 753 posse
1067 673 1218 736 homines

115 782 195 835 tunc
212 775 374 855 temporis
390 775 541 857 vigentes
566 777 697 839 nonnisi
722 775 836 838 intimo
860 775 1091 856 intelligentiae
1113 778 1218 857 gradu

117 876 279 956 praeditos
297 876 405 940 fuisse.
452 877 519 941 Sed
537 880 704 944 immerito
711 901 719 957 ;
743 899 820 941 nam
838 899 946 941 rerum
971 879 1217 960 geologicarum

114 980 222 1060 periti,
239 980 341 1042 etiam
365 981 589 1059 rationalistae,
605 983 726 1048 diserte
749 991 923 1057 testantur,
939 980 1004 1044 illis
1028 971 1147 1044 cra‘niis
1171 983 1218 1044 in-

114 1081 248 1164 spectiS,
264 1084 375 1164 potius
391 1093 542 1149 constare
559 1087 713 1168 antiquos
730 1085 804 1148 illos
819 1086 972 1148 homines
988 1085 1077 1149 haud
1094 1087 1218 1150 medio·

114 1192 160 1254 cri
187 1192 324 1273 ingenio
354 1201 489 1254 ornatos
521 1189 646 1253 fuisses
694 1189 794 1271 Quod
827 1190 933 1270 magis
965 1209 1003 1250 ac
1031 1189 1136 1271 magis
1163 1189 1218 1252 de-

115 1303 283 1358 monstrat
299 1294 344 1356 nil
362 1294 461 1359 fidem
478 1294 664 1358 timendum
681 1292 802 1355 habere
819 1313 838 1354 a
853 1295 930 1354 vera
954 1291 1052 1372 hujus
1076 1292 1218 1355 nominis

114 1398 263 1460 scientia

147 1555 163 1644 5
184 1559 249 1621 ΙΙΙ.
268 1558 325 1620 Du
342 1570 755 1622 supuuunruunmrnru
772 1569 921 1618 GRATIAE
940 1569 984 1618 Er
1001 1569 1190 1620 oououuu

456 1645 598 1708 Aorno
615 1657 878 1707 coLLArouuu.

161 1780 229 1864 163.
277 1784 457 1864 Postquam
482 1783 695 1865 probavimus
719 1781 856 1844 Adamo
879 1781 1021 1862 gratiam
1046 1790 1220 1863 ceteraque

114 1889 208 1951 dona
224 1887 325 1951 fuisse
342 1887 471 1964 collata,
484 1889 713 1951 demonstrare
725 1885 885 1948 debemus
898 1884 970 1947 haec
983 1885 1095 1947 omnia
1108 1905 1219 1967 super-

115 1991 284 2054 naturalia
300 2012 381 2067 esse,
397 2000 434 2054 ut
450 1992 496 2052 sic
513 1990 668 2053 omnibus
685 1998 799 2071 pateat
812 1997 1065 2070 protoparentes
1078 1991 1121 2052 ad
1134 1990 1219 2052 ordi-

115 2116 196 2160 nem
213 2095 499 2178 supernaturalem
517 2093 617 2156 iuisse
633 2091 768 2155 evedlos.
816 2093 953 2174 Duplex
970 2114 1049 2156 vero
1065 2094 1126 2158 erit
1150 2094 1220 2156 the-

114 2201 161 2262 sis
178 2200 269 2281 prior
285 2199 326 2262 ad
344 2199 554 2281 probandum
573 2196 719 2278 gratiam
743 2217 815 2259 esse
838 2217 913 2258 vere
936 2196 1220 2296 supernaturalem

114 2303 228 2386 quoad
238 2302 463 2379 substantiam,
480 2310 588 2364 cetera
605 2309 716 2364 autem
733 2300 905 2382 privilegia
928 2320 1000 2362 esse
1024 2310 1219 2382 supernatu-

115 2407 199 2470 ralia
213 2405 323 2488 quoad
334 2405 472 2481 triadum,
484 2426 541 2467 seu
558 2403 850 2486 praeternaturalia.
1303 2395 1307 2402 ’

158 2539 227 2619 164.
273 2543 371 2600 Thais
380 2542 481 2618 prima
491 2565 502 2600 .·
523 2539 619 2604 Ordo
633 2539 771 2618 gratias,
784 2537 923 2602 Adamo
938 2537 1086 2618 ejusque
1101 2544 1221 2618 poste-

115 2639 166 2704 ris
180 2639 352 2718 collatus,
363 2644 420 2704 est
434 2656 517 2704 vere
532 2637 818 2718 supernaturalis
828 2647 847 2702 ².
896 2639 1032 2703 Certum
1043 2648 1093 2701 est
1106 2648 1220 2703 contra

151 2827 160 2849 ¹
174 2816 259 2885 Quod
272 2815 393 2870 candide
403 2815 504 2870 latetur
518 2815 802 2883 Vtrctowffliscours
813 2832 847 2867 au
858 2813 983 2882 Congres
992 2814 1042 2868 des
1051 2815 1217 2882 Anthropol.

116 2903 246 2972 Munich,
261 2905 338 2974 Sept.
359 2904 455 2971 1877):
475 2903 619 2972 “Quoties
638 2901 761 2955 hominis
780 2901 951 2970 quaternarii
971 2899 1090 2968 vestigia
1109 2900 1220 2954 investi-

113 3009 226 3062 gamus,
242 2991 288 3062 qui
309 3002 384 3047 certe
403 2992 538 3062 primaevo
557 2990 664 3044 homini
683 2989 836 3059 proximior
853 2999 913 3043 erat
933 3005 1018 3059 quam
1031 3005 1093 3055 nos,
1107 3005 1221 3058 semper

114 3077 262 3132 hominem
275 3077 363 3132 nostri
377 3078 498 3132 similem
518 3077 683 3131 invenimus.
724 3079 831 3131 Decem
850 3077 908 3131 iere
927 3077 1031 3131 abhinc
1050 3078 1133 3130 annis
1152 3093 1220 3130 non-

113 3167 194 3221 nulla
207 3165 303 3220 crania
316 3167 344 3219 in
359 3165 504 3220 torbicinis
525 3163 707 3234 (tourbitres),
728 3165 756 3219 in
775 3165 913 3233 depositis
932 3164 1110 3233 lacustribus,
1131 3166 1174 3218 vel
1194 3165 1221 3217 in

113 3253 321 3323 antiquissimis
341 3253 468 3307 cavernis
488 3253 602 3307 inventa
622 3262 695 3306 sunt.
736 3250 821 3305 Dotti
841 3251 892 3305 viri
912 3251 1033 3321 primum
1053 3252 1088 3305 de
1107 3251 1221 3306 homine

114 3340 248 3407 silvestri,
262 3341 426 3411 imperseete
439 3343 550 3395 evoluto
564 3341 609 3394 hic
623 3341 667 3408 agi
688 3350 880 3405 autumarunt;
900 3339 951 3393 sed
970 3341 1031 3392 haec
1051 3340 1146 3409 opinio
1166 3340 1221 3393 cito

112 3428 239 3484 evanuit.
279 3428 396 3498 Antiqui
411 3428 587 3495 troglodytae,
603 3438 746 3479 antrorum
765 3428 949 3492 habitatores,
962 3426 1163 3481 torbicinarum
1183 3427 1221 3479 in-

113 3515 186 3568 colae
199 3525 345 3584 tamquam
359 3513 433 3567 viros
446 3531 550 3582 magna
569 3513 756 3568 aestimatione
776 3514 878 3582 dignos
899 3530 962 3568 sese
982 3514 1109 3568 offerunt.
1149 3515 1221 3583 Ipsis

113 3601 180 3656 talis
193 3601 380 3674 dimensionis
393 3612 452 3656 erat
467 3601 599 3669 cranium,
612 3611 641 3654 ut
655 3594 747 3670 plures
761 3601 848 3655 nostri
863 3602 997 3670 temporis
1011 3601 1102 3654 simile
1115 3602 1220 3656 habere

112 3690 279 3758 gauderent.
321 3690 404 3758 Quod
418 3690 440 3742 si
454 3691 578 3743 humana
588 3687 703 3755 fossilia,
715 3706 777 3758 quae
789 3690 843 3743 huc
853 3706 941 3758 usque
952 3699 1063 3757 reperta
1073 3699 1146 3755 sunt,
1157 3706 1221 3743 cum

113 3776 304 3847 praesentibus
317 3777 522 3846 exemplaribus
536 3786 741 3845 comparentur,
754 3777 830 3829 haud
851 3788 955 3832 temere
975 3777 1108 3830 affirmari
1128 3787 1221 3846 potest

113 3864 220 3917 nostris
234 3863 408 3932 temporibus
422 3865 601 3933 quamplures
621 3879 683 3916 esse
703 3862 750 3933 qui
770 3863 887 3917 minoris
907 3864 1075 3933 capacitatis
1095 3863 1221 3917 cranium

111 3953 248 4008 habent'’.
289 3952 331 4006 Cf.
355 3953 452 4020 Tltein,
472 3969 517 4022 op.
540 3953 586 4007 cit.
609 3969 635 4005 n.
656 3965 702 4018 93;
723 3952 918 4021 Quatrefages,
937 3969 981 4021 op.
1009 3952 1055 4005 cit.
1083 3968 1106 4005 c.
1128 3952 1221 4020 25-283

111 4039 257 4104 Hamard,
272 4039 355 4107 L'tge
368 4039 404 4092 de
418 4040 444 4092 la
458 4040 548 4108 pierre
561 4049 589 4092 et
603 4040 745 4094 l’Hornme
759 4039 883 4108 primitis,
901 4039 974 4105 1883.

145 4128 155 4151 ²
172 4125 300 4194 Plerique
314 4125 437 4192 theologi
451 4125 505 4178 htc
519 4125 555 4179 de
568 4142 598 4180 re
617 4126 763 4195 disputant
782 4126 828 4179 ubi
848 4126 885 4180 de
904 4126 1012 4180 visione
1034 4125 1097 4191 Dei,
1111 4141 1160 4178 seu
1181 4125 1216 4178 de

112 4212 221 4267 visione
239 4211 378 4266 beatifica.
417 4213 459 4267 Cf.
483 4214 513 4266 S.
533 4213 630 4267 Thoan.
650 4215 673 4280 l,
688 4232 714 4285 q.
733 4229 773 4282 12,
787 4231 812 4269 a.
827 4229 855 4282 43
874 4214 911 4269 C.
924 4215 1012 4270 Gent.
1024 4215 1047 4268 l.
1060 4215 1164 4280 lll,c.
1179 4227 1234 4280 ψ,

112 4302 228 4366 Saurea
243 4301 280 4354 de
291 4300 395 4354 Divina
410 4302 586 4374 Substantia,
602 4305 618 4358 l.
639 4306 679 4375 ll,
693 4324 716 4361 c.
732 4322 761 4377 93
783 4307 962 4362 Salmantic.
976 4306 1016 4361 de
1030 4302 1163 4358 visione
1177 4297 1262 4359 next
