2684 4634
170 208 228 259 DE
245 206 553 261 CONSECTARIIS·
566 205 807 266 UTRIUSQUE
826 204 1048 254 MYSTERII.
1095 203 1161 254 575

61 388 466 473 mundumingtediente,
481 389 524 453 de
534 387 638 471 Agno
652 388 778 467 occis03
805 382 884 468 ergo
899 384 1049 450 Christus
1061 383 1163 444 homo

61 502 115 556 est
131 495 330 561 adorandus.
936 487 940 494 ’

107 596 171 680 (B)
189 599 220 661 T
216 600 286 663 rad.
331 596 385 685 (a)
403 620 447 662 ex
462 597 643 671 Patribus,·
666 597 713 660 ait
729 597 892 679 siquidem
909 592 1138 660 Athanasium
1152 615 1163 654 .·

60 700 168 764 “Nos
204 711 389 766 creaturam
421 703 616 782 neutiquam
648 701 860 765 adoramus...
891 702 949 764 sed
979 697 1162 761 Dominum

61 813 226 868 creaturae
252 807 459 869 incarnatum
479 807 586 868 Deum
612 804 750 868 Verbum
771 807 953 868 adoramus.
1001 801 1163 886 Quamvis

62 909 255 994 enim-caro
280 911 352 993 ipsa
376 931 435 994 per
458 931 530 972 sese
553 931 629 991 pars
654 919 704 972 est
720 918 953 984 creaturarum,
969 917 1080 970 tamen
1098 904 1170 966 Dei-

62 1032 193 1093 corpus¹
211 1023 261 1076 est
283 1010 380 1077 sacta.
434 1015 485 1077 Ac
509 1035 617 1095 neque
633 1034 751 1096 corpus
775 1013 940 1094 ejusmodi
956 1032 1014 1093 per
1029 1030 1065 1071 se
1080 1009 1162 1070 divi-

63 1115 193 1193 dentes,
209 1137 268 1198 per
282 1118 432 1181 Verbum
448 1117 644 1181 adoramus:
671 1137 778 1197 neque
788 1117 936 1180 Verbum
953 1114 1091 1176 adorare
1105 1131 1161 1173 vo-

63 1219 183 1295 lentes,
209 1221 318 1302 ipsum
343 1221 443 1304 longe
467 1243 487 1285 a
511 1241 610 1285 carne
637 1221 867 1303 disjungimus.
922 1219 1048 1282 Verum
1074 1215 1161 1278 istud

63 1324 217 1400 scientes,
244 1335 282 1388 ut
308 1326 378 1406 jam
404 1326 561 1403 diximus,
588 1325 738 1389 Verbum
764 1344 840 1388 caro
867 1321 988 1386 factum
1014 1331 1073 1396 est,
1099 1319 1162 1381 hoc

65 1427 176 1507 ipsum
191 1428 293 1490 etiam
310 1429 343 1491 in
360 1449 458 1492 carne
470 1430 615 1511 positum
627 1429 736 1491 Deum
749 1429 960 1509 agnoscimus
972 1427 996 1489 ”.
1042 1423 1091 1505 (b)
1107 1423 1162 1484 Ex

67 1529 228 1608 Conciliis,
250 1532 405 1596 videlicet
431 1532 599 1614 Ephesino,
623 1553 693 1595 can.
718 1535 746 1608 8,
765 1532 892 1594 (Ecum.
917 1530 949 1594 V
956 1529 1027 1610 jam
1053 1529 1163 1601 citat0,

65 1633 199 1697 Nr'coeno
218 1635 261 1698 II
273 1631 352 1721 (act.
372 1632 419 1720 5),
435 1636 490 1699 ubi
513 1637 656 1699 dicitur:
687 1634 800 1699 “Cum
818 1634 969 1698 Christus
995 1632 1163 1703 adoratur,

65 1756 133 1799 non
150 1748 323 1818 separatur
338 1738 528 1801 humanitas
544 1761 563 1800 a
579 1739 761 1816 divinitate,
774 1739 832 1802 sed
849 1747 988 1819 utraque
1004 1745 1041 1799 ut
1057 1753 1160 1796 unum

64 1843 225 1904 adoratur
236 1842 261 1907 ”.
308 1843 397 1906 Huic
423 1843 552 1906 accedit
576 1843 748 1904 damnatio
772 1841 1007 1924 propositionis
1034 1838 1161 1920 Synodi

63 1944 280 2008 Prstoriensis
294 1947 471 2009 asserentis
487 1945 653 2007 “adorare
667 1942 792 2008 diretle
807 1944 1050 2006 humanitatem
1068 1941 1162 2005 Chri·

64 2049 118 2123 sti,
135 2049 242 2129 magis
258 2069 337 2111 vero
352 2049 498 2129 aliquam
514 2048 585 2129 ejus
601 2057 739 2129 partem,
754 2030 824 2110 sore
848 2068 979 2129 semper
1001 2047 1161 2107 honorem

63 2150 216 2213 divinum
233 2152 349 2213 datum
367 2161 526 2214 creaturae
539 2153 554 2177 ”
565 2163 586 2213 2.

108 2251 167 2335 (C)
182 2253 259 2317 Rat.
276 2254 364 2317 theol.
411 2254 570 2330 Christus
583 2264 620 2317 ut
636 2254 688 2317 hic
704 2254 815 2329 homo,
831 2252 911 2314 nihil
927 2252 1017 2314 aliud
1033 2259 1084 2314 est
1100 2251 1161 2313 nisi

62 2356 217 2421 Verbum
230 2357 356 2421 habens
366 2359 547 2421 humanam
561 2367 712 2421 naturam
724 2358 785 2420 sibi
799 2357 1015 2439 personaliter
1025 2357 1098 2438 conj
1103 2376 1162 2418 un·

61 2459 167 2536 &am
182 2480 239 2523 seu
256 2461 406 2524 Verbum
426 2482 525 2523 carne
539 2463 715 2538 vestitum;
747 2461 839 2542 atqui
856 2460 1005 2523 Verbum
1022 2461 1161 2522 adoran·

62 2565 147 2628 dum
159 2572 209 2627 est
218 2564 309 2627 cultu
325 2565 438 2641 latriae,
452 2585 662 2647 quocumque
674 2564 789 2628 habitu
799 2585 834 2626 se
850 2564 946 2626 nobis
963 2563 1162 2639 manifestet,

62 2669 159 2735 sicut¹
169 2689 228 2731 rex
244 2668 399 2731 colendus
415 2678 466 2731 est
482 2670 573 2750 regio
589 2669 688 2746 cultu,
704 2687 915 2748 quocumque
930 2666 1045 2729 habitu
1058 2668 1101 2729 sit
1114 2667 1161 2728 in-

63 2774 185 2851 dutus;
207 2772 313 2835 honor
327 2773 416 2835 enim
433 2793 499 2834 non
517 2782 653 2848 naturae,
669 2773 726 2834 sed
736 2783 881 2852 persona
897 2772 1062 2848 redditur;
1095 2791 1161 2833 non

63 2876 157 2941 enim
174 2896 291 2939 manus
306 2864 451 2939 hominis
466 2876 655 2951 honoratur,
666 2875 723 2936 sed
741 2882 830 2936 totus
846 2873 959 2950 homo,
985 2875 1017 2935 in
1029 2873 1162 2936 Christo

63 2988 180 3043 autem
197 3000 264 3043 non
289 2989 340 3043 est
364 2981 425 3042 nisi
442 3001 508 3043 una
524 2998 674 3060 persona,
689 2978 756 3041 scil.
772 2978 921 3041 Verbum
938 2979 971 3040 in
988 2978 1100 3040 divina
1123 2978 1165 3039 ac'

63 3084 215 3160 humana
238 3088 356 3146 natura
378 3084 577 3146 subsistens:
612 3103 691 3165 ergo
709 3103 776 3144 non
801 3091 852 3144 est
867 3083 929 3144 nisi
951 3102 1017 3145 una
1038 3103 1088 3144 res
1104 3083 1162 3145 ad·

63 3188 204 3263 oranda,
219 3188 374 3250 videlicet
389 3187 538 3250 Verbum
558 3189 789 3263 lncarnatum3
814 3186 955 3267 ideoque
972 3187 1003 3246 in
1021 3186 1161 3266 persona

64 3290 172 3354 Verbi
187 3293 384 3354 coadoratur
400 3292 470 3374 ejus
486 3291 685 3367 humanitas
701 3300 865 3372 quatenus
888 3290 927 3350 Ei
952 3289 1162 3371 hypostatice

64 3395 170 3471 unita,
185 3404 219 3457 et
234 3394 369 3476 quidem
385 3396 502 3457 eadem
519 3395 714 3457 adoratione
730 3415 768 3456 ac
785 3392 934 3456 Verbum
953 3394 1061 3474 ipsum
1075 3406 1097 3456 ³.
1158 3410 1160 3413 ’

109 3527 179 3594 260.
227 3542 262 3610 30
278 3528 455 3593 Corollaria
470 3553 482 3592 .·
510 3529 566 3612 (A)
578 3529 705 3594 Omnes
721 3540 754 3593 et
766 3530 905 3610 singulae
922 3540 1031 3611 partes
1047 3532 1162 3595 huma·

64 3656 119 3697 nae
136 3643 263 3697 naturae
280 3632 402 3697 Christi
419 3644 558 3717 possunt
570 3635 659 3698 cultu
678 3635 782 3697 latriae
799 3636 938 3708 adorari,
953 3637 1031 3716 quia
1047 3657 1162 3698 omnes

63 3748 145 3802 sunt
160 3758 255 3819 aeque
265 3737 377 3800 Verbo
390 3738 600 3820 hypostatice
616 3738 718 3800 unitae
734 3762 740 3800 :
765 3759 831 3800 non
849 3748 961 3801 tamen
979 3741 1114 3820 expedit
1127 3750 1163 3802 ut

63 3841 206 3923 singulis
229 3841 378 3922 partibus
401 3841 553 3922 specialis
569 3841 677 3904 cultus
701 3842 910 3917 exhibeatur,
926 3823 987 3905 nisi
1012 3843 1163 3925 specialis

64 3948 155 4012 adsit
177 3947 270 4021 rati0,
287 3964 328 4006 ne
350 3945 531 4009 infidelium
549 3947 688 4008 irrisioni
706 3945 796 4008 locus
813 3947 917 4009 detur.
963 3948 1024 4029 (B)
1042 3950 1164 4010 Praeter

63 4055 154 4117 hunc
181 4051 285 4114 latriae
310 4050 446 4125 cultum,
463 4070 530 4112 non
555 4059 667 4131 potest
690 4051 761 4129 ejus
787 4051 999 4126 humanitati,
1023 4055 1159 4115 seorsim

100 4233 108 4256 ¹
120 4223 173 4292 Ep.
187 4221 224 4275 ad
237 4221 359 4290 Adolph.
376 4252 403 4258 —
417 4219 573 4289 ²Denzr'ng.
587 4239 634 4275 nn.
651 4223 708 4291 180,
729 4238 806 4291 1424.

99 4310 150 4366 ³S.
166 4309 276 4378 Thom„
290 4323 314 4376 3,
328 4327 353 4379 q.
369 4322 410 4378 25,
424 4326 449 4363 a.
467 4325 487 4364 1.
