<?xml version="1.0" encoding="UTF-8"?>
<!DOCTYPE html PUBLIC "-//W3C//DTD XHTML 1.0 Transitional//EN"
    "http://www.w3.org/TR/xhtml1/DTD/xhtml1-transitional.dtd">
<html xmlns="http://www.w3.org/1999/xhtml" xml:lang="en" lang="en">
 <head>
  <title>
</title>
<meta http-equiv="Content-Type" content="text/html;charset=utf-8" />
  <meta name='ocr-system' content='tesseract 3.04.00' />
  <meta name='ocr-capabilities' content='ocr_page ocr_carea ocr_par ocr_line ocrx_word'/>
</head>
<body>
  <div class='ocr_page' id='page_1' title='image "./synopsistheolog00tanqgoog_0627.png"; bbox 0 0 2684 4634; ppageno 0'>
   <div class='ocr_carea' id='block_1_1' title="bbox 121 165 777 225">
    <p class='ocr_par' dir='ltr' id='par_1_1' title="bbox 121 165 777 225">
     <span class='ocr_line' id='line_1_1' title="bbox 121 165 777 225; baseline -0.018 0"><span class='ocrx_word' id='word_1_1' title='bbox 121 173 189 225; x_wconf 79' lang='grc'>606</span> <span class='ocrx_word' id='word_1_2' title='bbox 565 165 705 216; x_wconf 74' lang='lat' dir='ltr'>CAPUT</span> <span class='ocrx_word' id='word_1_3' title='bbox 722 166 777 213; x_wconf 86' lang='lat' dir='ltr'>lv.</span> 
     </span>
    </p>
   </div>
   <div class='ocr_carea' id='block_1_2' title="bbox 118 345 1222 1350">
    <p class='ocr_par' dir='ltr' id='par_1_2' title="bbox 118 345 1222 1350">
     <span class='ocr_line' id='line_1_2' title="bbox 161 345 1222 429; baseline -0.008 -15"><span class='ocrx_word' id='word_1_4' title='bbox 161 350 222 429; x_wconf 86' lang='lat' dir='ltr'>(B)</span> <span class='ocrx_word' id='word_1_5' title='bbox 245 347 492 410; x_wconf 83' lang='lat' dir='ltr'>Animadvertit</span> <span class='ocrx_word' id='word_1_6' title='bbox 518 356 631 409; x_wconf 89' lang='lat' dir='ltr'>autem</span> <span class='ocrx_word' id='word_1_7' title='bbox 648 345 684 407; x_wconf 85' lang='lat' dir='ltr'>S.</span> <span class='ocrx_word' id='word_1_8' title='bbox 706 345 848 406; x_wconf 78' lang='lat' dir='ltr'><em>Thomas</em></span> <span class='ocrx_word' id='word_1_9' title='bbox 861 345 906 426; x_wconf 92' lang='lat' dir='ltr'>(q.</span> <span class='ocrx_word' id='word_1_10' title='bbox 925 348 978 419; x_wconf 85' lang='lat'>28,</span> <span class='ocrx_word' id='word_1_11' title='bbox 994 365 1023 406; x_wconf 87' lang='lat' dir='ltr'>a.</span> <span class='ocrx_word' id='word_1_12' title='bbox 1039 345 1080 425; x_wconf 89' lang='lat'>4)</span> <span class='ocrx_word' id='word_1_13' title='bbox 1103 345 1139 406; x_wconf 90' lang='lat' dir='ltr'>B.</span> <span class='ocrx_word' id='word_1_14' title='bbox 1158 345 1222 406; x_wconf 87' lang='lat' dir='ltr'>Ma-</span> 
     </span>
     <span class='ocr_line' id='line_1_3' title="bbox 119 447 1219 530; baseline -0.006 -17"><span class='ocrx_word' id='word_1_15' title='bbox 119 452 213 525; x_wconf 88' lang='lat' dir='ltr'>riam,</span> <span class='ocrx_word' id='word_1_16' title='bbox 227 460 408 530; x_wconf 86' lang='lat' dir='ltr'>antequam</span> <span class='ocrx_word' id='word_1_17' title='bbox 424 448 551 528; x_wconf 90' lang='lat' dir='ltr'>Joseph</span> <span class='ocrx_word' id='word_1_18' title='bbox 567 449 835 529; x_wconf 84' lang='lat' dir='ltr'>desponsaretur,</span> <span class='ocrx_word' id='word_1_19' title='bbox 851 466 918 509; x_wconf 93' lang='lat' dir='ltr'>non</span> <span class='ocrx_word' id='word_1_20' title='bbox 941 447 1155 528; x_wconf 83' lang='lat' dir='ltr'>simpliciter,</span> <span class='ocrx_word' id='word_1_21' title='bbox 1170 447 1219 506; x_wconf 90' lang='lat' dir='ltr'>sed</span> 
     </span>
     <span class='ocr_line' id='line_1_4' title="bbox 118 549 1220 630; baseline -0.007 -15"><span class='ocrx_word' id='word_1_22' title='bbox 118 551 177 615; x_wconf 78' lang='lat' dir='ltr'>sub</span> <span class='ocrx_word' id='word_1_23' title='bbox 200 551 378 614; x_wconf 83' lang='lat' dir='ltr'>conditione</span> <span class='ocrx_word' id='word_1_24' title='bbox 403 551 630 630; x_wconf 87' lang='lat' dir='ltr'>virginitatem</span> <span class='ocrx_word' id='word_1_25' title='bbox 653 549 785 611; x_wconf 89' lang='lat' dir='ltr'>vovisse</span> <span class='ocrx_word' id='word_1_26' title='bbox 792 571 801 624; x_wconf 88' lang='lat'>;</span> <span class='ocrx_word' id='word_1_27' title='bbox 833 569 922 623; x_wconf 92' lang='lat' dir='ltr'>nam,</span> <span class='ocrx_word' id='word_1_28' title='bbox 941 569 1049 630; x_wconf 93' lang='lat' dir='ltr'>quum</span> <span class='ocrx_word' id='word_1_29' title='bbox 1076 558 1220 629; x_wconf 90' lang='lat' dir='ltr'>tempore</span> 
     </span>
     <span class='ocr_line' id='line_1_5' title="bbox 119 651 1218 750; baseline -0.004 -34"><span class='ocrx_word' id='word_1_30' title='bbox 119 653 201 736; x_wconf 89' lang='lat' dir='ltr'>legis</span> <span class='ocrx_word' id='word_1_31' title='bbox 217 654 327 716; x_wconf 87' lang='lat' dir='ltr'>cultus</span> <span class='ocrx_word' id='word_1_32' title='bbox 344 652 407 714; x_wconf 91' lang='lat' dir='ltr'>Dei</span> <span class='ocrx_word' id='word_1_33' title='bbox 425 672 485 733; x_wconf 89' lang='lat' dir='ltr'>per</span> <span class='ocrx_word' id='word_1_34' title='bbox 502 652 754 733; x_wconf 88' lang='lat' dir='ltr'>generationem</span> <span class='ocrx_word' id='word_1_35' title='bbox 770 651 1218 750; x_wconf 31' lang='lat' dir='ltr'>praesertimhpropagaretur,</span> 
     </span>
     <span class='ocr_line' id='line_1_6' title="bbox 121 753 1215 834; baseline -0.008 -14"><span class='ocrx_word' id='word_1_36' title='bbox 121 759 238 832; x_wconf 90' lang='lat' dir='ltr'>Maria,</span> <span class='ocrx_word' id='word_1_37' title='bbox 265 757 342 819; x_wconf 88' lang='lat' dir='ltr'>licet</span> <span class='ocrx_word' id='word_1_38' title='bbox 369 757 402 816; x_wconf 89' lang='lat' dir='ltr'>in</span> <span class='ocrx_word' id='word_1_39' title='bbox 426 753 594 816; x_wconf 90' lang='lat' dir='ltr'>desiderio</span> <span class='ocrx_word' id='word_1_40' title='bbox 621 753 846 834; x_wconf 89' lang='lat' dir='ltr'>virginitatem</span> <span class='ocrx_word' id='word_1_41' title='bbox 875 753 1041 828; x_wconf 88' lang='lat' dir='ltr'>habuerit,</span> <span class='ocrx_word' id='word_1_42' title='bbox 1058 774 1135 816; x_wconf 92' lang='lat' dir='ltr'>eam</span> <span class='ocrx_word' id='word_1_43' title='bbox 1160 772 1215 814; x_wconf 90' lang='lat' dir='ltr'>non</span> 
     </span>
     <span class='ocr_line' id='line_1_7' title="bbox 123 854 1214 936; baseline -0.005 -15"><span class='ocrx_word' id='word_1_44' title='bbox 123 861 211 922; x_wconf 83' lang='lat' dir='ltr'>vovit</span> <span class='ocrx_word' id='word_1_45' title='bbox 227 858 389 932; x_wconf 89' lang='lat' dir='ltr'>absolute,</span> <span class='ocrx_word' id='word_1_46' title='bbox 405 858 464 920; x_wconf 84' lang='lat' dir='ltr'>sed</span> <span class='ocrx_word' id='word_1_47' title='bbox 480 856 544 918; x_wconf 92' lang='lat' dir='ltr'>sub</span> <span class='ocrx_word' id='word_1_48' title='bbox 560 856 753 917; x_wconf 90' lang='lat' dir='ltr'>conditione</span> <span class='ocrx_word' id='word_1_49' title='bbox 768 856 796 917; x_wconf 91' lang='lat' dir='ltr'>si</span> <span class='ocrx_word' id='word_1_50' title='bbox 813 856 889 920; x_wconf 88' lang='lat' dir='ltr'>Deo</span> <span class='ocrx_word' id='word_1_51' title='bbox 904 854 1064 936; x_wconf 91' lang='lat' dir='ltr'>placeret.</span> <span class='ocrx_word' id='word_1_52' title='bbox 1114 855 1214 917; x_wconf 88' lang='lat' dir='ltr'>Potuit</span> 
     </span>
     <span class='ocr_line' id='line_1_8' title="bbox 120 957 1210 1042; baseline -0.004 -20"><span class='ocrx_word' id='word_1_53' title='bbox 120 962 220 1042; x_wconf 89' lang='lat' dir='ltr'>igitur</span> <span class='ocrx_word' id='word_1_54' title='bbox 234 961 439 1042; x_wconf 87' lang='lat' dir='ltr'>desponsari,</span> <span class='ocrx_word' id='word_1_55' title='bbox 454 960 570 1022; x_wconf 93' lang='lat' dir='ltr'>divino</span> <span class='ocrx_word' id='word_1_56' title='bbox 592 958 721 1020; x_wconf 89' lang='lat' dir='ltr'>auxilio</span> <span class='ocrx_word' id='word_1_57' title='bbox 741 957 912 1020; x_wconf 91' lang='lat' dir='ltr'>confidens</span> <span class='ocrx_word' id='word_1_58' title='bbox 933 960 1029 1040; x_wconf 93' lang='lat' dir='ltr'>quod</span> <span class='ocrx_word' id='word_1_59' title='bbox 1052 977 1210 1038; x_wconf 91' lang='lat' dir='ltr'>nunquam</span> 
     </span>
     <span class='ocr_line' id='line_1_9' title="bbox 121 1061 1210 1140; baseline -0.006 -13"><span class='ocrx_word' id='word_1_60' title='bbox 121 1067 370 1128; x_wconf 85' lang='lat' dir='ltr'>matrimonium</span> <span class='ocrx_word' id='word_1_61' title='bbox 407 1070 661 1126; x_wconf 86' lang='lat' dir='ltr'>consummaret</span> <span class='ocrx_word' id='word_1_62' title='bbox 718 1061 938 1123; x_wconf 89' lang='lat' dir='ltr'>Postmodum</span> <span class='ocrx_word' id='word_1_63' title='bbox 967 1080 1059 1135; x_wconf 89' lang='lat' dir='ltr'>ver0,</span> <span class='ocrx_word' id='word_1_64' title='bbox 1088 1069 1210 1140; x_wconf 89' lang='lat' dir='ltr'>accepto</span> 
     </span>
     <span class='ocr_line' id='line_1_10' title="bbox 120 1162 1207 1248; baseline -0.004 -20"><span class='ocrx_word' id='word_1_65' title='bbox 120 1188 253 1248; x_wconf 91' lang='lat' dir='ltr'>sponso,</span> <span class='ocrx_word' id='word_1_66' title='bbox 269 1167 452 1230; x_wconf 90' lang='lat' dir='ltr'>secundum</span> <span class='ocrx_word' id='word_1_67' title='bbox 479 1166 569 1247; x_wconf 92' lang='lat' dir='ltr'>quod</span> <span class='ocrx_word' id='word_1_68' title='bbox 593 1184 702 1226; x_wconf 88' lang='lat' dir='ltr'>mores</span> <span class='ocrx_word' id='word_1_69' title='bbox 726 1162 813 1225; x_wconf 92' lang='lat' dir='ltr'>illius</span> <span class='ocrx_word' id='word_1_70' title='bbox 840 1165 1003 1244; x_wconf 89' lang='lat' dir='ltr'>temporis</span> <span class='ocrx_word' id='word_1_71' title='bbox 1028 1164 1207 1244; x_wconf 80' lang='lat' dir='ltr'>exigebant,</span> 
     </span>
     <span class='ocr_line' id='line_1_11' title="bbox 120 1269 1016 1350; baseline 0 -19"><span class='ocrx_word' id='word_1_72' title='bbox 120 1271 218 1333; x_wconf 93' lang='lat' dir='ltr'>simul</span> <span class='ocrx_word' id='word_1_73' title='bbox 235 1291 311 1333; x_wconf 93' lang='lat' dir='ltr'>cum</span> <span class='ocrx_word' id='word_1_74' title='bbox 327 1291 367 1332; x_wconf 93' lang='lat' dir='ltr'>eo</span> <span class='ocrx_word' id='word_1_75' title='bbox 382 1269 582 1350; x_wconf 88' lang='lat' dir='ltr'>virginitatis</span> <span class='ocrx_word' id='word_1_76' title='bbox 598 1281 714 1331; x_wconf 88' lang='lat' dir='ltr'>votum</span> <span class='ocrx_word' id='word_1_77' title='bbox 731 1269 883 1331; x_wconf 88' lang='lat' dir='ltr'>absolute</span> <span class='ocrx_word' id='word_1_78' title='bbox 894 1269 1016 1331; x_wconf 89' lang='lat' dir='ltr'>emisit.</span> 
     </span>
    </p>
   </div>
   <div class='ocr_carea' id='block_1_3' title="bbox 235 1423 1108 1500">
    <p class='ocr_par' dir='ltr' id='par_1_3' title="bbox 235 1423 1108 1500">
     <span class='ocr_line' id='line_1_12' title="bbox 235 1423 1108 1500; baseline -0.002 -12"><span class='ocrx_word' id='word_1_79' title='bbox 235 1433 306 1489; x_wconf 90' lang='lat'>111.</span> <span class='ocrx_word' id='word_1_80' title='bbox 324 1431 379 1488; x_wconf 83' lang='lat' dir='ltr'>De</span> <span class='ocrx_word' id='word_1_81' title='bbox 402 1423 528 1500; x_wconf 73' lang='lat' dir='ltr'>gratia</span> <span class='ocrx_word' id='word_1_82' title='bbox 550 1437 588 1487; x_wconf 84' lang='lat' dir='ltr'>et</span> <span class='ocrx_word' id='word_1_83' title='bbox 610 1431 818 1489; x_wconf 81' lang='lat' dir='ltr'>sanctitate</span> <span class='ocrx_word' id='word_1_84' title='bbox 843 1429 884 1488; x_wconf 89' lang='lat' dir='ltr'>B.</span> <span class='ocrx_word' id='word_1_85' title='bbox 903 1427 1076 1498; x_wconf 80' lang='lat' dir='ltr'>Virginis</span> <span class='ocrx_word' id='word_1_86' title='bbox 1087 1438 1108 1486; x_wconf 84' lang='lat'>¹.</span> 
     </span>
    </p>
   </div>
   <div class='ocr_carea' id='block_1_4' title="bbox 111 1555 1250 3604">
    <p class='ocr_par' dir='ltr' id='par_1_4' title="bbox 120 1555 1250 1934">
     <span class='ocr_line' id='line_1_13' title="bbox 165 1555 1250 1655; baseline -0.01 -30"><span class='ocrx_word' id='word_1_87' title='bbox 165 1562 215 1625; x_wconf 94' lang='lat' dir='ltr'>Ut</span> <span class='ocrx_word' id='word_1_88' title='bbox 231 1560 344 1640; x_wconf 95' lang='lat' dir='ltr'>aliquo</span> <span class='ocrx_word' id='word_1_89' title='bbox 365 1559 467 1620; x_wconf 93' lang='lat' dir='ltr'>modo</span> <span class='ocrx_word' id='word_1_90' title='bbox 487 1578 623 1620; x_wconf 88' lang='lat' dir='ltr'>noscere</span> <span class='ocrx_word' id='word_1_91' title='bbox 645 1559 813 1639; x_wconf 91' lang='lat' dir='ltr'>possimus</span> <span class='ocrx_word' id='word_1_92' title='bbox 839 1566 966 1639; x_wconf 85' lang='lat' dir='ltr'>quanta</span> <span class='ocrx_word' id='word_1_93' title='bbox 985 1555 1087 1619; x_wconf 83' lang='lat' dir='ltr'>fuerit</span> <span class='ocrx_word' id='word_1_94' title='bbox 1104 1555 1200 1618; x_wconf 78' lang='lat' dir='ltr'>Maria</span> <span class='ocrx_word' id='word_1_95' title='bbox 1246 1563 1250 1655; x_wconf 62' lang='lat'><strong>¹</strong></span> 
     </span>
     <span class='ocr_line' id='line_1_14' title="bbox 121 1658 1199 1744; baseline -0.01 -15"><span class='ocrx_word' id='word_1_96' title='bbox 121 1662 290 1738; x_wconf 67' lang='lat' dir='ltr'>sanctitas,</span> <span class='ocrx_word' id='word_1_97' title='bbox 306 1663 567 1744; x_wconf 88' lang='lat' dir='ltr'>expendendum</span> <span class='ocrx_word' id='word_1_98' title='bbox 588 1671 639 1723; x_wconf 88' lang='lat' dir='ltr'>est</span> <span class='ocrx_word' id='word_1_99' title='bbox 662 1664 789 1742; x_wconf 75' lang='lat' dir='ltr'>quanta</span> <span class='ocrx_word' id='word_1_100' title='bbox 811 1664 966 1724; x_wconf 72' lang='lat' dir='ltr'>mensura</span> <span class='ocrx_word' id='word_1_101' title='bbox 991 1661 1025 1721; x_wconf 92' lang='lat' dir='ltr'>in</span> <span class='ocrx_word' id='word_1_102' title='bbox 1039 1661 1148 1740; x_wconf 80' lang='lat' dir='ltr'>primo</span> <span class='ocrx_word' id='word_1_103' title='bbox 1165 1658 1199 1719; x_wconf 88' lang='lat' dir='ltr'>in·</span> 
     </span>
     <span class='ocr_line' id='line_1_15' title="bbox 120 1763 1199 1847; baseline -0.009 -16"><span class='ocrx_word' id='word_1_104' title='bbox 120 1770 225 1831; x_wconf 86' lang='lat' dir='ltr'>stanti</span> <span class='ocrx_word' id='word_1_105' title='bbox 238 1767 380 1847; x_wconf 85' lang='lat' dir='ltr'>gratiam</span> <span class='ocrx_word' id='word_1_106' title='bbox 398 1766 572 1847; x_wconf 85' lang='lat' dir='ltr'>acceperit,</span> <span class='ocrx_word' id='word_1_107' title='bbox 588 1775 622 1827; x_wconf 88' lang='lat' dir='ltr'>et</span> <span class='ocrx_word' id='word_1_108' title='bbox 646 1766 817 1845; x_wconf 92' lang='lat' dir='ltr'>quomodo</span> <span class='ocrx_word' id='word_1_109' title='bbox 833 1765 866 1825; x_wconf 94' lang='lat' dir='ltr'>in</span> <span class='ocrx_word' id='word_1_110' title='bbox 882 1764 1018 1825; x_wconf 80' lang='lat' dir='ltr'>decursu</span> <span class='ocrx_word' id='word_1_111' title='bbox 1034 1763 1111 1826; x_wconf 79' lang='lat' dir='ltr'>vito</span> <span class='ocrx_word' id='word_1_112' title='bbox 1131 1779 1199 1824; x_wconf 86' lang='lat' dir='ltr'>eam·</span> 
     </span>
     <span class='ocr_line' id='line_1_16' title="bbox 121 1870 358 1934; baseline -0.013 0"><span class='ocrx_word' id='word_1_113' title='bbox 121 1873 198 1934; x_wconf 92' lang='lat' dir='ltr'>dem</span> <span class='ocrx_word' id='word_1_114' title='bbox 215 1870 358 1931; x_wconf 89' lang='lat' dir='ltr'>auxerit.</span> 
     </span>
    </p>

    <p class='ocr_par' dir='ltr' id='par_1_5' title="bbox 111 1966 1250 3604">
     <span class='ocr_line' id='line_1_17' title="bbox 164 1966 1250 2050; baseline -0.01 -15"><span class='ocrx_word' id='word_1_115' title='bbox 164 1972 231 2036; x_wconf 86' lang='lat'><strong>288.</strong></span> <span class='ocrx_word' id='word_1_116' title='bbox 281 1984 313 2032; x_wconf 89' lang='lat'>10</span> <span class='ocrx_word' id='word_1_117' title='bbox 330 1970 372 2032; x_wconf 88' lang='lat' dir='ltr'>In</span> <span class='ocrx_word' id='word_1_118' title='bbox 379 1971 492 2050; x_wconf 81' lang='lat' dir='ltr'>primo</span> <span class='ocrx_word' id='word_1_119' title='bbox 509 1969 651 2032; x_wconf 85' lang='lat' dir='ltr'>instanti</span> <span class='ocrx_word' id='word_1_120' title='bbox 667 1989 733 2031; x_wconf 79' lang='lat' dir='ltr'>suco</span> <span class='ocrx_word' id='word_1_121' title='bbox 747 1968 962 2049; x_wconf 82' lang='lat' dir='ltr'>conceptionis,</span> <span class='ocrx_word' id='word_1_122' title='bbox 976 1967 1016 2030; x_wconf 91' lang='lat' dir='ltr'>B.</span> <span class='ocrx_word' id='word_1_123' title='bbox 1038 1967 1137 2047; x_wconf 81' lang='lat' dir='ltr'>Virgo</span> <span class='ocrx_word' id='word_1_124' title='bbox 1149 1984 1200 2028; x_wconf 85' lang='lat' dir='ltr'>mo·</span> <span class='ocrx_word' id='word_1_125' title='bbox 1248 1966 1250 2019; x_wconf 93' lang='lat' dir='ltr'>l</span> 
     </span>
     <span class='ocr_line' id='line_1_18' title="bbox 111 2065 1201 2160; baseline -0.012 -21"><span class='ocrx_word' id='word_1_126' title='bbox 111 2078 221 2160; x_wconf 81' lang='lat' dir='ltr'>jorom</span> <span class='ocrx_word' id='word_1_127' title='bbox 242 2075 359 2155; x_wconf 81' lang='lat' dir='ltr'>accepit</span> <span class='ocrx_word' id='word_1_128' title='bbox 376 2074 526 2156; x_wconf 84' lang='lat' dir='ltr'>gratiam</span> <span class='ocrx_word' id='word_1_129' title='bbox 544 2093 644 2153; x_wconf 86' lang='lat' dir='ltr'>quam</span> <span class='ocrx_word' id='word_1_130' title='bbox 659 2071 788 2151; x_wconf 69' lang='lat' dir='ltr'>singuli</span> <span class='ocrx_word' id='word_1_131' title='bbox 807 2068 951 2133; x_wconf 81' lang='lat' dir='ltr'>hominos</span> <span class='ocrx_word' id='word_1_132' title='bbox 968 2080 1030 2132; x_wconf 87' lang='lat' dir='ltr'>aut</span> <span class='ocrx_word' id='word_1_133' title='bbox 1042 2069 1160 2152; x_wconf 83' lang='lat' dir='ltr'>Angeli</span> <span class='ocrx_word' id='word_1_134' title='bbox 1176 2065 1201 2126; x_wconf 83' lang='lat' dir='ltr'>io</span> 
     </span>
     <span class='ocr_line' id='line_1_19' title="bbox 121 2173 1204 2258; baseline -0.01 -17"><span class='ocrx_word' id='word_1_135' title='bbox 121 2180 181 2242; x_wconf 78' lang='lat' dir='ltr'>sud</span> <span class='ocrx_word' id='word_1_136' title='bbox 191 2178 305 2258; x_wconf 70' lang='lat' dir='ltr'>primii</span> <span class='ocrx_word' id='word_1_137' title='bbox 320 2178 580 2258; x_wconf 73' lang='lat' dir='ltr'>soniiificotiono.</span> <span class='ocrx_word' id='word_1_138' title='bbox 619 2175 755 2238; x_wconf 90' lang='lat' dir='ltr'>Certum</span> <span class='ocrx_word' id='word_1_139' title='bbox 772 2183 831 2237; x_wconf 80' lang='lat' dir='ltr'>est.</span> <span class='ocrx_word' id='word_1_140' title='bbox 878 2174 966 2236; x_wconf 90' lang='lat' dir='ltr'>Nam</span> <span class='ocrx_word' id='word_1_141' title='bbox 983 2174 1093 2254; x_wconf 90' lang='lat' dir='ltr'>gratia</span> <span class='ocrx_word' id='word_1_142' title='bbox 1105 2173 1204 2251; x_wconf 82' lang='lat' dir='ltr'>cuique</span> 
     </span>
     <span class='ocr_line' id='line_1_20' title="bbox 122 2273 1204 2360; baseline -0.012 -14"><span class='ocrx_word' id='word_1_143' title='bbox 122 2304 142 2346; x_wconf 92' lang='lat' dir='ltr'>a</span> <span class='ocrx_word' id='word_1_144' title='bbox 158 2283 232 2344; x_wconf 91' lang='lat' dir='ltr'>Deo</span> <span class='ocrx_word' id='word_1_145' title='bbox 248 2280 378 2354; x_wconf 87' lang='lat' dir='ltr'>collata,</span> <span class='ocrx_word' id='word_1_146' title='bbox 394 2280 665 2360; x_wconf 87' lang='lat' dir='ltr'>proportionatur</span> <span class='ocrx_word' id='word_1_147' title='bbox 687 2277 844 2358; x_wconf 90' lang='lat' dir='ltr'>dignitati</span> <span class='ocrx_word' id='word_1_148' title='bbox 868 2285 902 2338; x_wconf 92' lang='lat' dir='ltr'>et</span> <span class='ocrx_word' id='word_1_149' title='bbox 925 2278 1055 2339; x_wconf 89' lang='lat' dir='ltr'>muneri</span> <span class='ocrx_word' id='word_1_150' title='bbox 1071 2273 1204 2338; x_wconf 86' lang='lat' dir='ltr'>uniuscu-</span> 
     </span>
     <span class='ocr_line' id='line_1_21' title="bbox 119 2379 1207 2467; baseline -0.013 -20"><span class='ocrx_word' id='word_1_151' title='bbox 119 2387 254 2467; x_wconf 89' lang='lat' dir='ltr'>jusque;</span> <span class='ocrx_word' id='word_1_152' title='bbox 277 2383 369 2461; x_wconf 87' lang='lat' dir='ltr'>atqui</span> <span class='ocrx_word' id='word_1_153' title='bbox 387 2402 507 2444; x_wconf 89' lang='lat' dir='ltr'>munus</span> <span class='ocrx_word' id='word_1_154' title='bbox 525 2381 649 2456; x_wconf 74' lang='lat' dir='ltr'>Mariae,</span> <span class='ocrx_word' id='word_1_155' title='bbox 665 2400 740 2461; x_wconf 83' lang='lat' dir='ltr'>quae</span> <span class='ocrx_word' id='word_1_156' title='bbox 753 2379 824 2460; x_wconf 88' lang='lat' dir='ltr'>jam</span> <span class='ocrx_word' id='word_1_157' title='bbox 841 2379 1073 2441; x_wconf 90' lang='lat' dir='ltr'>destinabatur</span> <span class='ocrx_word' id='word_1_158' title='bbox 1084 2389 1121 2442; x_wconf 93' lang='lat' dir='ltr'>ut</span> <span class='ocrx_word' id='word_1_159' title='bbox 1137 2383 1207 2439; x_wconf 88' lang='lat' dir='ltr'>esset</span> 
     </span>
     <span class='ocr_line' id='line_1_22' title="bbox 123 2482 1207 2565; baseline -0.007 -15"><span class='ocrx_word' id='word_1_160' title='bbox 123 2489 232 2551; x_wconf 87' lang='lat' dir='ltr'>Mater</span> <span class='ocrx_word' id='word_1_161' title='bbox 254 2486 327 2559; x_wconf 90' lang='lat' dir='ltr'>Dei,</span> <span class='ocrx_word' id='word_1_162' title='bbox 343 2496 477 2565; x_wconf 90' lang='lat' dir='ltr'>superat</span> <span class='ocrx_word' id='word_1_163' title='bbox 504 2485 688 2565; x_wconf 88' lang='lat' dir='ltr'>quamlibet</span> <span class='ocrx_word' id='word_1_164' title='bbox 711 2483 925 2565; x_wconf 82' lang='lat' dir='ltr'>dignitatem3</span> <span class='ocrx_word' id='word_1_165' title='bbox 958 2502 1038 2563; x_wconf 87' lang='lat' dir='ltr'>ergo</span> <span class='ocrx_word' id='word_1_166' title='bbox 1062 2482 1207 2563; x_wconf 87' lang='lat' dir='ltr'>majorem</span> 
     </span>
     <span class='ocr_line' id='line_1_23' title="bbox 121 2585 1209 2672; baseline -0.007 -20"><span class='ocrx_word' id='word_1_167' title='bbox 121 2591 261 2672; x_wconf 86' lang='lat' dir='ltr'>gratiam</span> <span class='ocrx_word' id='word_1_168' title='bbox 279 2609 379 2669; x_wconf 91' lang='lat' dir='ltr'>quam</span> <span class='ocrx_word' id='word_1_169' title='bbox 396 2591 495 2650; x_wconf 90' lang='lat' dir='ltr'>ceteri</span> <span class='ocrx_word' id='word_1_170' title='bbox 512 2589 648 2668; x_wconf 87' lang='lat' dir='ltr'>accepit.</span> <span class='ocrx_word' id='word_1_171' title='bbox 693 2586 744 2668; x_wconf 78' lang='lat' dir='ltr'>(S.</span> <span class='ocrx_word' id='word_1_172' title='bbox 766 2587 797 2647; x_wconf 88' lang='lat' dir='ltr'><em>T</em></span> <span class='ocrx_word' id='word_1_173' title='bbox 793 2587 823 2649; x_wconf 76' lang='lat' dir='ltr'>lo.</span> <span class='ocrx_word' id='word_1_174' title='bbox 835 2607 865 2666; x_wconf 92' lang='lat' dir='ltr'>q.</span> <span class='ocrx_word' id='word_1_175' title='bbox 879 2601 929 2666; x_wconf 89' lang='lat'>27,</span> <span class='ocrx_word' id='word_1_176' title='bbox 941 2606 967 2647; x_wconf 90' lang='lat' dir='ltr'>a.</span> <span class='ocrx_word' id='word_1_177' title='bbox 977 2589 1021 2663; x_wconf 84' lang='lat'>4).</span> <span class='ocrx_word' id='word_1_178' title='bbox 1076 2587 1166 2648; x_wconf 91' lang='lat' dir='ltr'>Hinc</span> <span class='ocrx_word' id='word_1_179' title='bbox 1184 2585 1209 2644; x_wconf 89' lang='lat' dir='ltr'>iu</span> 
     </span>
     <span class='ocr_line' id='line_1_24' title="bbox 123 2689 1212 2773; baseline -0.006 -17"><span class='ocrx_word' id='word_1_180' title='bbox 123 2693 219 2757; x_wconf 76' lang='lat' dir='ltr'>Bulla</span> <span class='ocrx_word' id='word_1_181' title='bbox 233 2691 424 2771; x_wconf 58' lang='lat' dir='ltr'>[neffabilia</span> <span class='ocrx_word' id='word_1_182' title='bbox 441 2691 512 2758; x_wconf 86' lang='lat' dir='ltr'>haec</span> <span class='ocrx_word' id='word_1_183' title='bbox 537 2692 713 2772; x_wconf 87' lang='lat' dir='ltr'>leguntur:</span> <span class='ocrx_word' id='word_1_184' title='bbox 751 2690 997 2773; x_wconf 81' lang='lat' dir='ltr'>“Quapropter</span> <span class='ocrx_word' id='word_1_185' title='bbox 1014 2689 1107 2753; x_wconf 92' lang='lat' dir='ltr'>illam</span> <span class='ocrx_word' id='word_1_186' title='bbox 1126 2690 1212 2770; x_wconf 84' lang='lat' dir='ltr'>longe</span> 
     </span>
     <span class='ocr_line' id='line_1_25' title="bbox 122 2791 1213 2875; baseline -0.005 -17"><span class='ocrx_word' id='word_1_187' title='bbox 122 2806 199 2858; x_wconf 91' lang='lat' dir='ltr'>ante</span> <span class='ocrx_word' id='word_1_188' title='bbox 209 2814 325 2856; x_wconf 90' lang='lat' dir='ltr'>omnes</span> <span class='ocrx_word' id='word_1_189' title='bbox 338 2794 505 2874; x_wconf 87' lang='lat' dir='ltr'>angelicos</span> <span class='ocrx_word' id='word_1_190' title='bbox 518 2794 660 2875; x_wconf 88' lang='lat' dir='ltr'>Spiritus</span> <span class='ocrx_word' id='word_1_191' title='bbox 671 2791 873 2874; x_wconf 71' lang='lat' dir='ltr'>cunctosque</span> <span class='ocrx_word' id='word_1_192' title='bbox 887 2791 1029 2856; x_wconf 66' lang='lat' dir='ltr'>sanctos</span> <span class='ocrx_word' id='word_1_193' title='bbox 1040 2794 1213 2856; x_wconf 88' lang='lat' dir='ltr'>coelestium</span> 
     </span>
     <span class='ocr_line' id='line_1_26' title="bbox 122 2897 1214 2980; baseline -0.001 -19"><span class='ocrx_word' id='word_1_194' title='bbox 122 2900 270 2961; x_wconf 89' lang='lat' dir='ltr'>omnium</span> <span class='ocrx_word' id='word_1_195' title='bbox 288 2897 525 2959; x_wconf 88' lang='lat' dir='ltr'>charismatum</span> <span class='ocrx_word' id='word_1_196' title='bbox 539 2898 635 2978; x_wconf 72' lang='lat' dir='ltr'>copia</span> <span class='ocrx_word' id='word_1_197' title='bbox 648 2899 690 2960; x_wconf 87' lang='lat' dir='ltr'>de</span> <span class='ocrx_word' id='word_1_198' title='bbox 707 2899 862 2960; x_wconf 90' lang='lat' dir='ltr'>thesauro</span> <span class='ocrx_word' id='word_1_199' title='bbox 874 2899 1214 2980; x_wconf 88' lang='lat' dir='ltr'>divinitatisdeprom·</span> 
     </span>
     <span class='ocr_line' id='line_1_27' title="bbox 122 3000 1216 3083; baseline -0.001 -20"><span class='ocrx_word' id='word_1_200' title='bbox 122 3007 179 3083; x_wconf 74' lang='lat' dir='ltr'>pta</span> <span class='ocrx_word' id='word_1_201' title='bbox 197 3003 242 3063; x_wconf 89' lang='lat' dir='ltr'>ita</span> <span class='ocrx_word' id='word_1_202' title='bbox 259 3000 394 3062; x_wconf 86' lang='lat' dir='ltr'>mirifice</span> <span class='ocrx_word' id='word_1_203' title='bbox 411 3001 592 3062; x_wconf 90' lang='lat' dir='ltr'>cumulavit</span> <span class='ocrx_word' id='word_1_204' title='bbox 603 3002 617 3026; x_wconf 82' lang='lat'>&#39;’</span> <span class='ocrx_word' id='word_1_205' title='bbox 713 3003 853 3083; x_wconf 89' lang='lat' dir='ltr'>Insuper</span> <span class='ocrx_word' id='word_1_206' title='bbox 869 3002 967 3063; x_wconf 89' lang='lat' dir='ltr'>valde</span> <span class='ocrx_word' id='word_1_207' title='bbox 983 3002 1159 3082; x_wconf 83' lang='lat' dir='ltr'>probabile</span> <span class='ocrx_word' id='word_1_208' title='bbox 1175 3011 1216 3063; x_wconf 89' lang='lat' dir='ltr'>est</span> 
     </span>
     <span class='ocr_line' id='line_1_28' title="bbox 123 3105 1218 3188; baseline 0 -21"><span class='ocrx_word' id='word_1_209' title='bbox 123 3107 157 3167; x_wconf 91' lang='lat' dir='ltr'>B.</span> <span class='ocrx_word' id='word_1_210' title='bbox 175 3106 349 3184; x_wconf 83' lang='lat' dir='ltr'>Virginem</span> <span class='ocrx_word' id='word_1_211' title='bbox 374 3105 541 3185; x_wconf 89' lang='lat' dir='ltr'>accepisse</span> <span class='ocrx_word' id='word_1_212' title='bbox 565 3105 607 3165; x_wconf 90' lang='lat' dir='ltr'>ab</span> <span class='ocrx_word' id='word_1_213' title='bbox 632 3106 728 3168; x_wconf 91' lang='lat' dir='ltr'>initio</span> <span class='ocrx_word' id='word_1_214' title='bbox 750 3107 910 3186; x_wconf 88' lang='lat' dir='ltr'>majorem</span> <span class='ocrx_word' id='word_1_215' title='bbox 936 3106 1054 3187; x_wconf 88' lang='lat' dir='ltr'>gratiae</span> <span class='ocrx_word' id='word_1_216' title='bbox 1082 3110 1218 3188; x_wconf 88' lang='lat' dir='ltr'>gradum</span> 
     </span>
     <span class='ocr_line' id='line_1_29' title="bbox 122 3209 1219 3290; baseline 0.001 -21"><span class='ocrx_word' id='word_1_217' title='bbox 122 3226 220 3288; x_wconf 92' lang='lat' dir='ltr'>quam</span> <span class='ocrx_word' id='word_1_218' title='bbox 238 3226 353 3267; x_wconf 89' lang='lat' dir='ltr'>omnes</span> <span class='ocrx_word' id='word_1_219' title='bbox 370 3227 460 3286; x_wconf 86' lang='lat' dir='ltr'>purae</span> <span class='ocrx_word' id='word_1_220' title='bbox 477 3217 636 3269; x_wconf 84' lang='lat' dir='ltr'>creaturae</span> <span class='ocrx_word' id='word_1_221' title='bbox 653 3209 751 3271; x_wconf 89' lang='lat' dir='ltr'>simul</span> <span class='ocrx_word' id='word_1_222' title='bbox 768 3219 920 3290; x_wconf 85' lang='lat' dir='ltr'>sumptae.</span> <span class='ocrx_word' id='word_1_223' title='bbox 967 3209 1057 3271; x_wconf 90' lang='lat' dir='ltr'>Nam</span> <span class='ocrx_word' id='word_1_224' title='bbox 1074 3212 1119 3272; x_wconf 91' lang='lat' dir='ltr'>ab</span> <span class='ocrx_word' id='word_1_225' title='bbox 1133 3211 1219 3272; x_wconf 92' lang='lat' dir='ltr'>initio</span> 
     </span>
     <span class='ocr_line' id='line_1_30' title="bbox 123 3308 1219 3396; baseline 0.001 -23"><span class='ocrx_word' id='word_1_226' title='bbox 123 3311 227 3391; x_wconf 86' lang='lat' dir='ltr'>magis</span> <span class='ocrx_word' id='word_1_227' title='bbox 250 3308 370 3372; x_wconf 66' lang='lat' dir='ltr'>dilecta</span> <span class='ocrx_word' id='word_1_228' title='bbox 391 3310 451 3371; x_wconf 91' lang='lat' dir='ltr'>suit</span> <span class='ocrx_word' id='word_1_229' title='bbox 474 3330 574 3390; x_wconf 90' lang='lat' dir='ltr'>quam</span> <span class='ocrx_word' id='word_1_230' title='bbox 601 3331 718 3373; x_wconf 90' lang='lat' dir='ltr'>omnes</span> <span class='ocrx_word' id='word_1_231' title='bbox 742 3313 841 3374; x_wconf 91' lang='lat' dir='ltr'>simul</span> <span class='ocrx_word' id='word_1_232' title='bbox 869 3321 1037 3386; x_wconf 75' lang='lat' dir='ltr'>creaturae,</span> <span class='ocrx_word' id='word_1_233' title='bbox 1054 3316 1136 3394; x_wconf 90' lang='lat' dir='ltr'>quia</span> <span class='ocrx_word' id='word_1_234' title='bbox 1157 3315 1219 3396; x_wconf 88' lang='lat' dir='ltr'>jam</span> 
     </span>
     <span class='ocr_line' id='line_1_31' title="bbox 121 3414 1220 3499; baseline 0.004 -24"><span class='ocrx_word' id='word_1_235' title='bbox 121 3415 320 3495; x_wconf 86' lang='lat' dir='ltr'>diligebatur</span> <span class='ocrx_word' id='word_1_236' title='bbox 336 3423 372 3475; x_wconf 87' lang='lat' dir='ltr'>ut</span> <span class='ocrx_word' id='word_1_237' title='bbox 390 3414 500 3475; x_wconf 88' lang='lat' dir='ltr'>Mater</span> <span class='ocrx_word' id='word_1_238' title='bbox 518 3415 597 3488; x_wconf 83' lang='lat' dir='ltr'>Dei;</span> <span class='ocrx_word' id='word_1_239' title='bbox 633 3417 725 3497; x_wconf 90' lang='lat' dir='ltr'>atqui</span> <span class='ocrx_word' id='word_1_240' title='bbox 749 3417 873 3497; x_wconf 87' lang='lat' dir='ltr'>gradus</span> <span class='ocrx_word' id='word_1_241' title='bbox 898 3417 1013 3495; x_wconf 86' lang='lat' dir='ltr'>gratiae</span> <span class='ocrx_word' id='word_1_242' title='bbox 1037 3421 1220 3499; x_wconf 89' lang='lat' dir='ltr'>proportio-</span> 
     </span>
     <span class='ocr_line' id='line_1_32' title="bbox 122 3517 1205 3604; baseline 0.005 -24"><span class='ocrx_word' id='word_1_243' title='bbox 122 3529 219 3580; x_wconf 90' lang='lat' dir='ltr'>natur</span> <span class='ocrx_word' id='word_1_244' title='bbox 235 3518 339 3579; x_wconf 89' lang='lat' dir='ltr'>amori</span> <span class='ocrx_word' id='word_1_245' title='bbox 356 3535 454 3597; x_wconf 91' lang='lat' dir='ltr'>quem</span> <span class='ocrx_word' id='word_1_246' title='bbox 473 3518 565 3579; x_wconf 91' lang='lat' dir='ltr'>Deus</span> <span class='ocrx_word' id='word_1_247' title='bbox 582 3517 684 3580; x_wconf 87' lang='lat' dir='ltr'>habet</span> <span class='ocrx_word' id='word_1_248' title='bbox 700 3540 760 3600; x_wconf 91' lang='lat' dir='ltr'>pro</span> <span class='ocrx_word' id='word_1_249' title='bbox 777 3520 889 3600; x_wconf 73' lang='lat' dir='ltr'>aliqua</span> <span class='ocrx_word' id='word_1_250' title='bbox 906 3526 1076 3598; x_wconf 72' lang='lat' dir='ltr'>creatura,</span> <span class='ocrx_word' id='word_1_251' title='bbox 1100 3536 1205 3604; x_wconf 80' lang='lat' dir='ltr'>ergo2.</span> 
     </span>
    </p>
   </div>
   <div class='ocr_carea' id='block_1_5' title="bbox 114 3720 1223 4325">
    <p class='ocr_par' dir='ltr' id='par_1_6' title="bbox 121 3720 1223 4059">
     <span class='ocr_line' id='line_1_33' title="bbox 156 3720 1222 3799; baseline 0.006 -18"><span class='ocrx_word' id='word_1_252' title='bbox 156 3729 217 3782; x_wconf 87' lang='lat' dir='ltr'><strong>1Cf.</strong></span> <span class='ocrx_word' id='word_1_253' title='bbox 241 3730 271 3781; x_wconf 85' lang='lat' dir='ltr'>S.</span> <span class='ocrx_word' id='word_1_254' title='bbox 293 3720 342 3780; x_wconf 74' lang='lat' dir='ltr'>To.</span> <span class='ocrx_word' id='word_1_255' title='bbox 365 3746 390 3797; x_wconf 92' lang='lat' dir='ltr'>q.</span> <span class='ocrx_word' id='word_1_256' title='bbox 410 3744 455 3793; x_wconf 84' lang='lat'>273</span> <span class='ocrx_word' id='word_1_257' title='bbox 484 3729 601 3794; x_wconf 79' lang='lat' dir='ltr'>Suareo,</span> <span class='ocrx_word' id='word_1_258' title='bbox 623 3729 659 3783; x_wconf 93' lang='lat' dir='ltr'>de</span> <span class='ocrx_word' id='word_1_259' title='bbox 684 3731 837 3797; x_wconf 78' lang='lat' dir='ltr'>MysteriiS,</span> <span class='ocrx_word' id='word_1_260' title='bbox 860 3731 931 3799; x_wconf 89' lang='lat' dir='ltr'>disp.</span> <span class='ocrx_word' id='word_1_261' title='bbox 957 3733 1006 3797; x_wconf 92' lang='lat' dir='ltr'>lV,</span> <span class='ocrx_word' id='word_1_262' title='bbox 1028 3730 1222 3794; x_wconf 89' lang='lat' dir='ltr'>XVIII-XX;</span> 
     </span>
     <span class='ocr_line' id='line_1_34' title="bbox 122 3817 1223 3885; baseline 0.003 -15"><span class='ocrx_word' id='word_1_263' title='bbox 122 3819 267 3884; x_wconf 80' lang='lat' dir='ltr'>l&#39;etooius,</span> <span class='ocrx_word' id='word_1_264' title='bbox 285 3817 300 3869; x_wconf 93' lang='lat' dir='ltr'>l.</span> <span class='ocrx_word' id='word_1_265' title='bbox 317 3818 395 3883; x_wconf 90' lang='lat' dir='ltr'>XIV,</span> <span class='ocrx_word' id='word_1_266' title='bbox 414 3834 437 3869; x_wconf 93' lang='lat' dir='ltr'>c.</span> <span class='ocrx_word' id='word_1_267' title='bbox 458 3835 482 3880; x_wconf 79' lang='lat'>13</span> <span class='ocrx_word' id='word_1_268' title='bbox 509 3818 542 3868; x_wconf 85' lang='lat' dir='ltr'>de</span> <span class='ocrx_word' id='word_1_269' title='bbox 554 3817 670 3883; x_wconf 79' lang='lat' dir='ltr'>Rhodes,</span> <span class='ocrx_word' id='word_1_270' title='bbox 690 3834 716 3885; x_wconf 89' lang='lat' dir='ltr'>q.</span> <span class='ocrx_word' id='word_1_271' title='bbox 741 3819 793 3881; x_wconf 91' lang='lat' dir='ltr'>lV;</span> <span class='ocrx_word' id='word_1_272' title='bbox 824 3818 989 3881; x_wconf 74' lang='lat' dir='ltr'>Contenson,</span> <span class='ocrx_word' id='word_1_273' title='bbox 1010 3819 1025 3871; x_wconf 94' lang='lat' dir='ltr'>l.</span> <span class='ocrx_word' id='word_1_274' title='bbox 1041 3820 1078 3885; x_wconf 94' lang='lat' dir='ltr'>X,</span> <span class='ocrx_word' id='word_1_275' title='bbox 1092 3820 1162 3875; x_wconf 88' lang='lat' dir='ltr'>diss.</span> <span class='ocrx_word' id='word_1_276' title='bbox 1177 3822 1223 3884; x_wconf 87' lang='lat' dir='ltr'>Vl,</span> 
     </span>
     <span class='ocr_line' id='line_1_35' title="bbox 121 3901 1223 3973; baseline 0.004 -19"><span class='ocrx_word' id='word_1_277' title='bbox 121 3921 144 3956; x_wconf 92' lang='lat' dir='ltr'>c.</span> <span class='ocrx_word' id='word_1_278' title='bbox 164 3921 185 3964; x_wconf 93' lang='lat'>1,</span> <span class='ocrx_word' id='word_1_279' title='bbox 202 3919 275 3971; x_wconf 86' lang='lat' dir='ltr'>spec.</span> <span class='ocrx_word' id='word_1_280' title='bbox 292 3920 318 3965; x_wconf 84' lang='lat'>²3</span> <span class='ocrx_word' id='word_1_281' title='bbox 337 3904 456 3971; x_wconf 76' lang='lat' dir='ltr'>Depoix,</span> <span class='ocrx_word' id='word_1_282' title='bbox 470 3904 518 3955; x_wconf 89' lang='lat' dir='ltr'>Tr.</span> <span class='ocrx_word' id='word_1_283' title='bbox 533 3903 630 3955; x_wconf 86' lang='lat' dir='ltr'>Theol.</span> <span class='ocrx_word' id='word_1_284' title='bbox 645 3903 681 3956; x_wconf 90' lang='lat' dir='ltr'>de</span> <span class='ocrx_word' id='word_1_285' title='bbox 696 3905 726 3956; x_wconf 93' lang='lat' dir='ltr'>B.</span> <span class='ocrx_word' id='word_1_286' title='bbox 741 3901 781 3956; x_wconf 87' lang='lat' dir='ltr'>M.</span> <span class='ocrx_word' id='word_1_287' title='bbox 797 3905 830 3957; x_wconf 91' lang='lat' dir='ltr'>V.</span> <span class='ocrx_word' id='word_1_288' title='bbox 848 3921 873 3972; x_wconf 95' lang='lat' dir='ltr'>p.</span> <span class='ocrx_word' id='word_1_289' title='bbox 891 3919 932 3967; x_wconf 89' lang='lat'>11,</span> <span class='ocrx_word' id='word_1_290' title='bbox 948 3921 970 3958; x_wconf 93' lang='lat' dir='ltr'>c.</span> <span class='ocrx_word' id='word_1_291' title='bbox 985 3921 1010 3973; x_wconf 84' lang='lat'>3,</span> <span class='ocrx_word' id='word_1_292' title='bbox 1024 3921 1048 3956; x_wconf 88' lang='lat' dir='ltr'>a.</span> <span class='ocrx_word' id='word_1_293' title='bbox 1064 3920 1092 3970; x_wconf 81' lang='lat'>23</span> <span class='ocrx_word' id='word_1_294' title='bbox 1121 3910 1223 3961; x_wconf 85' lang='lat' dir='ltr'>Petita-</span> 
     </span>
     <span class='ocr_line' id='line_1_36' title="bbox 121 3989 1038 4059; baseline 0.002 -18"><span class='ocrx_word' id='word_1_295' title='bbox 121 3991 167 4055; x_wconf 81' lang='lat' dir='ltr'>lot,</span> <span class='ocrx_word' id='word_1_296' title='bbox 185 4006 209 4042; x_wconf 93' lang='lat' dir='ltr'>c.</span> <span class='ocrx_word' id='word_1_297' title='bbox 230 3991 271 4052; x_wconf 87' lang='lat'>16;</span> <span class='ocrx_word' id='word_1_298' title='bbox 291 3989 392 4055; x_wconf 77' lang='lat' dir='ltr'>Melia,</span> <span class='ocrx_word' id='word_1_299' title='bbox 405 4007 448 4057; x_wconf 92' lang='lat' dir='ltr'>op.</span> <span class='ocrx_word' id='word_1_300' title='bbox 464 3990 509 4043; x_wconf 87' lang='lat' dir='ltr'>cit.</span> <span class='ocrx_word' id='word_1_301' title='bbox 526 3990 536 4040; x_wconf 93' lang='lat' dir='ltr'>l</span> <span class='ocrx_word' id='word_1_302' title='bbox 553 4007 578 4057; x_wconf 93' lang='lat' dir='ltr'>p.</span> <span class='ocrx_word' id='word_1_303' title='bbox 593 3990 621 4053; x_wconf 89' lang='lat'>6;</span> <span class='ocrx_word' id='word_1_304' title='bbox 641 3989 753 4056; x_wconf 85' lang='lat' dir='ltr'>Livius,</span> <span class='ocrx_word' id='word_1_305' title='bbox 768 4007 813 4058; x_wconf 92' lang='lat' dir='ltr'>op.</span> <span class='ocrx_word' id='word_1_306' title='bbox 830 3990 875 4043; x_wconf 90' lang='lat' dir='ltr'>cit.</span> <span class='ocrx_word' id='word_1_307' title='bbox 890 4008 915 4059; x_wconf 88' lang='lat' dir='ltr'>p.</span> <span class='ocrx_word' id='word_1_308' title='bbox 932 3991 982 4042; x_wconf 89' lang='lat'>208</span> <span class='ocrx_word' id='word_1_309' title='bbox 996 4008 1038 4059; x_wconf 91' lang='lat' dir='ltr'>sq.</span> 
     </span>
    </p>

    <p class='ocr_par' dir='ltr' id='par_1_7' title="bbox 114 4075 1223 4325">
     <span class='ocr_line' id='line_1_37' title="bbox 156 4075 1223 4150; baseline 0.005 -24"><span class='ocrx_word' id='word_1_310' title='bbox 156 4075 258 4142; x_wconf 74' lang='lat' dir='ltr'>2Quod</span> <span class='ocrx_word' id='word_1_311' title='bbox 281 4075 381 4143; x_wconf 85' lang='lat' dir='ltr'>adhuc,</span> <span class='ocrx_word' id='word_1_312' title='bbox 401 4086 463 4143; x_wconf 89' lang='lat' dir='ltr'>post</span> <span class='ocrx_word' id='word_1_313' title='bbox 484 4077 515 4128; x_wconf 88' lang='lat' dir='ltr'>S.</span> <span class='ocrx_word' id='word_1_314' title='bbox 536 4077 563 4128; x_wconf 91' lang='lat' dir='ltr'><em>T</em></span> <span class='ocrx_word' id='word_1_315' title='bbox 560 4077 672 4128; x_wconf 71' lang='lat' dir='ltr'>domam</span> <span class='ocrx_word' id='word_1_316' title='bbox 693 4077 730 4145; x_wconf 82' lang='lat' dir='ltr'>(q.</span> <span class='ocrx_word' id='word_1_317' title='bbox 748 4091 791 4142; x_wconf 89' lang='lat'>27,</span> <span class='ocrx_word' id='word_1_318' title='bbox 812 4094 836 4130; x_wconf 88' lang='lat' dir='ltr'>a.</span> <span class='ocrx_word' id='word_1_319' title='bbox 855 4077 881 4146; x_wconf 83' lang='lat'>5)</span> <span class='ocrx_word' id='word_1_320' title='bbox 906 4079 945 4130; x_wconf 90' lang='lat' dir='ltr'>sic</span> <span class='ocrx_word' id='word_1_321' title='bbox 968 4078 1082 4145; x_wconf 91' lang='lat' dir='ltr'>probari</span> <span class='ocrx_word' id='word_1_322' title='bbox 1108 4091 1223 4150; x_wconf 88' lang='lat' dir='ltr'>potest:</span> 
     </span>
     <span class='ocr_line' id='line_1_38' title="bbox 124 4161 1220 4235; baseline 0.006 -22"><span class='ocrx_word' id='word_1_323' title='bbox 124 4164 236 4232; x_wconf 78' lang='lat' dir='ltr'>Quanto</span> <span class='ocrx_word' id='word_1_324' title='bbox 250 4161 357 4231; x_wconf 86' lang='lat' dir='ltr'>aliquid</span> <span class='ocrx_word' id='word_1_325' title='bbox 372 4163 462 4230; x_wconf 89' lang='lat' dir='ltr'>magis</span> <span class='ocrx_word' id='word_1_326' title='bbox 481 4163 690 4232; x_wconf 89' lang='lat' dir='ltr'>appropinquat</span> <span class='ocrx_word' id='word_1_327' title='bbox 703 4164 841 4233; x_wconf 89' lang='lat' dir='ltr'>principio</span> <span class='ocrx_word' id='word_1_328' title='bbox 861 4165 888 4216; x_wconf 93' lang='lat' dir='ltr'>in</span> <span class='ocrx_word' id='word_1_329' title='bbox 909 4163 1004 4234; x_wconf 91' lang='lat' dir='ltr'>aliquo</span> <span class='ocrx_word' id='word_1_330' title='bbox 1017 4183 1131 4235; x_wconf 85' lang='lat' dir='ltr'>genere,</span> <span class='ocrx_word' id='word_1_331' title='bbox 1147 4178 1220 4222; x_wconf 89' lang='lat' dir='ltr'>tanto</span> 
     </span>
     <span class='ocr_line' id='line_1_39' title="bbox 114 4250 1222 4325; baseline -0.002 -17"><span class='ocrx_word' id='word_1_332' title='bbox 114 4250 209 4324; x_wconf 82' lang='lat' dir='ltr'>magis</span> <span class='ocrx_word' id='word_1_333' title='bbox 224 4250 379 4325; x_wconf 82' lang='lat' dir='ltr'>participat</span> <span class='ocrx_word' id='word_1_334' title='bbox 400 4250 535 4308; x_wconf 61' lang='lat' dir='ltr'>elletium</span> <span class='ocrx_word' id='word_1_335' title='bbox 555 4250 633 4305; x_wconf 82' lang='lat' dir='ltr'>illius</span> <span class='ocrx_word' id='word_1_336' title='bbox 650 4251 797 4321; x_wconf 64' lang='lat' dir='ltr'>principie,</span> <span class='ocrx_word' id='word_1_337' title='bbox 815 4251 888 4303; x_wconf 70' lang='lat' dir='ltr'>lixnc</span> <span class='ocrx_word' id='word_1_338' title='bbox 902 4253 1000 4316; x_wconf 61' lang='lat' dir='ltr'>angeli</span> <span class='ocrx_word' id='word_1_339' title='bbox 1014 4253 1064 4318; x_wconf 74' lang='lat' dir='ltr'>qui</span> <span class='ocrx_word' id='word_1_340' title='bbox 1084 4266 1151 4309; x_wconf 86' lang='lat' dir='ltr'>sunt</span> <span class='ocrx_word' id='word_1_341' title='bbox 1166 4259 1222 4309; x_wconf 89' lang='lat' dir='ltr'>Deo</span> 
     </span>
    </p>
   </div>
   <div class='ocr_carea' id='block_1_6' title="bbox 0 0 1347 4634">
    <p class='ocr_par' dir='ltr' id='par_1_8' title="bbox 0 0 1347 4634">
     <span class='ocr_line' id='line_1_40' title="bbox 0 0 1347 4634; baseline 0 0"><span class='ocrx_word' id='word_1_342' title='bbox 0 0 1347 4634; x_wconf 95' lang='lat' dir='ltr'> </span> 
     </span>
    </p>
   </div>
  </div>
 </body>
</html>
