2684 4620
203 185 268 236 366
639 181 777 234 CAPUT
795 182 853 231 111.

202 364 247 424 sic
262 362 297 426 S.
311 362 406 444 Greg.
419 362 588 442 Nyssenus
599 362 667 444 (De
681 362 958 437 BeatitudinibuS,
969 359 996 424 c.'
1007 358 1041 443 7)
1053 358 1186 422 scribit:
1202 361 1217 389 “
1227 356 1281 418 Ex·
1330 377 1333 412 s

202 463 289 529 ce'dit
304 467 405 529 homo
422 487 515 530 suam
533 467 638 549 ipsam
656 463 817 543 naturam,
831 465 1026 530 immortalis
1043 483 1088 526 ex
1105 459 1241 535 mortali,
1250 479 1281 521 ex
1331 479 1333 536 ;

202 568 308 653 fragili
325 570 358 634 et
374 569 500 634 'caduco
516 572 644 653 integer
661 581 694 634 et
711 572 927 652 incorruptus
943 587 987 636 ex
1002 567 1110 630 'diario
1127 575 1161 628 et
1173 568 1280 644 tempo-

202 692 302 734 raneo
317 673 545 754 sempiternus
557 675 589 735 in
606 678 737 736 summa
749 672 826 734 deus
838 692 876 735 ex
884 670 1011 734 homine
1020 669 1166 732 evadens.
1211 667 1280 729 Nan
1331 685 1333 723 :

202 796 299 856 quum
315 777 435 857 dignus
452 776 581 839 habitus
598 779 640 841 sit
663 778 719 858 qui
743 777 828 838 filius
853 776 916 837 Dei
941 773 1007 850 fiat,
1023 773 1220 855 dignitatem
1237 771 1281 831 Pa·
1332 805 1333 811 κ

202 881 259 941 tris
276 881 307 941 in
325 901 359 942 se
375 902 507 962 prorsus
523 882 668 958 habebit,
685 891 786 961 atque
802 880 951 942 omnium
975 887 1194 959 paternorum·
1212 875 1282 937 heres
1332 905 1333 912 ,

202 985 383 1048 existet’'.'

201 1087 250 1168 (c)
267 1089 319 1150 De
336 1086 481 1169 ut'rdqu'e,
497 1109 539 1150 sc.
556 1090 602 1150 de
622 1088 728 1169 gratia
752 1097 786 1150 et
808 1087 912 1168 gloria
936 1086 1050 1148 scribit
1073 1082 1282 1166 Apostolus1:

202 1194 217 1221 “
231 1190 438 1271 Sapientiam
457 1191 622 1272 loquimur
635 1193 720 1254 inter
733 1189 904 1272 persedios,
913 1189 1112 1272 sapientiam
1126 1189 1193 1250 non
1203 1185 1283 1266 hujus

195 1295 338 1358 saeculi...
356 1296 413 1358 sed
431 1295 517 1358 sicut
532 1296 691 1376 scriptum
708 1304 786 1372 est2,
804 1295 893 1375 quod
911 1293 1025 1357 oculus
1041 1312 1108 1355 non
1125 1292 1217 1367 vidit,
1238 1308 1283 1351 nec

195 1398 287 1459 'auris
304 1398 441 1475 audivit,
458 1419 517 1461 nec
534 1399 567 1461 in
585 1419 641 1461 cor
663 1399 807 1461 hominis
830 1397 980 1461 ascendit
1002 1417 1079 1479 quae
1101 1392 1285 1478 praeparavit

202 1499 294 1562 Deus
312 1501 349 1562 iis
366 1502 421 1582 qui
445 1501 589 1582 diligunt
613 1501 714 1565 illurn.
761 1501 867 1563 Nobis
891 1509 1003 1562 autem
1028 1499 1127 1561 Deus'
1145 1496 1285 1560 revelavit

195 1602 259 1684 per'
276 1602 434 1684 Spiritum
452 1625 569 1667 suum:
594 1605 739 1686 Spiritus
762 1605 849 1673 enim
873 1603 987 1666 omnia
1010 1602 1178 1664 scrutatur
1200 1601 1286 1663 etiam

200 1706 365 1788 profunda
382 1708 453 1771 Dei.
501 1708 584 1791 Quis
600 1710 688 1772 enim
705 1709 877 1771 hominum
895 1707 956 1769 scit
972 1710 1053 1787 quae‘
1063 1715 1142 1769 sunt
1157 1703 1288 1767 hominis

202 1811 264 1873 nisi
281 1812 415 1893 spiritus
431 1812 576 1874 hominis
592 1814 648 1894 qui
665 1814 699 1875 in
716 1814 789 1895 ipso
812 1813 880 1875 est?
905 1811 959 1874 Ita
981 1820 1014 1873 et
1037 1830 1112 1891 quae
1136 1818 1214 1872 sunt
1237 1807 1289 1870 Dei

203 1935 302 1977 nemo
318 1916 412 1978 novit
429 1915 491 1976 nisi
509 1915 652 1997 Spiritus
670 1917 734 1979 Dei
742 1917 766 1980 '’.
811 1918 966 1998 Jamvero
982 1913 1154 1994 sapientia,
1171 1913 1213 1974 de
1236 1913 1290 1992 qua

202 2018 255 2080 hic
278 2019 395 2100 agitur,
412 2018 462 2081 est
485 2017 643 2082 dodtrina.
660 2020 747 2096 fidei,
763 2019 856 2102 cujus
880 2017 1123 2081 'consummatio
1146 2025 1198 2079 est
1220 2015 1291 2078 visio

202 2123 356 2186 intuitiva
372 2123 560 2200 Trinitatis;
585 2124 677 2204 atqui
693 2124 750 2186 illa
766 2122 928 2205 sapientia
946 2122 992 2184 ita
1007 2121 1142 2184 excedit
1157 2119 1292 2182 hominis
1331 2110 1333 2115 ’

201 2227 286 2287 vires
302 2235 347 2303 ut,
365 2235 450 2289 teste
465 2226 643 2308 Apostolo,
661 2247 722 2290 nec
738 2224 852 2290 oculus
869 2226 997 2303 viderit,
1013 2225 1066 2287 vel
1083 2225 1171 2288 auris
1189 2225 1293 2286 audie·

202 2331 252 2406 rit,
268 2330 319 2393 vel
336 2351 392 2392 cor
408 2329 479 2411 ejus
496 2331 659 2413 cogitarit,
675 2329 750 2414 quae'
768 2332 860 2393 Deus
877 2329 916 2392 ii's
932 2328 988 2410 qui
1011 2328 1118 2409 gratia
1141 2337 1176 2391 et
1198 2327 1294 2410 gloria

203 2433 362 2510 fruuntur,
389 2434 604 2515 praeparavit3
628 2434 695 2497 imo
722 2431 912 2516 hujusmodi
940 2432 1103 2514 sapientia
1126 2430 1296 2512 cujuslibet

201 2540 360 2599 creaturae
376 2535 461 2598 vires
478 2537 524 2599 ita
540 2537 755 2612 transcendit,
771 2536 809 2599 ut
824 2536 913 2599 solus
931 2534 1074 2617 Spiritus
1097 2555 1172 2598 eam
1197 2534 1295 2597 mani·

202 2639 322 2702 festare
338 2640 497 2720 potuerit;
520 2659 600 2721 ergo
616 2640 692 2702 talis
708 2639 882 2722 sapientia,
892 2658 966 2720 quae
979 2638 1059 2701 nihil
1072 2637 1164 2701 aliud
1177 2638 1228 2701 est
1240 2636 1295 2700 nisi

201 2743 283 2805 ordo
295 2743 424 2822 gratiae,
439 2751 490 2805 est
506 2742 659 2806 absolute
674 2741 941 2825 supernaturalis.
978 2799 981 2805 .

247 2873 311 2942 166.
357 2873 417 2958 (Β)
438 2877 468 2938 T
466 2877 562 2959 radit.
608 2878 659 2961 (a)
674 2879 795 2942 Patres
814 2880 967 2942 eamdem
993 2875 1180 2941 dodirinam
1205 2879 1297 2951 variis

202 2981 310 3044 modis
339 2980 469 3068 docent,
499 2983 681 3062 praesertim
712 3003 790 3045 vero
820 2991 934 3064 aperte
963 2981 1165 3044 declarando
1196 3001 1297 3064 neque

202 3083 362 3159 homines,
377 3103 484 3164 neque
501 3084 651 3165 Angelos
668 3089 727 3148 sua
743 3091 861 3149 natura
877 3083 1010 3149 sandlos
1026 3107 1098 3149 esse
1120 3107 1229 3169 posse,
1243 3086 1296 3149 sed

202 3196 401 3273 potestatem
425 3187 663 3265 sandtificandi,
679 3210 736 3252 seu
761 3191 903 3271 gratiam
928 3189 1119 3253 conserendi
1142 3191 1204 3253 soli
1229 3191 1297 3253 Deo

203 3310 275 3352 esse
289 3291 465 3373 propriam,
481 3293 685 3373 proindeque
702 3313 800 3374 super
815 3295 1003 3375 exigentias
1020 3295 1198 3378 cujuslibet
1214 3316 1296 3358 crea-

201 3403 303 3479 turae:
330 3397 346 3426 “
359 3393 581 3476 Sanllzficatz'o
596 3415 662 3457 non
680 3403 730 3457 est
746 3396 871 3478 absque
885 3397 1032 3480 sz'ritu,·
1055 3418 1115 3461 nec
1127 3399 1218 3462 enim
1229 3399 1295 3462 Vir-

203 3505 291 3583 tutes
306 3496 465 3560 coelorum
480 3497 542 3581 sud
563 3497 683 3562 naturd
705 3501 823 3562 sancire
845 3492 931 3566 sunt.
977 3502 1076 3576 Nam,
1098 3502 1126 3563 si
1150 3502 1183 3576 id
1208 3510 1296 3576 esset,

203 3601 295 3663 nulld
310 3601 433 3664 ratione
443 3602 613 3682 difflrrem
626 3623 647 3663 a
661 3602 790 3683 Spiritu
806 3606 940 3668 sancia...
987 3592 1217 3669 Sandtificatio
1228 3625 1294 3687 quae

203 3713 253 3767 est
277 3715 367 3766 extra
391 3705 523 3768 illorum
552 3706 778 3783 substantiam,
805 3707 1041 3789 perfeetionem
1071 3709 1227 3792 affingit
1241 3721 1297 3791 per

202 3807 515 3893 conemum'calionem
534 3807 730 3889 Spiritus''³.
776 3814 791 3841 “
804 3809 952 3890 Spiritus
964 3812 1104 3888 sanlius,
1116 3830 1184 3872 non
1196 3810 1292 3872 solum

200 3908 359 3993 ¹sejundtis
375 3933 394 3974 a
410 3933 445 3974 se
460 3912 661 3987 hominibus,
677 3915 734 3976 sed
752 3921 786 3975 et
802 3914 941 3995 singulis
957 3913 1145 3996 quibusque
1161 3911 1291 3994 Angelis

203 4014 403 4076 inhabitator
422 4014 555 4078 assistit.
602 4015 771 4098 Quoniam
796 4019 901 4082 omnis
923 4027 1073 4081 creatura
1096 4038 1158 4079 non
1181 4037 1220 4079 ex
1240 4010 1291 4077 sud

235 4211 243 4233 ¹
263 4205 284 4258 l
300 4204 361 4261 Cor.
384 4205 424 4276 ll,
448 4203 521 4261 6·12.
535 4236 571 4244 -
590 4207 600 4238 ²
621 4207 677 4261 Ita.
698 4208 802 4275 LXIV,
820 4211 915 4274 ‹up-³
935 4209 962 4262 S.
983 4207 1068 4263 Basil.
1089 4209 1127 4264 de
1146 4206 1285 4278 spirits,

188 4309 211 4349 c.
232 4295 273 4350 16.
