2684 4634
184 156 248 207 194
649 160 786 211 CAPUT
804 162 828 210 1.

184 351 250 404 tres
266 361 337 403 esse
354 342 386 402 in
404 342 478 404 Deo
494 363 651 424 personas
668 345 799 407 realiter
814 342 998 422 distinctas,
1015 354 1047 407 et
1064 344 1161 408 simul
1179 367 1292 428 aequa-

185 444 247 521 les;
274 446 300 506 si
317 445 396 525 quid
414 466 492 507 vero
506 448 613 527 magis
625 448 845 526 decretorium
859 449 1065 512 desideretur
1076 449 1164 512 circa
1174 469 1290 512 earum

183 549 555 626 consubstantialitatem,
570 549 633 612 hoc
650 553 681 613 in
699 553 852 632 sequenti
869 552 1009 615 articulo
1025 552 1222 617 invenietur.

185 796 249 839 sunt
262 785 338 853 (saec.
355 786 514 852 XV·XVl),
530 787 585 840 duo
599 785 645 840 alii
660 786 737 840 illum
752 787 857 841 habent
871 786 899 839 in
913 786 1040 855 margine
1053 785 1190 856 scriptum
1204 805 1288 842 manu

184 873 300 936 recenti;
319 873 398 927 deest
412 873 515 941 pariter
528 874 556 926 in
570 874 664 926 multis
675 871 775 927 latinis
784 874 929 941 codicibus,
942 874 1099 942 praesertim
1111 874 1139 927 in
1151 875 1291 929 Fuliiensi

183 968 212 1011 et
225 959 251 1011 Α
256 960 382 1021 ιηίιιίίκο,
393 959 440 1028 qui
451 969 515 1013 sunt
525 960 606 1012 simul
616 958 803 1030 antiquissimi
814 958 888 1028 (saec.
899 962 925 1013 V
930 960 953 1027 1)
962 969 989 1014 et
998 959 1217 1026 accuratissimi,
1228 973 1256 1017 et
1265 962 1287 1015 si

186 1045 341 1098 inveniatur
354 1045 381 1097 in
392 1045 550 1114 junioribus
564 1044 709 1099 codicibus
723 1045 870 1115 plerisque,
882 1045 911 1100 id
922 1045 1101 1102 tribuendum
1111 1059 1156 1103 est
1166 1050 1287 1121 Prologo

188 1135 302 1186 Galeato
315 1135 343 1186 in
356 1135 435 1202 epist.
451 1135 612 1198 catholicas,
629 1134 675 1204 qui
690 1135 742 1188 sub
757 1134 922 1203 Hieronymi
936 1133 1050 1187 nomine
1063 1150 1080 1187 a
1096 1131 1217 1188 'falsario
1237 1133 1286 1186 tuit

186 1220 341 1283 confectum
361 1221 441 1275 deest
451 1221 537 1275 etiam
548 1221 574 1274 in
587 1220 735 1290 praecipuis
745 1221 921 1275 versionibus
932 1221 1057 1291 Syriaci,
1068 1221 1283 1285 Philoxenianci,

186 1316 213 1360 et
228 1309 361 1376 Copticis,·
379 1326 523 1378 nunquam
536 1310 572 1361 ab
586 1309 642 1361 ullo
657 1308 792 1362 Orientali
808 1311 891 1362 Patre
900 1309 1042 1363 adhibitus
1052 1320 1105 1373 est,
1117 1327 1170 1364 nec
1181 1322 1284 1365 certum

186 1394 246 1461 ejus
259 1395 407 1462 vestigium
420 1395 448 1447 in
461 1395 548 1449 latini
561 1394 680 1449 ecclesii
693 1406 758 1449 ante
772 1413 835 1449 saec.
850 1397 875 1448 V
888 1395 1037 1460 invenitur;
1057 1396 1136 1466 atqui
1151 1408 1284 1451 constans

186 1482 239 1534 hoc
253 1491 280 1535 et
293 1483 424 1536 unanime
438 1483 589 1544 silentium,
605 1493 731 1550 tempore
745 1499 801 1551 quo
815 1483 1013 1536 controversiae
1026 1483 1063 1537 de
1076 1483 1217 1538 Trinitate
1230 1484 1284 1552 agi-

186 1565 326 1632 tabantur,
337 1570 480 1623 evidenter
493 1570 616 1623 ostendit
628 1569 703 1622 hunc
717 1568 923 1622 versumfuisse
932 1571 1043 1638 penitus
1052 1570 1191 1640 ignotum3
1206 1572 1284 1625 valde

187 1657 366 1724 probabiliter
380 1657 447 1710 illud
461 1674 581 1719 comma,
597 1657 672 1726 quod
685 1673 759 1709 nunc
773 1657 802 1708 in
816 1666 891 1710 textu
905 1657 1013 1724 legitur,
1029 1668 1087 1712 erat
1107 1659 1284 1712 solummodo

185 1745 334 1814 explicatio
348 1746 518 1814 rnarginalis
531 1761 599 1797 vers.
618 1745 642 1807 8,
659 1761 721 1813 quae
735 1754 833 1813 postea
848 1744 876 1796 in
889 1744 981 1814 ipsum
994 1755 1101 1798 textum
1115 1745 1233 1814 irrepsit.

221 1833 248 1884 A
252 1834 384 1886 uticentice
390 1834 512 1902 patroni
524 1831 638 1885 dicunt:
661 1832 732 1884 lllud
746 1848 858 1886 comma
872 1848 983 1902 semper
995 1832 1101 1887 exstitit
1114 1832 1143 1886 in
1155 1832 1284 1887 versione

186 1919 283 1986 latini,
297 1937 360 1989 quae
373 1919 540 1989 antiquitate
552 1936 661 1987 graecos
671 1919 784 1972 codices
798 1929 923 1988 superat;
941 1921 1051 1972 namin
1064 1920 1210 1990 plerisque
1221 1922 1284 1974 lati-

186 2005 232 2055 nis
243 2004 379 2056 corticibus
391 2003 533 2071 reperitur,
548 2019 564 2055 a
583 2001 678 2055 multis
693 2003 821 2056 Patribus
835 2012 1078 2067 commemoratur,
1098 2004 1284 2071 Tertulliano,

188 2092 335 2158 Cypn'ano,
347 2091 519 2160 Augustino,
533 2090 661 2159 Eugenio
671 2099 698 2143 et
707 2105 760 2158 450
769 2090 927 2159 Episcopis,
939 2091 986 2159 qui
997 2091 1024 2143 in
1035 2088 1211 2159 professione
1220 2089 1284 2144 fidei

185 2178 243 2246 regi
258 2179 362 2230 Ariano
378 2178 540 2231 Hunnerico
554 2177 649 2230 oblati
662 2176 697 2243 (a.
712 2178 776 2247 484)
786 2178 916 2231 eumdem
926 2179 1049 2246 allegant
1059 2187 1087 2232 et
1097 2179 1248 2248 explicant,
1258 2189 1284 2232 et

185 2285 202 2320 a
216 2284 278 2320 saec.
293 2268 333 2319 IX
345 2285 361 2319 a
372 2266 511 2336 plerisque
522 2267 702 2337 scriptoribus
713 2277 868 2335 usurpatur.
907 2266 1031 2320 Omissio
1042 2284 1138 2320 versus
1147 2267 1176 2319 in
1184 2266 1284 2336 graecis

186 2355 330 2407 codicibus
344 2355 426 2407 facile
439 2354 592 2422 explicatur
605 2353 670 2423 quia
684 2362 781 2408 versus
799 2368 816 2423 7
835 2364 863 2408 et
882 2355 897 2407 8
917 2365 981 2408 sunt
999 2354 1215 2419 horicoioteleuti,
1231 2355 1247 2408 i.
1261 2373 1282 2409 e.

185 2444 285 2497 eodem
299 2443 384 2496 modo
398 2442 590 2505 terminantur,
607 2443 646 2495 ita
659 2453 689 2496 ut
704 2443 854 2510 scriptores
867 2460 884 2496 a
898 2443 952 2496 fine
967 2459 1062 2496 versus
1082 2456 1096 2512 7
1117 2443 1155 2496 ad
1174 2442 1285 2497 initium

184 2549 209 2584 v.
223 2546 240 2598 9
253 2528 441 2584 transilierint.
480 2529 601 2583 Aliunde
613 2531 778 2582 Tridentino
787 2530 918 2599 jubemur
929 2531 1015 2583 libros
1025 2547 1121 2584 saeros
1134 2530 1285 2600 “integros

185 2637 248 2672 cum
262 2620 392 2673 omnibus
406 2620 462 2672 suis
475 2618 608 2688 partibus
626 2628 707 2687 prout
721 2619 748 2671 in
763 2619 893 2672 Ecclesia
906 2619 1046 2673 catholici
1060 2619 1115 2688 legi
1130 2637 1284 2674 consueve-

184 2717 247 2760 runt
260 2717 288 2760 et
301 2708 329 2759 in
343 2713 433 2759 vetere
445 2705 564 2776 vulgati
577 2705 700 2760 editione
714 2706 800 2759 latini
814 2707 952 2760 habentur
965 2724 1015 2775 pro
1029 2707 1116 2760 sacris
1127 2717 1155 2761 et
1169 2707 1285 2761 canoni·

185 2795 225 2848 cis
239 2795 405 2864 susciperet
447 2794 584 2849 Hodierni
598 2804 694 2846 tamen
706 2795 836 2861 theologi,
850 2811 914 2847 cum
926 2792 1051 2862 Cornely,
1061 2794 1148 2848 Pcsch
1158 2795 1285 2864 aliisque,

183 2884 304 2937 fatentur
317 2900 335 2935 a
351 2883 514 2935 Tridentino
528 2883 565 2934 nil
579 2883 632 2934 hac
646 2881 682 2935 de
695 2898 725 2935 re
738 2882 864 2935 decisum
878 2881 971 2946 fuisse,
988 2883 1053 2953 quia
1066 2882 1227 2937 Concilium
1247 2884 1284 2939 de

184 2972 237 3024 illis
250 2971 375 3039 partibus
389 2971 499 3038 agebat,
516 2987 578 3039 quae
591 2987 608 3023 a
623 2969 845 3023 Protestantibus
860 2980 926 3024 tunc
940 2970 1145 3039 rejiciebantur.

222 3060 292 3110 Haec
318 3058 385 3111 dum
411 3057 484 3110 inter
514 3058 590 3126 ipsos
623 3056 784 3111 Catholicos
816 3058 997 3126 agitarentur,
1024 3059 1168 3128 proposito
1198 3059 1285 3113 dubio

187 3148 205 3172 “
217 3147 319 3198 Utrum
332 3153 392 3197 tuto
405 3144 511 3212 negari,
521 3154 569 3198 aut
580 3145 680 3198 saltem
691 3144 719 3197 in
731 3144 846 3198 dubium
858 3144 982 3198 revocari
993 3144 1082 3214 possit
1091 3161 1156 3199 esse
1165 3146 1283 3199 aritien-

184 3234 270 3285 ticum
284 3241 391 3284 textum
405 3232 432 3283 S.
447 3231 566 3298 Joannis
580 3231 608 3283 in
622 3231 742 3298 epistola
756 3230 847 3298 prima
860 3248 920 3299 cap.
934 3232 970 3295 V,
985 3248 1056 3285 vers.
1070 3245 1095 3301 7,
1111 3231 1188 3300 quod
1201 3232 1242 3286 sic
1255 3249 1285 3285 se

184 3320 269 3372 habet
284 3337 289 3370 :
311 3318 451 3387 Quoniam
465 3324 521 3370 tres
533 3317 658 3380 sunt...'',
676 3318 703 3370 S.
721 3315 809 3384 Cong'.
823 3318 914 3371 Officii
928 3317 997 3372 ferit
1013 3318 1061 3385 IV,
1075 3318 1121 3371 die
1137 3333 1168 3385 13
1181 3319 1284 3386 Janua-

182 3406 214 3459 rii
238 3406 303 3470 1897
327 3404 555 3472 respondendum
578 3403 723 3457 mandavit
744 3406 881 3474 negative.
923 3405 1006 3474 Quod
1027 3421 1095 3458 sane
1116 3422 1285 3475 responsum

183 3493 278 3546 debita
292 3491 447 3545 reverentii
460 3509 478 3544 a
492 3492 645 3545 Catholicis
659 3492 856 3561 accipiendum
869 3501 912 3546 est
917 3511 924 3557 ;
955 3491 1068 3561 quando
1081 3502 1176 3546 autem
1186 3504 1285 3548 contra

183 3580 363 3633 Acatholicos
382 3579 535 3647 arguimus,
558 3579 692 3646 praefatus
712 3589 801 3632 textus
821 3579 866 3631 vix
885 3578 977 3634 afferri
996 3588 1098 3648 potest,
1119 3596 1206 3649 quum
1225 3581 1284 3650 ejus

183 3666 384 3736 genuinitatem
399 3666 581 3719 communiter
594 3666 727 3734 rejiciant.

217 3754 263 3806 Ad
281 3751 465 3821 quaestionem
484 3753 595 3820 penitus
615 3753 840 3821 expendendam,
862 3752 895 3806 cf.
915 3753 1067 3817 Wiseman,
1084 3754 1200 3824 Essays,
1216 3755 1285 3808 Two

182 3843 278 3894 letters
292 3856 327 3891 on
343 3840 354 3890 1
369 3840 452 3906 John,
467 3852 490 3906 5,
505 3853 531 3904 73
551 3840 713 3906 Fcanaelin,
725 3841 763 3892 th.
774 3856 803 3907 43
822 3840 938 3906 LcHir,
949 3839 1217 3910 Etudesbibliques,
1232 3843 1285 3896 Les

183 3928 250 3981 trois
264 3927 383 3980 temoins
397 3927 528 3991 celestes3
549 3928 659 3993 Daccko,
675 3927 803 3980 Historia
816 3928 911 3982 Revel.
927 3929 966 3980 N.⁴
978 3929 1025 3993 T.;
1044 3929 1168 3994 Forstcr,
1183 3927 1212 3984 A
1225 3946 1287 3985 new

182 4016 246 4083 plea
266 4013 308 4066 for
330 4014 378 4066 the
398 4014 585 4081 authenticity
605 4015 636 4067 ot
656 4016 703 4068 the
726 4024 792 4082 test3
818 4015 950 4084 Bciping
973 4016 1087 4084 Exeget
1113 4017 1286 4089 Handbuch‚

184 4103 310 4153 Munster
327 4100 401 4166 1871,
414 4102 500 4164 Vlll,
516 4119 543 4169 p.
557 4104 607 4171 365
622 4119 678 4171 sq.;
699 4102 818 4168 Scirona,
829 4102 955 4156 Aberle's
967 4103 1138 4171 Einleitung,
1149 4104 1288 4174 Freiburg

187 4189 260 4252 1877,
274 4205 300 4256 p.
321 4202 368 4252 124
383 4205 438 4256 sq.;
457 4190 614 4256 Sccivenec,
628 4189 822 4243 Introduction
833 4200 863 4243 to
872 4191 1032 4244 thetextual
1044 4190 1187 4245 Criticism
1196 4191 1229 4244 ot
1239 4193 1287 4246 the

185 4274 221 4324 N.
239 4274 284 4335 T.,
301 4273 349 4337 3rd
363 4273 405 4326 ed.
421 4291 445 4342 p.
461 4273 588 4342 648-655;
612 4275 802 4345 Tiscnendorf,
819 4273 857 4331 N.
874 4277 999 4332 Testem.
1013 4292 1116 4346 graece,
1129 4276 1174 4333 ed.
1189 4277 1220 4339 8,
1235 4278 1285 4332 cri-
