2684 4634
412 111 467 160 DE
486 112 560 162 DEI
579 112 844 163 EXISTENTIA.
1118 109 1173 158 101

978 227 1175 235 —————

68 302 113 355 est
121 292 274 376 Jahwalz
290 294 342 355 vel
368 294 532 369 Vaawmff
543 295 710 357 derivatur
727 316 746 356 a
762 294 872 356 radice
886 291 996 355 ltavalt
1011 291 1119 372 (suit),
1131 300 1174 365 et,

63 395 161 476 juxta
177 395 317 471 multos,
332 396 498 478 significat
513 398 605 461 illum
621 399 716 479 cujus
737 397 906 479 proprium
922 406 973 457 est
988 416 1060 470 esse,
1075 393 1173 456 nullis

64 498 230 561 limitibus
246 500 539 581 circumscriptum,
555 521 612 563 seu
637 521 711 563 eum
730 501 785 582 qui
807 500 908 562 habet
931 497 1171 579 plenitudinem

62 604 169 678 entis;
194 604 267 680 sed,
280 602 380 684 juxta
401 603 578 667 hodiernos
601 625 667 667 non
689 625 821 687 paucos
830 602 970 686 Jadmelz
993 612 1043 665 est
1066 601 1172 663 forma
1207 617 1211 624 ·

61 707 231 787 haphilica,
255 727 314 769 seu
338 710 516 784 causativa,
541 719 574 772 et
604 709 769 790 significat
799 709 858 789 qui
880 717 994 769 causat
1015 728 1086 782 esse,
1113 725 1170 767 seu

61 819 201 872 creator.
251 809 423 891 Quidquid
440 812 492 888 sit,
509 812 600 875 Deus
617 813 687 893 ipse
703 812 765 874 hoc
782 832 903 873 nomen
921 811 1032 891 Moysi
1049 807 1169 871 revela-

60 915 116 990 vit,
132 914 277 994 quando
291 934 367 976 eum
381 913 479 995 jussit
501 924 538 978 ut
559 915 644 977 filios
668 914 768 976 lsrael
785 914 940 975 educeret
955 915 997 975 de
1012 912 1170 974 servitute

61 1018 235 1099 AEgypti:
266 1017 394 1080 “Dixit
422 1018 514 1079 Deus
540 1019 583 1080 ad
616 1019 784 1099 Moysen:
811 1017 883 1098 Ego
909 1036 981 1077 sum
1007 1015 1066 1096 qui
1088 1036 1168 1076 suna.

10 1106 12 1141 ³
62 1120 147 1183 Ait:
176 1120 228 1181 sic
251 1119 342 1181 dices
365 1118 439 1181 filiis
459 1120 560 1183 lsrael
580 1142 586 1183 :
616 1120 685 1198 Qui
697 1130 744 1183 ast
759 1121 848 1182 misit
864 1140 916 1181 me
936 1119 978 1181 ad
998 1139 1057 1180 vos
1069 1118 1120 1192 ’'...,
1136 1127 1170 1178 et

60 1233 248 1306 postquam
275 1222 456 1287 declaravit
478 1245 514 1286 se
540 1245 612 1286 esse
626 1224 776 1308 Jalzmah,
796 1224 914 1286 addit:
934 1223 1023 1283 “hoc
1047 1242 1167 1284 nomen

61 1328 140 1390 mihi
157 1337 213 1390 est
229 1328 262 1390 in
280 1338 450 1402 aetemum,
465 1338 499 1391 et
514 1329 578 1390 hoc
595 1329 786 1391 memoriale
808 1348 918 1390 meum
935 1327 967 1389 in
984 1326 1168 1407 generatio-

61 1452 144 1494 nem.
159 1432 203 1474 ”²
251 1431 357 1510 igitur
370 1430 512 1513 Jahmelz
535 1451 656 1493 nomen
682 1441 732 1492 est
756 1451 823 1510 quo
848 1431 941 1493 Deus
967 1429 1168 1509 designatur,

60 1545 231 1618 quatenus
252 1543 303 1596 est
323 1535 475 1614 specialis
498 1531 666 1616 protedtor
689 1533 829 1608 IsraeliS,
844 1555 864 1596 a
882 1554 949 1615 quo
969 1532 1111 1595 salutem
1135 1542 1168 1594 et

60 1637 238 1702 victoriam
263 1645 405 1718 sperant.
458 1638 592 1700 Exinde
623 1637 782 1717 quaeritur
810 1646 921 1698 utrum
952 1635 1014 1697 hoc
1045 1655 1166 1697 nomen

63 1741 225 1803 Israelitis
238 1750 316 1803 ante
329 1740 470 1820 Moysen
484 1737 581 1800 fuerit
593 1737 761 1818 ignotum;
783 1736 867 1798 ratio
883 1736 1058 1798 dubitandi
1071 1735 1167 1796 desu-

62 1847 163 1909 mitur
181 1867 226 1908 ex
244 1844 295 1906 his
311 1842 418 1906 verbis
433 1863 508 1924 quae
525 1849 642 1923 postea
664 1840 830 1902 Dominus
849 1839 889 1900 ad
916 1839 1057 1920 Moysen
1079 1838 1166 1900 locu-

62 1956 113 2009 tus
132 1955 234 2009 ests:
254 1945 360 2025 “Ego
380 1945 555 2019 Dominus,
570 1945 626 2024 qui
648 1944 785 2025 apparui
808 1943 988 2017 Abraham,
1010 1944 1112 2018 Isaac,
1133 1951 1167 2005 et

61 2057 167 2137 Jacob
183 2056 217 2117 in
236 2055 311 2117 Deo
326 2055 566 2135 omnipotente,
582 2064 615 2117 et
637 2073 759 2115 nomen
782 2073 892 2115 meum
913 2052 1048 2115 Adonai
1065 2053 1165 2134 (hebn

58 2154 219 2243 Jalzwala)
240 2178 306 2220 non
331 2158 473 2220 indicavi
489 2157 563 2219 eis''·
615 2157 820 2219 Probabilior
843 2157 1008 2237 sententia
1030 2167 1080 2219 est
1103 2157 1165 2219 hoc

62 2283 184 2325 nomen
199 2260 270 2342 jam
286 2260 386 2323 fuisse
402 2270 518 2323 notum
536 2260 740 2342 patriarchis,
752 2261 809 2322 sed
824 2260 956 2342 plenam
973 2260 1044 2341 ejus
1059 2261 1165 2342 expli-

61 2367 229 2429 cationem
252 2364 299 2426 eis
322 2383 388 2426 non
412 2362 512 2426 fuisse
532 2362 798 2439 manifestatam;
820 2384 897 2426 nam
914 2364 1056 2426 occurrit
1075 2361 1166 2426 160¹es

61 2471 91 2532 in
109 2468 245 2543 Genesi,
260 2476 294 2530 et
309 2487 464 2548 expresse
484 2466 671 2529 declaratur
680 2479 702 2542 4,
721 2467 824 2549 Enos‚
841 2466 943 2529 filium
967 2467 1058 2542 Seth,
1073 2469 1164 2529 invo-

60 2593 133 2635 care
149 2572 292 2652 coepisse
309 2591 429 2633 nomen
439 2571 588 2654 Jahwelt.
636 2569 749 2651 Quum
758 2570 908 2653 Jehovalr
929 2571 1081 2650 designet
1096 2572 1164 2632 sive

61 2678 262 2758 Supremam
277 2675 367 2750 Esse,
383 2676 436 2736 cui
458 2674 619 2755 competit
643 2682 713 2735 tum
738 2674 906 2737 aeternitas
921 2683 992 2736 tum
1010 2675 1163 2736 immuta-

60 2780 182 2853 bilitas,
202 2778 271 2839 sive
296 2776 488 2851 Creatorem,
509 2798 629 2840 nomen
658 2788 708 2840 est
735 2778 1055 2856 incommunicabile,
1073 2781 1161 2858 quod

60 2902 234 2964 nunquam
250 2883 292 2944 de
307 2882 465 2944 creaturis
481 2881 704 2963 praedicatura

93 3101 101 3122 ¹
113 3092 140 3142 N
144 3105 228 3142 omen
243 3086 310 3140 illud
323 3087 398 3155 apud
410 3087 524 3154 Judaeos
538 3088 691 3140 vocabatur
700 3094 961 3159 tetragrammaton,
971 3089 1036 3160 quia
1049 3109 1082 3144 ex
1096 3109 1162 3161 qua·

59 3187 121 3230 tuor
144 3174 246 3228 litteris
270 3175 438 3238 constabat3
466 3184 494 3228 et
518 3173 546 3226 hi
572 3192 628 3226 non
653 3175 804 3240 audebant,
829 3187 942 3244 propter
966 3178 1159 3240 reverentiam,

61 3263 127 3316 illud
152 3260 341 3331 pronuntiare,
366 3261 406 3315 ita
429 3271 459 3314 ut
483 3261 597 3330 quando
623 3263 787 3315 occurrebat
814 3264 842 3315 in
869 3264 1013 3332 Scriptura
1037 3266 1162 3333 legerent

60 3351 200 3405 Adonai:
212 3348 277 3402 hinc
297 3365 363 3402 vera
375 3349 435 3416 ejus
453 3349 642 3417 pronuntiatio
664 3350 804 3418 plerisque
823 3351 918 3418 ignota
934 3363 1002 3404 erat.
1042 3353 1161 3405 Vocales

58 3438 135 3491 vocis
154 3435 273 3488 Adonai
290 3435 319 3488 in
339 3441 589 3505 tetragrammaton
609 3436 731 3499 insertae,
753 3437 890 3490 dederunt
908 3439 1161 3507 pronuntiationem

56 3521 196 3594 Jehovah,
212 3539 275 3591 quae
290 3521 408 3591 proinde
425 3538 481 3573 non
499 3531 542 3575 est
559 3539 624 3575 vera
642 3524 842 3591 pronuntiatio,
864 3541 916 3577 nec
935 3525 1047 3578 aliunde
1066 3525 1093 3576 in
1109 3543 1160 3578 usu

58 3611 108 3665 luit
121 3623 189 3663 ante
202 3624 266 3661 saec.
281 3609 358 3661 XVl.
395 3609 530 3662 Attamen
551 3608 578 3661 in
597 3609 736 3679 plerisque
747 3611 829 3663 libris
848 3623 974 3665 servatur
986 3611 1159 3680 lettioselm-

59 3698 123 3764 valr,
137 3696 204 3765 quia
215 3695 274 3763 jam
287 3695 444 3748 communis
457 3694 555 3749 evasit.
963 3695 965 3698 ’

90 3783 208 3837 ²Exad.
227 3782 281 3849 ΙΙΙ,
298 3794 384 3850 14-15.
400 3813 435 3820 —
447 3778 457 3808 ³
469 3784 560 3836 Exest
575 3784 626 3847 Vl,
640 3797 692 3848 2—3.
720 3792 763 3822 --t
778 3785 843 3837 Gan.
863 3785 912 3849 IV,
926 3787 966 3836 26.

90 3873 196 3926 ⁵Circa
209 3887 313 3924 nomen
319 3871 459 3939 Jehovah,
472 3873 505 3926 cl.
511 3873 542 3939 J.
555 3873 587 3924 Ρ.
603 3873 662 3923 Van
674 3873 821 3935 Karteran,
835 3873 923 3938 Jahve
934 3883 959 3924 et
974 3871 1158 3937 El-Shaddai,

54 3980 98 4031 ap.
114 3961 227 4013 Science
240 3959 413 4028 Catholt'que,
430 3971 458 4027 15
473 3975 548 4011 mars
565 3960 639 4025 1894,
654 3976 680 4026 p.
697 3959 767 4023 296;
789 3958 837 4011 Cla.
854 3958 962 4024 Robert,
981 3959 1021 4010 La
1040 3958 1158 4010 Revela-

52 4050 114 4103 tion
135 4046 173 4098 du
191 4062 257 4098 nom
275 4045 351 4098 divin
368 4043 507 4116 Jehovah,
525 4064 569 4114 ap.
588 4047 683 4098 Remea
702 4045 839 4112 Biblz'qaa
860 4045 927 4097 avril
949 4047 1022 4110 1894,
1040 4062 1066 4113 p.
1090 4047 1156 4112 161;

51 4135 175 4198 Dn'mr,
184 4131 300 4200 Origine
313 4133 370 4186 and
383 4143 481 4187 nature
492 4133 524 4185 of
530 4134 578 4186 the
588 4134 861 4204 Tetragrammaton,
872 4149 915 4200 ap.
929 4133 1032 4184 Studia
1040 4133 1156 4198 Biblica,

51 4220 174 4286 Oxford,
191 4221 267 4290 1885,
279 4219 335 4273 vol.
353 4221 375 4288 1,
395 4220 433 4273 ΙΙ.
