2684 4634
191 181 253 230 122
642 179 780 232 CAPUT
797 177 838 232 11.

191 364 258 426 imo
276 363 382 444 major
398 364 446 425 vis
463 385 501 425 ac
517 365 620 426 virtus
637 366 814 446 requiritur
831 366 873 427 ad
899 365 1151 447 producendum
1177 385 1289 428 causas

191 470 353 531 secundas
365 470 500 530 idoneas
511 469 553 531 ad
566 467 703 532 effeetus
714 471 952 532 determinatos
966 471 1182 552 peragendos,
1193 490 1289 550 quam

191 574 233 635 ad
251 574 386 635 eosdem
404 571 527 635 diredte
544 573 759 635 causandum.
943 558 945 562 Α

226 722 265 777 53.
304 708 330 776 3⁰
347 704 520 762 Corollaria.
560 705 607 776 (A)
622 706 759 763 Potentia
773 707 828 764 Dei
843 707 957 766 infinita
970 719 1014 768 est
1027 718 1089 766 tum
1103 709 1220 767 ratione
1237 708 1288 780 sur',

192 811 285 863 quum
299 792 335 850 sit
348 793 483 863 ejusdem
498 803 610 850 naturae
622 811 657 849 ac
670 794 797 850 essentia
808 792 918 862 divina;
937 805 1001 853 tum
1011 795 1126 853 ratione
1137 797 1293 855 abitantiet

192 880 270 936 modi
279 880 391 950 agendi,
407 898 500 950 quum
514 880 550 937 sit
564 881 651 951 plane
665 880 880 952 independens,
896 883 978 940 nullo
991 892 1076 954 egeat
1086 883 1292 954 instrumento,

192 967 274 1023 nulla
291 966 470 1038 praeiacente
489 967 620 1034 materia,
636 968 794 1038 statimque
815 986 875 1026 uno
893 971 985 1028 verbo
1006 970 1108 1028 omnia
1127 972 1291 1044 producere

192 1053 304 1111 valeat:
330 1054 427 1125 “Ipse
441 1052 522 1123 dixit,
538 1063 568 1110 et
581 1053 658 1110 saeta
671 1063 749 1119 sunt,
764 1053 828 1125 ipse
841 1056 993 1115 mandavit
1012 1067 1041 1115 et
1060 1069 1160 1116 creata
1177 1059 1291 1127 sunt’'¹;

192 1150 255 1197 tum
270 1140 383 1197 ratione
395 1139 503 1211 objelir',
517 1140 587 1210 quia
599 1141 656 1197 alia
669 1140 905 1215 1)erfettioraque
919 1144 982 1202 sine
995 1145 1055 1202 fine
1064 1145 1233 1217 producere
1242 1165 1291 1219 po-

192 1235 256 1296 test,
273 1244 366 1298 quum
380 1227 416 1284 sit
430 1227 611 1285 inexhausta.

228 1316 347 1373 Frustra
359 1315 498 1385 objicitur
513 1317 610 1372 Deum
625 1316 718 1372 multa
730 1333 790 1372 non
805 1334 901 1389 posse,
917 1332 985 1390 quae
997 1328 1097 1376 tamen
1111 1319 1140 1375 in
1155 1338 1187 1379 se
1201 1321 1291 1392 possi·

194 1403 263 1460 bilia
276 1412 354 1468 sunt,
369 1422 394 1459 v.
409 1421 434 1473 g.
450 1421 505 1460 nec
518 1404 629 1468 dolere,
645 1392 701 1460 nec
714 1403 797 1470 mori,
813 1423 869 1462 nec
887 1406 1003 1464 mentiri
1023 1407 1111 1473 vaiet;
1130 1408 1292 1479 respondet

193 1491 273 1549 enim
287 1490 318 1547 S.
334 1491 540 1560 Augustinus:
558 1494 574 1520 “
585 1492 668 1548 Deus
682 1491 872 1561 omnipotens
893 1502 945 1560 est,
961 1502 991 1551 et
1010 1511 1080 1550 cum
1099 1492 1137 1551 sit
1156 1495 1292 1566 omnipo·

193 1589 265 1649 tens,
290 1578 365 1636 mori
385 1596 446 1635 non
469 1590 574 1650 potest,
599 1579 658 1636 salli
674 1597 738 1635 non
759 1588 866 1650 potest,
888 1589 917 1637 et
936 1580 1018 1650 quod
1036 1580 1077 1637 ait
1102 1580 1290 1651 Apostolus2,

193 1666 323 1737 seipsum
338 1683 445 1736 negare
458 1684 518 1722 non
532 1676 638 1738 potest.
680 1666 779 1738 Quam
793 1667 886 1725 multa
899 1686 959 1725 non
974 1672 1083 1738 potest!
1103 1667 1142 1726 Et
1155 1667 1293 1740 omnipo-

192 1765 258 1812 tens
272 1762 326 1820 est;
343 1762 375 1811 et
388 1753 456 1811 ideo
469 1757 659 1826 omnipotens
673 1764 724 1824 est,
741 1754 810 1825 quia
821 1754 876 1811 ista
889 1773 949 1812 non
962 1754 1103 1826 potest'’³.

228 1840 375 1911 Theologi
389 1841 574 1911 distinguunt
587 1841 753 1913 potentiam
768 1840 825 1898 Dei
837 1840 1005 1897 ordinatam
1018 1840 1057 1899 ab
1076 1842 1140 1913 ejus
1159 1840 1294 1912 potentia

193 1928 347 1987 absoluta:
368 1929 447 2000 prior
460 1946 494 1986 ea
508 1939 552 1986 est
565 1947 632 2000 quae
645 1938 776 1987 versatur
788 1928 865 1984 circa
884 1927 1019 1986 ordinem
1039 1946 1056 1984 a
1076 1928 1153 1999 Deo,
1165 1945 1222 2000 pro
1241 1930 1294 1986 sud

193 2015 346 2086 sapientia,
360 2014 501 2082 eledtunu
520 2016 665 2087 posterior
678 2016 754 2073 cirea
767 2016 903 2074 ordinem
917 2033 1006 2088 quem
1017 2015 1163 2087 potuisset
1172 2015 1293 2088 eligere;

193 2103 233 2160 ita
245 2123 271 2160 v.
287 2120 313 2172 g.
332 2102 483 2174 potuisset,
492 2102 623 2173 potentii
636 2102 776 2175 absolutd,
786 2103 1058 2175 hominiassignare
1072 2104 1163 2162 finem
1177 2113 1293 2162 natura-

192 2191 263 2256 lem;
282 2207 343 2246 non
363 2199 579 2269 potestantem
599 2191 629 2248 id
649 2191 745 2249 facere
758 2191 888 2263 potentia
907 2190 1053 2260 ordinata,
1066 2190 1137 2263 quia
1155 2190 1195 2248 de
1210 2192 1294 2248 ⁴fatto

192 2277 283 2334 alium
296 2276 384 2346 elegit
396 2275 538 2333 ordinem.

228 2411 266 2467 54.
306 2397 355 2466 (Β)
370 2397 414 2452 Ex
428 2397 666 2455 consideratione
679 2399 788 2456 divinae
801 2398 942 2470 potentiae
955 2398 1016 2456 duo
1035 2390 1225 2470 potissimum
1244 2417 1293 2455 na-

193 2495 314 2554 scuntur
339 2484 493 2542 affeetus⁴:
514 2487 553 2554 (a)
573 2485 692 2542 lzrma'lis
710 2485 774 2542 Deo
791 2484 956 2541 submziszb:
978 2483 1219 2541 “Humiliamini
1238 2485 1293 2542 sub

193 2572 307 2646 potenti
329 2590 419 2628 manu
443 2572 508 2641 Dei,
531 2582 563 2629 ut
582 2591 634 2630 vos
653 2574 760 2630 exaltet
780 2572 809 2629 in
829 2571 963 2644 tempore
982 2564 1209 2644 visitationis''⁵,³
1228 2571 1292 2643 quis

193 2661 273 2720 eninr
286 2659 420 2731 cogitans
433 2677 517 2716 suam
532 2659 766 2718 imbecillitatem
780 2670 809 2717 et
822 2659 899 2716 illius
913 2659 1171 2731 omnipotentiam,
1186 2677 1248 2717 non
1266 2659 1292 2718 ei

193 2749 346 2808 submittat
359 2766 389 2805 se
403 2748 432 2804 in
447 2747 596 2814 omnibus
611 2759 752 2820 tanquam
766 2747 887 2805 habenti
907 2747 937 2803 in
956 2764 1010 2804 nos
1022 2763 1181 2803 summum
1199 2747 1248 2817 jus
1265 2755 1292 2803 et

193 2856 336 2896 summanr
363 2837 558 2908 potestatem?
588 2837 627 2907 (b)
645 2835 754 2910 fiducia
773 2835 804 2891 in
823 2835 921 2891 Deum
929 2857 940 2892 .·
959 2834 981 2891 si
1001 2835 1082 2892 enim
1100 2833 1292 2905 omnipotens

194 2926 280 2984 nobis
293 2925 410 2994 assistit,
421 2924 470 2995 qui
485 2924 619 2982 omnium
630 2942 783 2981 causarum
795 2922 927 2981 continet
937 2920 1078 2992 habenas,
1086 2920 1127 2978 ita
1137 2928 1171 2977 ut
1179 2919 1292 2992 absque

193 3016 257 3085 eius
272 3023 344 3069 nutu
359 3011 400 3067 nil
412 3010 499 3082 agere
511 3013 635 3082 valeant,
652 3029 704 3068 cur
716 3010 886 3069 timeamus?
905 3008 987 3067 Nihil
1001 3007 1080 3066 enirn
1094 3007 1183 3064 nobis
1197 3006 1290 3066 inferri

195 3109 292 3172 potest
306 3098 375 3154 mali
389 3098 444 3154 nisi
459 3098 521 3168 ipse
534 3099 669 3156 annuerit
676 3118 685 3170 ;
704 3117 764 3155 non
783 3108 894 3155 annuet
914 3095 969 3154 nisi
989 3095 1020 3153 id
1038 3094 1126 3152 nobis
1145 3097 1185 3155 ad
1205 3097 1290 3155 vitam

193 3198 334 3245 aeternam
347 3185 497 3242 conferat:
518 3187 534 3214 “
545 3186 745 3257 Diligentibus
760 3187 859 3245 Deum
873 3183 974 3243 omnia
987 3193 1187 3255 cooperantur
1201 3185 1230 3241 in
1244 3184 1291 3242 bo·

194 3273 309 3334 num⁶.''

504 3400 574 3457 111.
601 3400 656 3458 De
680 3400 749 3458 Dei
774 3399 991 3458 sanctitate.

236 3544 282 3612 55.
334 3542 364 3590 10
380 3529 486 3591 Notio.
535 3526 711 3604 San&itaS,
728 3548 802 3609 quae
819 3546 908 3607 saepe
921 3523 1049 3606 justitia
1066 3522 1098 3585 in
1114 3523 1145 3588 S.
1158 3518 1291 3587 Litteris

194 3644 410 3716 nuncupatur,
426 3643 477 3695 est
493 3631 685 3695 immunitas
702 3630 745 3693 ab
760 3631 851 3693 omni
869 3628 957 3690 malo
974 3625 1099 3703 morali,
1115 3635 1149 3689 et
1165 3626 1291 3690 consor-

194 3740 291 3800 mitas
318 3759 393 3799 cum
422 3739 576 3818 suprema
604 3734 716 3815 regula
744 3753 880 3796 morum.
927 3731 1039 3814 Quum
1064 3739 1176 3793 autem
1202 3731 1293 3792 Deus

194 3843 264 3923 ipse
280 3840 342 3902 sibi
360 3839 402 3902 sit
426 3839 491 3915 lex,
508 3835 666 3901 san&itas
690 3834 802 3899 divina
826 3835 911 3898 bene
934 3835 1054 3897 dicitur
1077 3833 1294 3896 immutabilis

94 4023 96 4027 .
194 3945 347 4007 voluntas
364 3940 620 4024 perfeetionibus
637 3941 704 4003 suis
721 3936 935 4001 conformiter
951 3938 1101 4018 agendir.
1147 3936 1204 3998 Ex
1229 3956 1294 4017 quo

230 4132 236 4153 ¹
250 4125 297 4175 Ps.
315 4124 441 4186 XXXII,
458 4137 481 4188 9.
491 4153 525 4160 —
538 4127 548 4150 ²
561 4120 597 4173 ll
611 4122 692 4187 Tim,
708 4122 747 4183 II,
763 4137 801 4188 13.
816 4116 868 4158 -3
879 4120 976 4173 Sermo
985 4118 1021 4172 de
1031 4117 1127 4186 Symb.
1138 4116 1176 4170 ad
1186 4116 1292 4170 catech.

195 4228 218 4264 c.
246 4212 266 4264 Ι.
287 4243 321 4250 -
338 4216 349 4246 ⁴
369 4212 487 4277 Lessius,
507 4214 549 4279 op.
572 4212 617 4265 cit.
639 4210 686 4263 lib.
707 4211 741 4276 V,
760 4227 782 4262 e.
800 4224 824 4277 3.
841 4239 876 4245 -
893 4205 903 4236 ⁶
921 4209 942 4260 Ι
952 4208 1028 4261 Pelr.
1045 4207 1080 4270 V,
1095 4208 1120 4259 6.
1137 4236 1172 4244 -—
1191 4203 1292 4260 ⁶Rom.

195 4300 279 4365 VIII,
295 4299 335 4352 28.
352 4329 386 4336 w
398 4295 408 4326 ⁷
422 4299 463 4353 Cf.
480 4299 674 4364 Lz‘ebermann,
687 4297 703 4350 l.
718 4313 741 4351 c.
756 4313 782 4351 a.
799 4310 824 4363 3,
839 4292 852 4364 ἓ
868 4313 892 4349 2.
