2684 4634
218 111 275 163 DE
294 110 598 164 CONSECTARIIS
617 112 863 174 UTRIUSQUE
882 113 1102 163 MYSTERII.
1154 115 1219 164 605

150 294 210 346 alto
252 290 359 361 Neque
372 290 442 347 huic
454 291 566 348 veritati
581 290 701 348 obstant
714 301 819 359 textus,
833 291 862 346 in
877 291 986 362 quibus
999 292 1095 363 agitur
1108 291 1146 349 de
1151 291 1219 363 fro·

115 375 213 432 tn'bus
226 377 358 448 Domini,
376 396 401 433 v.
417 395 443 448 g.
485 377 624 435 “Nonne
638 387 732 434 mater
745 378 809 446 ejus
823 378 932 434 dicitur
946 378 1058 435 Maria?
1071 388 1100 436 et
1105 378 1221 450 fratres

116 463 183 534 ejus
196 463 328 536 Jacobus
342 475 371 522 et
384 464 499 537 loseph
512 474 542 522 et
555 463 659 522 Simon
673 475 701 523 et
714 465 827 536 Judas?
863 465 901 522 Et
914 483 1023 522 sorores
1035 466 1099 537 ejus
1118 482 1219 522 nonne

116 567 225 607 omnes
237 552 319 622 apud
333 569 387 608 nos
400 563 468 608 sunt
478 551 493 576 ’'
503 552 528 608 ¹?
565 551 643 607 Nam
658 553 697 621 (a)
706 551 829 621 quidam
844 551 919 609 inter
933 553 1042 617 Patres,
1059 551 1219 623 praesertim

117 635 250 707 GraecoS,
267 647 408 709 putarunt
428 639 529 696 fratres
552 638 617 694 illos
636 637 712 694 filios
731 655 796 696 esse
816 637 842 694 S.
857 638 990 710 Josephi,
1013 657 1089 709 quos
1110 657 1145 696 ex
1163 637 1219 696 alit

116 740 211 781 uxore
223 733 311 782 antea
323 724 415 783 dudta
432 724 585 782 habuisset
602 746 608 781 :
637 742 704 795 quae
719 723 840 794 quidem
856 725 959 796 opinio
973 743 1053 781 nunc
1066 725 1219 796 antiquata

117 809 207 866 estin
222 810 357 868 Ecclesia
376 811 475 877 latina,
491 828 609 867 necnon
629 811 727 868 sensui
749 810 879 868 fidelium
900 812 1039 881 opposita
1052 811 1090 869 de
1104 809 1218 880 virgini-

116 906 179 955 tate
192 897 222 954 S.
238 898 371 970 josephi.
392 942 395 949 .
411 899 451 969 (b)
465 898 524 956 Sed
538 899 705 954 communis
725 897 880 967 sententia,
895 915 913 954 a
926 898 956 955 S.
973 899 1154 968 Hieronymo
1168 898 1217 955 ad-

117 993 233 1054 vocata,
249 995 293 1043 est
306 986 407 1042 iratres
426 984 492 1042 illos
505 984 595 1041 fuisse
607 984 784 1059 consobrinos
798 983 908 1041 Christi
914 1007 926 1050 ,·
945 1001 1000 1041 vox
1013 984 1093 1042 enim
1105 985 1217 1054 frater,

117 1069 179 1127 lato
192 1087 282 1128 seusu
295 1081 424 1144 sumpta,
439 1072 528 1128 talem
548 1070 821 1142 interpretationem
841 1071 986 1142 patitur2;
1013 1071 1134 1128 aliunde
1147 1088 1217 1142 qua-

118 1166 187 1213 tuor
199 1155 309 1226 fratres,
323 1174 412 1228 supra
431 1157 604 1225 enumerati,
618 1156 810 1228 probabiliter
828 1167 912 1214 erant
931 1157 981 1213 filii
996 1157 1148 1229 Cleophae‚
1166 1174 1217 1214 seu

118 1241 247 1314 Alphaei
264 1253 293 1301 et
308 1243 419 1314 Mariae,
436 1243 543 1301 sororis
553 1244 653 1301 matris
669 1243 800 1314 Domini,
817 1253 848 1300 ut
862 1254 997 1302 constare
1011 1244 1135 1314 videtur,
1154 1254 1216 1300 tum

118 1345 155 1385 ex
168 1329 255 1386 variis
268 1329 427 1401 Scripturae
446 1329 519 1387 locis
540 1330 627 1386 simul
648 1329 762 1386 collatis
770 1339 789 1397 ³,
802 1341 865 1388 tum
885 1348 920 1388 ex
938 1331 1114 1388 auetoritate
1127 1331 1218 1401 Hege-

116 1413 204 1485 sippt,
218 1415 268 1486 qui
291 1416 420 1473 declarat
440 1416 618 1488 Cleopham,
636 1427 749 1488 patrem
773 1418 911 1486 Simonis
930 1418 1021 1475 luisse
1040 1416 1149 1477 Christi
1168 1435 1217 1489 pa-

117 1511 227 1558 truum.
268 1502 351 1560 Nihil
364 1521 434 1574 ergo
447 1521 482 1560 ex
495 1502 541 1560 his
553 1514 656 1561 contra
669 1515 842 1576 perpetuam
859 1506 891 1560 B.
907 1505 1009 1562 Mariae
1021 1504 1217 1575 virginitatem

117 1586 229 1644 deduci
243 1597 349 1659 potest.

162 1729 232 1806 287.
280 1740 315 1805 3⁰
335 1726 558 1790 Corollarium.
604 1728 640 1789 B.
659 1727 776 1790 Morio
797 1726 1022 1812 virginitatem
1039 1729 1106 1790 Deo
1122 1728 1216 1791 vovit.

120 1828 175 1890 Ita
191 1831 421 1895 communiter.
891 1911 893 1915 Α

163 1931 223 2012 (Α)
239 1932 419 1996 Hoc-enim
439 1935 552 1995 Patres
569 1934 731 2014 colligunt
747 1954 790 1995 ex
808 1933 915 1995 verbis
934 1934 1050 1995 Mariae
1069 1958 1075 1996 :
1100 1939 1115 1964 “
1127 1934 1218 2015 Quo-

119 2035 223 2096 modo
246 2035 302 2099 fiet
326 2037 423 2112 istud,
444 2037 603 2116 quoniam
628 2037 734 2098 virum
760 2056 826 2097 non
851 2057 1017 2116 cognosco
1029 2036 1063 2098 ”l
1088 2034 1220 2117 “Quod

119 2134 270 2216 profesto
286 2158 352 2199 non
370 2139 503 2212 diceret,
520 2139 566 2200 ait
583 2138 792 2219 Augustinus
809 2137 865 2218 (de
881 2138 1035 2218 Virginit.
1053 2159 1078 2199 c.
1095 2137 1140 2217 4),
1154 2138 1216 2198 nisi

120 2239 197 2301 Deo
212 2240 374 2321 virginem
393 2262 427 2303 se
444 2252 522 2303 ante
540 2243 682 2304 vovisset
697 2242 724 2319 ”;
759 2243 785 2302 si
803 2242 930 2305 nullum
947 2243 1036 2304 enim
1054 2242 1218 2304 emisisset

117 2344 428 2424 votumJosephum
436 2345 780 2426 cognoscerepotuisset
790 2356 823 2406 et
834 2365 877 2406 ex
887 2346 894 2405 i
899 2344 1076 2425 lloprolem
1088 2344 1216 2406 habere.

1106 2478 1211 2488 .....-ι

117 2543 321 2611 poenitentiam.
329 2555 434 2613 ageret,
450 2555 540 2599 morte
554 2555 712 2614 praeventus
725 2555 783 2608 est;
810 2543 905 2597 statim
919 2554 966 2596 aut
981 2545 1068 2596 Paulo
1083 2555 1145 2611 post
1159 2545 1217 2597 vin-

118 2630 182 2683 cula
195 2630 233 2684 ad
247 2631 403 2701 Hispanias
419 2632 591 2685 siteundum
609 2651 615 2685 :
634 2641 682 2685 aut
700 2630 831 2697 Helvidio
845 2630 1013 2699 poenitentia
1028 2631 1140 2697 agenda
1154 2642 1217 2698 post

117 2714 263 2770 rnortem''
346 2719 459 2786 Integer
478 2720 556 2772 Iocus
575 2717 712 2786 legendus
731 2727 781 2770 est.
821 2717 862 2770 Cf.
879 2719 975 2770 Reuue
990 2717 1118 2784 b’iblr'que
1141 2718 1213 2784 1894,

119 2821 142 2873 o·
160 2805 249 2872 56⁵q·
300 2849 302 2853 ν

152 2891 259 2945 ¹Matt.
277 2892 362 2958 XIII,
383 2893 469 2960 55-56.

151 2978 255 3046 2Quod
269 2979 368 3032 iterum
382 2980 493 3046 egregie
504 2979 622 3031 illustrat
634 2981 664 3031 S.
678 2979 869 3046 Hieronymus
883 2977 938 3047 (op.
952 2977 998 3031 cit.
1011 2995 1038 3031 n.
1054 2979 1114 3045 ro):
1129 2979 1215 3046 “Jum

117 3081 194 3118 nunc
202 3065 349 3119 doceberis
360 3076 479 3135 quatuor
492 3065 584 3118 modis
598 3066 626 3116 in
641 3065 791 3133 Scripturis
805 3063 907 3117 divinis
921 3065 1019 3118 iratres
1034 3063 1089 3117 dici
1104 3065 1216 3124 numni,

113 3158 206 3220 genle,
218 3155 390 3222 cognatione,
405 3154 515 3223 offella.
545 3151 663 3205 illalurci
672 3154 758 3214 Esau,
771 3149 871 3221 Jacob,
882 3152 1032 3205 duodecim
1043 3152 1217 3220 patriarchae,

117 3240 248 3293 Andreas
262 3249 289 3293 et
300 3243 409 3305 Petrus;
429 3242 552 3308 Jacobus
562 3251 590 3294 et
599 3239 733 3310 joannes,
765 3241 859 3302 Genio,
871 3241 926 3309 qual
937 3256 1035 3292 omnes
1046 3238 1134 3306 Judaei
1146 3239 1218 3291 inter

118 3344 147 3382 se
161 3328 264 3381 fratres
277 3339 422 3395 vocantur,
436 3339 465 3380 ut
484 3327 512 3378 in
529 3327 750 3379 Deuteronomio
766 3345 770 3379 :
802 3326 861 3379 “Si
875 3336 970 3378 autem
983 3324 1085 3378 emeris
1091 3325 1216 3394 fratrem

117 3424 206 3482 mum,
222 3413 269 3482 qui
289 3425 332 3467 est
353 3415 506 3467 hebraeus'⁷
530 3413 603 3480 (XV,
629 3411 712 3477 12)...
752 3413 788 3464 Et
809 3413 862 3481 Ap.
888 3412 1014 3464 Paulus:
1047 3410 1216 3479 “optabam

116 3500 217 3572 inquit,
233 3517 287 3570 ego
301 3502 361 3571 ipse
374 3503 526 3555 anathema
545 3517 607 3552 esse
627 3517 644 3551 a
659 3498 771 3551 Christo
786 3515 836 3566 pro
849 3497 981 3551 fratribus
995 3495 1074 3563 meis,
1088 3495 1217 3564 cognatis

117 3588 274 3641 secundum
288 3606 410 3653 carnem,
424 3587 470 3657 qui
486 3597 550 3640 sunt
565 3585 721 3639 lsraeliIae''
736 3584 827 3650 (Rom.
846 3586 896 3650 IX,
911 3585 975 3651 3-4).
1015 3586 1102 3637 Porro
1119 3600 1218 3653 cognu-

117 3669 192 3726 tione
212 3671 312 3726 iratres
335 3684 479 3736 vocantur,
501 3671 548 3739 qui
572 3676 637 3723 sunt
663 3670 700 3722 de
722 3671 778 3723 unat
804 3671 952 3724 familia...
993 3671 1076 3739 Quod
1097 3671 1216 3724 illustrat

116 3759 246 3828 exemplo
259 3759 405 3812 Abraham
419 3769 446 3811 et
462 3761 522 3821 Lot,
532 3758 566 3810 de
580 3757 681 3823 quibus
696 3757 815 3811 dicitur:
838 3759 1057 3812 “discesserunt
1070 3758 1217 3826 unusquis-

116 3861 171 3914 que
181 3845 292 3899 afratre
303 3862 353 3898 suo
363 3846 377 3870 '³
391 3845 472 3910 (Gon.
490 3845 576 3910 XIII,
587 3845 602 3896 8
617 3843 685 3912 sq.);
705 3854 733 3897 et
744 3855 818 3899 certe
830 3848 881 3899 Lot
895 3862 951 3897 non
962 3856 1022 3898 erat
1033 3845 1119 3897 frater
1127 3846 1216 3897 Abra-

116 3933 171 3996 hae¹
195 3932 247 3985 sed
269 3931 342 3984 iilius
363 3932 456 3986 fratris
476 3933 536 4000 ejus
544 3949 552 3999 3
580 3932 709 3998 exemplo
734 3933 837 3985 Laban·
852 3941 881 3986 et
901 3933 1005 3999 Jacob;
1035 3931 1104 3984 dixit
1123 3942 1216 3983 autem

117 4019 217 4072 Laban
228 4018 265 4071 ad
274 4019 380 4086 Jacob:
411 4018 427 4044 “
439 4036 506 4071 num
520 4018 586 4086 quia
591 4018 691 4087 frater
702 4035 781 4071 meus
795 4035 826 4071 es
840 4028 877 4086 tu,
887 4018 974 4085 gratis
989 4016 1094 4070 servies
1108 4017 1177 4068 mihi
1189 4014 1219 4069 ²³?

116 4107 199 4175 (Gen.
215 4107 325 4170 XXIX,
337 4118 389 4174 15).
428 4107 560 4173 Jamvero
574 4107 663 4173 Jacob
676 4116 734 4158 erat
748 4106 820 4157 filius
835 4105 937 4158 sororis
953 4105 1051 4156 Laban
1061 4104 1083 4156 ''.

149 4194 254 4249 'Mala
271 4194 394 4256 XXVII,
411 4196 457 4260 56,·
475 4194 567 4248 Mauo.
587 4194 648 4261 XV,
663 4207 706 4260 40,
720 4207 767 4263 473
786 4194 869 4259 Xlll,
883 4210 910 4258 r,
925 4193 993 4261 loo.
1006 4191 1098 4252 XIX,
1109 4201 1157 4255 τε.
1180 4200 1182 4204 ·
