2684 4634
204 112 261 160 DE
280 111 539 161 EXISTENTIA
557 109 700 160 TRIUM
721 107 1028 158 PERSONARUM.
1096 106 1162 156 205

30 275 36 282 ’
91 295 136 360 ⁶3·
180 289 383 348 Corollarium.
423 289 510 346 Falso
524 289 611 360 igitur
624 289 762 346 asseritur
774 307 791 344 a
805 288 985 359 quibusdam
1000 286 1162 344 Rationali-

56 375 110 431 stis
123 375 310 434 Christianos
323 377 489 434 dodtrinam
502 393 585 432 suam
600 376 638 433 de
650 375 795 432 Trinitate
808 394 825 431 a
838 376 960 446 paganis
975 373 1162 445 Philosophis

56 471 212 520 mutuatos
233 463 342 520 suisset
380 465 419 534 (a)
439 463 586 520 Asseritur
604 461 726 533 quidem
746 460 897 517 Platonem
916 461 1091 518 Trinitatem
1111 460 1163 517 do·

56 549 158 607 cuisse
165 569 174 621 3
188 550 246 608 sed
259 549 424 608 immerito:
444 550 575 622 loquitur
587 549 710 621 quidem
724 549 763 606 de
777 549 926 606 intelledlu
946 548 1055 618 divino,
1072 565 1161 618 quem

56 646 147 694 vocat
160 637 250 708 λόγον,
267 637 374 709 pariter
387 637 425 696 de
438 637 539 694 animd
553 636 662 706 mundi,
680 654 799 693 necnon
813 636 851 694 de
871 636 943 693 ideis
963 635 1070 693 divinis
1089 653 1162 705 quas

56 734 146 782 vocat
159 723 355 796 Arelappum
368 724 484 795 mundi,
505 725 604 782 Deum
623 720 746 795 quidem
768 725 884 781 Patrem
904 734 997 792 vocat,
1014 724 1067 780 sed
1086 723 1162 779 filius

58 812 123 882 ejus
136 829 201 869 non
215 819 259 870 est
271 812 371 883 Logos,
387 813 441 870 sed
454 812 554 868 anima
567 810 684 878 mundi,
702 810 773 868 alibi
787 811 917 882 loquitur
930 811 968 868 de
989 810 1074 866 Verbo
1092 811 1159 880 Dei,

58 898 112 956 sed
125 908 160 955 ut
175 915 257 956 mero
270 899 421 969 attributo,
438 917 499 956 non
520 908 552 955 ut
571 899 706 970 persona.
747 897 889 955 Coniusae
909 897 1044 954 notiones
1063 897 1162 967 hujus·

59 985 142 1042 modi
157 1003 227 1057 quae
239 985 333 1044 modo
345 1003 465 1058 prorsus
478 985 596 1043 diverso
605 984 643 1042 ab
654 985 717 1055 ejus
728 983 880 1055 discipulis
891 983 1048 1041 intelledtae
1057 994 1134 1049 sunt,
1145 1001 1163 1039 a

59 1073 203 1145 mysterio
214 1074 367 1132 Trinitatis
378 1073 464 1132 valde
473 1073 621 1140 differunt,
632 1083 662 1130 et
671 1073 709 1130 ab
719 1073 848 1144 antiquis
859 1071 1074 1139 traditionibus,
1083 1083 1115 1129 ut
1124 1071 1163 1129 ab

59 1159 125 1230 ipso
145 1159 273 1218 Platone
291 1160 431 1230 innuitur,
448 1170 580 1232 acceptae
599 1160 739 1217 suerunt².
780 1161 820 1229 (b)
835 1159 911 1216 Item
925 1159 1013 1216 Philo
1029 1159 1159 1231 Judaeus,

59 1246 108 1316 qui
123 1246 224 1318 primo
237 1247 346 1305 saeculo
360 1246 437 1316 vixit,
454 1246 570 1304 disserit
583 1245 706 1317 quidem
720 1245 758 1302 de
772 1245 881 1314 Verbo,
891 1246 944 1303 sed
956 1264 1015 1302 non
1029 1245 1084 1302 sibi
1093 1263 1162 1302 con-

60 1344 131 1405 stat3
145 1334 327 1406 quibusdam
338 1335 367 1392 in
375 1335 448 1392 locis
457 1331 601 1392 affirmare
610 1333 725 1392 videtur
734 1334 806 1391 illud
815 1352 879 1391 esse
888 1352 906 1390 a
915 1334 981 1391 Deo
989 1333 1163 1390 distindtum

60 1421 113 1478 sed
125 1421 213 1478 simul
226 1421 281 1494 ipsi
296 1422 416 1480 inferius
424 1442 433 1492 3
451 1421 522 1478 alibi
541 1420 630 1479 tradit
650 1421 723 1494 illud
742 1421 875 1478 divinum
895 1439 967 1490 esse,
984 1439 1044 1477 non
1063 1431 1162 1478 autem

60 1507 238 1565 distindtum
251 1527 269 1566 a
282 1509 358 1578 Deo,
367 1508 420 1566 sed
433 1509 497 1579 ejus
510 1507 693 1565 intelledluin
707 1508 752 1565 vel
766 1507 950 1579 sapientiam.
991 1507 1103 1564 Nullibi
1113 1527 1163 1564 au-

61 1603 120 1650 tem
134 1594 175 1652 de
188 1594 273 1652 tertia
285 1596 421 1666 persona,
436 1612 489 1652 seu
502 1595 541 1652 de
555 1593 665 1664 Spiritu
679 1594 789 1650 Sandto
803 1594 941 1665 loquitur.
981 1593 1163 1665 Ceteroquin

61 1681 213 1752 quidquid
225 1681 286 1740 veri
299 1693 343 1740 est
363 1682 394 1738 in
415 1681 551 1739 dodtrind
571 1681 610 1739 de
629 1680 738 1751 Verbo,
764 1681 850 1737 Philo
870 1681 1000 1738 invenire
1019 1682 1115 1753 potuit
1133 1682 1162 1737 in

61 1769 160 1839 capite
173 1769 254 1825 VIII
270 1768 495 1828 Proverbiorurn
508 1768 590 1839 quod
603 1768 673 1825 citat
681 1788 689 1839 3
708 1785 742 1824 ea
755 1777 855 1824 autem
868 1786 935 1838 quae
948 1778 1016 1824 sunt
1029 1768 1084 1839 ipsi
1098 1785 1163 1839 pro·

62 1855 123 1926 pria
137 1855 219 1912 circa
230 1856 361 1913 animam
375 1856 490 1923 mundi,
506 1856 686 1927 exemplares
706 1856 796 1924 ideas,
810 1856 1002 1913 aeternitatem
1022 1856 1160 1926 materiae,

62 1955 183 2010 prorsus
195 1939 293 1996 aliena
301 1951 370 1997 sunt
383 1959 400 1997 a
414 1939 441 1997 S.
452 1939 576 2013 Joannis
585 1940 730 2006 dodtrina,
742 1939 790 2010 qui
802 1939 927 2011 proinde
937 1957 1001 1997 eam
1011 1957 1028 1995 a
1040 1939 1164 1997 Philone

62 2042 121 2082 uon
135 2027 263 2098 accepit.
303 2027 341 2098 (c)
354 2026 583 2096 Neo-Platonici,
600 2026 650 2097 qui
665 2026 703 2083 ab
717 2026 838 2084 ineunte
858 2045 924 2083 saec.
942 2026 992 2082 III
1013 2044 1106 2097 usque
1125 2028 1163 2084 ad

62 2111 103 2169 VI
119 2112 292 2183 floruerunt,
309 2131 347 2170 sc.
361 2113 536 2170 Ammonius
549 2112 657 2182 Saccas,
671 2113 815 2180 Plott'nus,
828 2113 1031 2191 Pharphyrt'us
1042 2123 1108 2183 etc,
1126 2113 1164 2171 de

62 2199 254 2269 processione
267 2199 359 2263 Verbi
372 2200 474 2271 aliquo
494 2199 586 2257 modo
605 2198 804 2270 disputarunt,
820 2199 889 2256 licet
908 2199 993 2256 'valde
1013 2199 1163 2271 obscure33

61 2286 112 2343 sed
133 2285 194 2342 hoc
216 2285 322 2343 mirum
343 2303 403 2342 non
425 2295 481 2352 est;
500 2285 658 2357 siquidem,
675 2296 706 2342 ut
725 2285 765 2342 ait
789 2285 977 2342 Theodoretus
997 2287 1047 2355 (de
1067 2287 1160 2344 Graec.

60 2371 157 2430 effect.
173 2381 265 2430 curat.
280 2391 366 2430 serm.
384 2373 439 2443 II),
454 2373 576 2429 “multa
589 2372 757 2429 christianae
771 2372 930 2443 theologiae
944 2372 1003 2429 suis
1023 2375 1163 2430 sermoni-

62 2458 115 2517 bus
127 2459 383 2518 commiscuerunt
392 2460 417 2518 ''.
458 2459 517 2532 Qui
531 2469 630 2517 autem
644 2469 756 2517 attente
769 2459 871 2530 legerit
884 2478 975 2531 opera
988 2470 1051 2517 tum
1064 2461 1163 2532 hujus-

60 2548 142 2605 modi
158 2547 409 2620 Philosophorum
422 2557 485 2605 turn
500 2549 619 2604 Patrum
634 2547 786 2612 Ecclesiae,
799 2548 897 2604 statim
908 2559 1050 2618 agnoscet
1063 2549 1164 2605 confu-

60 2652 104 2690 sas
118 2633 239 2691 illorum
254 2633 391 2692 notiones
403 2652 464 2691 non
477 2651 542 2693 esse
555 2633 693 2691 catholici
706 2633 855 2704 dogmatis
865 2635 987 2703 iontem,
998 2635 1051 2692 sed
1065 2634 1163 2706 potius

59 2720 319 2779 adulterationem.

92 2979 100 3002 ¹
116 2974 159 3029 Cf.
173 2975 274 3028 Pelav.
290 2975 351 3028 Lib.
370 2976 391 3042 1,
406 2992 430 3029 c.
449 2989 504 3039 1-2;
524 2975 689 3042 Franaelin,
706 2975 743 3026 th.
761 2972 800 3041 18,
813 2975 957 3040 Scholi0n;
979 2975 1091 3044 Corluy,
1103 2976 1164 3044 Spi-

59 3060 204 3130 cilegium,
219 3061 274 3115 vol.
292 3062 313 3127 1,
330 3079 357 3130 p.
378 3075 426 3128 139
438 3078 493 3130 sq
513 3062 662 3128 Newman,
675 3061 788 3125 Anans
810 3079 835 3130 p
858 3059 880 3130 Ι,
904 3080 926 3115 c
949 3065 971 3130 Ι,
991 3079 1012 3117 s.
1037 3077 1100 3131 3‚p.
1117 3079 1163 3131 90;

60 3149 241 3212 Gt'atoulln'ac,
256 3149 310 3202 vol.
327 3149 383 3215 Ill,
396 3149 443 3203 lib.
459 3150 522 3212 XV,
539 3166 561 3204 c.
579 3165 644 3217 9,p.
661 3162 712 3218 ,70
725 3166 766 3218 sq

90 3233 243 3289 ²Merito·
236 3234 320 3303 igitur
331 3237 470 3290 Petavius
482 3235 583 3290 asserit
597 3236 624 3304 (l.
634 3253 657 3289 c.
670 3252 692 3289 c.
710 3251 732 3303 1,
746 3253 772 3289 n.
787 3235 814 3302 2)
828 3247 954 3291 veterum
967 3202 1164 3290 nonnullorum

57 3340 166 3377 errores
179 3321 210 3375 in
223 3323 390 3391 explicando
403 3321 550 3377 Trinitatis
564 3322 704 3391 mysterio,
718 3324 874 3392 praesertim
887 3325 1013 3377 arianam
1026 3324 1164 3392 haeresim,

57 3427 90 3462 ex
102 3409 149 3462 his
165 3407 320 3463 Platonicis
333 3409 459 3463 confusis
472 3408 634 3462 notionibus
653 3409 790 3476 originem
809 3411 963 3479 accepisse,
977 3411 1016 3464 ita
1035 3421 1064 3464 ut
1085 3412 1165 3464 Plato

57 3497 151 3564 potius
164 3504 248 3565 pater
259 3495 402 3550 haereseos
415 3512 500 3564 quam
513 3495 645 3549 catholici
659 3495 799 3562 dogmatis
813 3497 906 3550 vocari
922 3497 1019 3564 possit.

90 3593 101 3624 ³
113 3584 162 3638 Ad
176 3599 237 3637 rem
244 3584 276 3652 J.
290 3584 330 3636 H.
344 3585 494 3651 Newman,
507 3585 524 3638 l.
539 3600 562 3637 c.
577 3580 724 3651 “Insuper
737 3583 888 3652 scriptores
902 3584 941 3636 illi
956 3583 1002 3652 qui
1023 3584 1083 3652 ejus
1103 3583 1163 3652 phi-

55 3671 219 3741 losophiam
232 3671 315 3725 tertio
328 3681 356 3725 et
370 3681 471 3740 quarto
484 3671 588 3725 saeculo
601 3688 618 3724 a
634 3671 738 3724 Christi
753 3672 901 3725 nativitate
921 3670 1084 3737 excitarunt,
1098 3672 1164 3728 cita-

56 3758 181 3812 ti0nibus
195 3756 406 3825 scripturalibus
419 3774 483 3812 earn
497 3757 630 3825 ditantes,
641 3759 670 3811 in
684 3776 734 3813 sua
744 3760 918 3829 expositione
930 3759 982 3813 sibi
991 3761 1164 3813 cohaerentes

56 3846 175 3901 minime
189 3845 309 3900 fuerunt.
350 3846 452 3901 Mundi
465 3857 581 3914 creator,
594 3840 772 3918 Denziurgos,
790 3864 806 3898 a
822 3848 940 3901 Platone
953 3846 1066 3899 habitus
1079 3845 1165 3898 modo

45 3933 206 4002 'tamquam
219 3932 349 4001 primum,
362 3932 449 3986 modo
462 3943 607 4002 tamquam
626 3935 747 3988 alterum
766 3932 943 4002 principium,
957 3950 973 3985 a
992 3932 1105 4001 Juliano
1125 3931 1164 3984 uti

56 4021 221 4088 secundum,
238 4037 256 4074 a
275 4020 387 4088 Plotino
406 4020 446 4074 uti
465 4021 618 4087 tertium,a
639 4023 737 4074 Proclo
756 4021 795 4074 uti
814 4031 944 4090 quartum
963 4020 1164 4096 consideratur,

56 4107 84 4161 id
94 4118 138 4162 est
151 4107 236 4162 trium
250 4106 413 4161 inferiorum
426 4119 570 4176 postrema
584 4109 670 4162 virtus
685 4125 765 4179 :quae
779 4107 924 4162 inferiores
938 4107 1053 4160 virtutes
1068 4124 1085 4159 a
1097 4123 1163 4175 qua-

56 4195 123 4248 dam
138 4193 239 4264 prima,
252 4210 316 4264 quae
329 4204 372 4248 est
385 4196 517 4263 'suprema
530 4193 671 4262 divinitas,
689 4195 806 4248 omnino
820 4195 1005 4264 dependent.''
