2684 4634
197 175 265 227 ⁴06
309 177 364 228 DE
381 179 521 230 VERBO
540 178 789 231 INCARNATO
807 179 858 228 ET
877 179 1183 230 REDEMPTORE.

287 359 440 416 Ducnnm
459 359 579 417 Sruonr
601 361 773 417 Epnnsrua·
792 375 997 418 OEcuunmcrn
1018 360 1069 418 ΙΙΙ
1089 378 1117 417 Α.
1135 366 1209 433 431¹·

235 498 255 535 r.
297 479 370 537 Can.
386 501 408 536 1.
448 481 476 538 Si
491 481 558 552 quis
571 499 631 538 non
649 480 815 552 confitetur,
832 467 931 539 Deum
944 499 1009 539 esse
1023 481 1166 540 veraciter
1174 481 1294 537 Emma-

198 567 272 633 nuel,
283 577 312 626 et
324 579 480 641 propterea
489 569 552 626 Da·
562 569 733 629 Genr‘tricem
747 549 880 627 landam
894 569 1066 641 Virginem:
1086 569 1205 642 peperit
1218 570 1293 628 enim

147 704 149 710 .
198 655 363 713 secundum
383 674 647 728 earnemcarnem
667 657 777 714 sactum
793 657 850 715 Dei
864 657 1007 728 Verbum,
1024 656 1193 715 secundum
1217 655 1294 727 quod

198 741 395 813 scriptumest
411 765 417 802 :
438 744 596 802 “Verbum
609 762 678 801 caro
692 743 805 801 sactum
819 751 863 802 est
874 743 889 769 ''
903 765 909 801 ι
930 744 965 800 A.
982 744 1009 801 S.

232 848 256 886 2.
299 829 372 889 Can.
386 847 410 887 2.
452 831 481 888 Si
494 831 560 902 quis
571 849 631 888 non
642 829 800 888 confitetur
812 830 891 887 carni
905 830 1071 888 secundum
1084 829 1294 890 substantiam²

198 913 312 972 unitum
335 916 392 975 Dei
416 917 509 974 Patris
529 915 671 986 Verbum,
694 916 815 974 unicum
837 933 902 974 esse
915 915 1066 974 Christum
1087 935 1157 975 cum
1178 915 1294 989 propria

197 1017 293 1072 carne,
309 1003 449 1061 eumdem
463 1003 574 1061 scilicet
584 1003 682 1061 Deum
696 1003 783 1060 simul
796 1013 825 1061 et
838 1002 989 1060 hominem
1002 1024 1008 1060 :
1029 1004 1063 1060 A.
1078 1004 1106 1061 S.

232 1107 255 1159 3,
296 1088 369 1145 Can.
386 1109 410 1161 3.
450 1089 479 1147 Si
493 1089 559 1163 quis
572 1089 602 1146 in
616 1107 677 1147 uno
690 1089 811 1148 Christo
829 1088 935 1147 dividit
952 1089 1132 1148 substantias
1146 1099 1216 1162 post
1234 1088 1293 1146 uni-

198 1173 319 1246 tionem,
331 1175 393 1233 sola
403 1193 452 1234 eas
460 1176 646 1236 connexione
658 1176 852 1247 conjungens,
868 1193 936 1246 quae
945 1176 1111 1234 secundum
1120 1176 1294 1247 dignitatem

198 1259 238 1329 fit,
254 1260 300 1319 vel
314 1261 402 1320 etiam
415 1262 621 1320 auctoritatem
641 1273 669 1321 et
689 1271 875 1334 potestatem,
889 1280 924 1318 ac
938 1280 997 1319 non
1017 1263 1116 1335 potius
1133 1271 1292 1327 conventu,

198 1345 248 1416 qui
263 1364 315 1419 per
328 1348 471 1407 unitatem
485 1349 580 1406 sactus
593 1359 637 1407 est
650 1349 814 1407 naturalem
831 1370 837 1405 z
859 1350 893 1406 A.
911 1349 939 1407 S.

231 1447 257 1500 4.
300 1435 373 1494 Can.
383 1457 408 1508 4.
446 1435 551 1507 Siquis
565 1435 594 1492 in
605 1435 739 1508 personis
749 1435 866 1493 duabus
875 1435 922 1493 vel
932 1434 1129 1494 subsistentiis
1140 1453 1190 1494 eas
1200 1453 1296 1503 voces,

198 1536 264 1590 quae
277 1520 307 1577 in
320 1521 501 1594 Apostolicis
520 1522 636 1594 scriptis
654 1522 844 1580 continentur
863 1531 892 1580 et
906 1521 1101 1592 Evangelicis,
1118 1522 1236 1593 dividit,
1251 1522 1296 1579 vel

198 1623 265 1677 quae
277 1608 316 1666 de
333 1607 452 1666 Christo
469 1608 608 1667 dicuntur
621 1627 638 1666 a
651 1608 777 1680 Sanctis,
793 1609 839 1667 vel
852 1608 891 1666 ab
904 1608 980 1680 ipsu,
995 1618 1024 1667 et
1037 1609 1151 1680 aliquas
1172 1607 1294 1681 quidem

198 1709 232 1750 ex
245 1692 291 1750 his
302 1695 382 1753 velut
395 1694 516 1762 homini,
529 1696 580 1768 qui
594 1704 699 1768 praeter
713 1695 769 1752 Dei
779 1693 913 1753 Verbum
926 1694 1091 1767 specialiter
1104 1695 1294 1766 intelligatur,

197 1780 349 1851 aptaverit,
368 1781 431 1840 illas
449 1793 549 1840 autem
568 1792 711 1854 tanquam
730 1781 836 1852 dignas
851 1781 927 1850 De0,
940 1781 993 1839 soli
1013 1781 1067 1839 Dei
1082 1781 1177 1838 Patris
1196 1780 1298 1840 Verbo

196 1864 402 1937 deputaverit:
423 1869 458 1925 A.
474 1869 503 1927 S.

231 1962 256 2018 5.
300 1953 372 2012 Can.
390 1969 415 2028 5.
456 1956 484 2012 Si
498 1954 564 2027 quis
577 1956 685 2013 audeat
699 1955 806 2025 dicere,
817 1953 1133 2013 hominemChristum
1151 1953 1298 2025 Theopha-

198 2057 272 2109 ram,
286 2040 317 2098 id
339 2051 391 2112 est,
411 2043 510 2099 Deum
529 2042 684 2108 serentem,
705 2059 739 2099 ac
760 2060 820 2098 non
839 2041 938 2113 potius
953 2042 1050 2101 Deum
1069 2058 1134 2098 esse
1152 2040 1300 2099 veraciter

197 2124 310 2198 dixerit,
334 2137 476 2200 tanquam
504 2128 597 2186 filium
628 2147 680 2202 per
707 2137 841 2185 naturam
863 2127 1029 2187 secundum
1054 2127 1137 2199 quod
1159 2125 1299 2185 Verbum

197 2211 308 2270 iactum
322 2224 366 2272 est
378 2232 454 2285 caro,
464 2224 493 2273 et
505 2215 736 2272 communicavit
750 2214 882 2273 similiter
894 2223 927 2272 ut
941 2232 994 2271 nos
1004 2215 1084 2272 carni
1098 2223 1128 2272 et
1137 2213 1299 2285 sanguini:

231 2392 256 2443 6.
299 2386 371 2444 Can.
388 2391 413 2445 6.
452 2388 481 2445 Si
495 2389 561 2460 quis
574 2388 647 2446 dicit
661 2390 760 2446 Deum
779 2406 844 2446 esse
857 2388 903 2446 vel
918 2387 1083 2445 Dominum
1097 2385 1220 2457 Christi,
1240 2387 1299 2444 Dei

199 2471 291 2529 Patris
310 2473 452 2544 Verbum,
471 2485 500 2532 et
520 2493 580 2532 non
600 2475 694 2546 magis
713 2476 852 2534 eumdem
877 2475 974 2546 ipsum
995 2473 1173 2531 confiteatur
1196 2474 1298 2531 Deum

197 2555 284 2614 simul
297 2569 326 2617 et
338 2559 501 2628 hominem,
515 2572 671 2634 propterea
685 2562 766 2634 quod
778 2561 912 2620 Verbum
923 2578 992 2617 caro
1004 2559 1180 2626 factumest,
1192 2577 1299 2619 secun·

197 2642 269 2701 dum
283 2646 468 2718 Scripturas:
489 2650 524 2704 A.
541 2649 569 2705 S.

231 2747 255 2804 7.
298 2732 370 2791 Can.
387 2751 410 2806 7.
452 2735 480 2791 Si
497 2735 563 2806 quis
576 2736 655 2792 velut
669 2735 821 2792 hominem
835 2735 937 2807 Jesum
958 2740 1100 2806 operante
1112 2732 1181 2789 Deo
1195 2732 1298 2790 Verbo

197 2817 268 2876 dicit
287 2819 432 2891 adjutum,
451 2831 480 2879 et
500 2822 644 2892 unigeniti
663 2821 787 2893 gloriam
807 2830 949 2892 tanquam
968 2819 1049 2878 alteri
1072 2829 1179 2892 praeter
1198 2820 1295 2892 ipsum

196 2903 331 2963 existenti
344 2906 466 2969 tribuit:
487 2908 522 2964 A.
540 2908 566 2965 S.
1012 2966 1014 2970 .

231 2999 254 3048 8.
295 2992 367 3058 Can.
383 2996 408 3050 8.
449 2994 477 3051 Si
492 2994 558 3065 quis
578 2995 669 3052 audet
687 2993 787 3051 dicere
806 3002 993 3065 assumptum
1013 2992 1167 3050 hominem
1188 2993 1295 3051 coado-

197 3079 322 3136 randum
336 3081 403 3138 Deo
416 3080 526 3151 Verb0,
538 3091 568 3139 et
581 3081 868 3152 conglorificandum
888 3091 917 3139 et
940 3081 1180 3152 nuncupandum
1196 3081 1292 3137 Deum

197 3175 338 3236 tanquam
357 3168 480 3227 alterum
494 3186 562 3224 cum
592 3170 685 3226 altero
702 3169 782 3239 (nam
803 3187 852 3225 can
872 3167 983 3240 syllaba
1005 3166 1216 3240 superadJecia
1233 3168 1293 3224 haec

196 3252 276 3323 cogit
288 3252 431 3325 intelligi),
447 3273 555 3312 aenon
575 3256 674 3326 potius
695 3258 755 3311 una
768 3254 986 3327 supplicatione
1006 3246 1162 3312 veneratur
1177 3254 1291 3310 Emma-

196 3340 274 3483 ΡἙΙ,
286 3358 436 3412 unamque
446 3342 472 3399 ei
482 3342 727 3413 glorificationem
738 3341 890 3413 dependit,
903 3343 984 3413 juxta
994 3340 1077 3413 quod
1085 3339 1220 3399 Verbum
1229 3358 1291 3398 caro

207 3445 224 3483 a
257 3445 307 3484 um
320 3437 383 3484 est:
404 3428 439 3484 A.
456 3428 484 3485 S.

232 3629 241 3653 1
253 3614 293 3667 Cf.
311 3615 448 3684 Denazag.
461 3628 475 3680 7
480 3616 548 3682 3-84.
588 3617 720 3670 Canones
733 3614 778 3669 hic
792 3614 871 3670 relati
886 3614 955 3668 nihil
968 3613 1045 3668 aliud
1059 3623 1121 3668 sunt
1133 3613 1186 3668 nisi
1201 3617 1232 3670 S.
1247 3616 1290 3684 Cy·

197 3703 261 3756 rilli
271 3703 508 3768 anathematismi,
522 3721 592 3772 quos
607 3703 737 3771 Synodus
760 3704 906 3772 Ephesina
921 3702 1036 3771 recepit,
1054 3702 1291 3759 Chalcedonensis

197 3809 223 3843 m
238 3789 301 3844 atla
315 3790 415 3855 retulit,
429 3789 644 3858 Constantinop.
662 3790 796 3844 defendit.

229 3877 349 3931 ²Versi0
362 3876 477 3946 antiqua
490 3877 543 3944 hic,
558 3895 618 3930 can.
631 3891 655 3940 2,
669 3890 694 3942 3,
711 3894 808 3931 vocem
823 3873 959 3935 ύπόςταςιν
970 3893 1020 3945 per
1031 3851 1221 3930 substantiam
1234 3876 1289 3931 red·

195 3960 275 4014 didit.
318 3960 397 4013 idem
410 3961 528 4013 habetur
542 3961 608 4027 Syn.
618 3961 660 4026 V.,
675 3977 736 4012 can.
756 3975 794 4027 13·
837 3958 1013 4012 Retinuimus
1026 3957 1102 4027 quod
1114 3968 1143 4012 et
1153 3959 1290 4024 Petavius,

194 4049 227 4100 (le
236 4048 356 4113 Incara,
370 4046 416 4099 lib.
431 4064 453 4100 c.
467 4060 505 4114 17,
517 4056 616 4100 tuetur.
658 4046 734 4100 Unio
747 4044 925 4115 hypostatica
938 4045 1131 4100 substantialis
1143 4049 1191 4101 vel
1200 4064 1290 4103 essen·

193 4133 267 4188 tialis
280 4133 388 4203 dicitur,
404 4132 568 4205 inquantum
583 4136 644 4188 istae
655 4152 738 4189 voces
751 4133 985 4188 Nestorianorum
998 4135 1168 4188 accidentali
1178 4153 1228 4191 seu
1239 4154 1289 4189 ma-

178 4225 246 4277 ralt'
260 4225 370 4279 antimi
385 4236 577 4298 opponuntur.
615 4225 670 4279 Est
682 4240 753 4278 sane
769 4223 837 4277 unio
851 4222 911 4275 ista
925 4221 1154 4290 substantiarum,
1176 4224 1227 4278 sed
1245 4240 1289 4294 per

166 4308 398 4374 subsistentiam
410 4315 436 4374 '’.
479 4315 672 4390 (Deaaing,l.
689 4311 728 4382 c),
