2684 4634
191 168 253 218 192
651 164 789 215 CAPUT
807 165 830 212 1.

190 350 300 422 misso
318 349 415 424 Pater
437 367 456 408 a
481 345 565 408 Filio
588 345 821 427 distinguitur;
845 343 979 406 aliunde
1004 341 1147 423 Spiritus
1170 339 1296 402 dicitur

189 451 276 513 alius
290 472 309 513 a
327 450 423 525 Filio;
449 458 483 511 et
500 450 546 511 ita
561 458 626 511 tres
643 448 803 511 habemus
820 466 978 528 personas
995 465 1070 508 vere
1086 441 1271 507 distinctas,

232 553 292 634 (B)
309 553 363 614 Ex
380 560 540 614 contextu
566 560 704 632 apparet
726 551 828 613 etiam
848 549 947 612 trium
971 564 1189 631 personarum
1214 566 1293 606 con-

190 656 472 718 substantialitas:
507 654 557 735 (a)
582 653 684 735 paulo
714 655 803 715 enim
828 662 934 715 'antea
960 651 1111 715 Christus
1139 650 1293 712 dixerat:

191 760 272 839 “qui
289 759 380 821 videt
397 778 455 833 me,
469 757 561 819 videt
577 766 610 819 et
626 757 788 819 Patrem...
835 757 913 819 Non
929 755 1062 818 creditis
1079 755 1157 834 quia
1172 773 1238 833 ego
1259 752 1293 812 in

192 867 288 927 Patre
304 874 337 926 et
355 865 453 926 Pater
469 864 501 924 in
519 883 572 925 me
588 868 656 924 est?
685 861 844 943 Alioquin
860 870 995 943 propter
1010 879 1112 940 opera
1128 859 1202 939 ipsa
1225 877 1294 918 cre-

190 967 259 1029 dite
269 967 284 992 ''
309 966 438 1046 (9-12):
472 985 547 1045 quae
574 965 708 1045 quidem
732 966 832 1026 verba
858 960 1038 1044 persedtam
1063 961 1292 1044 aequalitatem

192 1071 298 1132 Patris
314 1078 347 1130 et
365 1068 439 1130 Filii
456 1069 648 1148 important,
664 1068 848 1149 praesertim
872 1067 899 1128 si
922 1075 1097 1129 sumantur
1118 1084 1195 1126 cum
1220 1072 1293 1126 toto

190 1173 361 1247 contextu,
376 1181 410 1234 et
426 1172 500 1233 loco
515 1171 675 1253 parallelo
692 1171 780 1252 apud
797 1171 1001 1251 Joannem1:
1025 1169 1128 1249 “Ego
1143 1176 1178 1230 et
1191 1169 1293 1230 Pater

191 1296 292 1336 unum
309 1295 448 1338 sumus..
495 1275 531 1337 Si
549 1295 615 1336 non
629 1274 715 1336 facio
727 1294 828 1354 opera
842 1276 950 1337 Patris
961 1274 1035 1350 mei,
1045 1273 1148 1335 nolite
1158 1272 1292 1334 credere

191 1379 287 1456 mihi;
313 1380 339 1440 si
356 1389 465 1441 autem
482 1379 576 1455 sacio,
592 1388 626 1441 et
641 1379 668 1439 si
685 1376 765 1439 mihi
782 1396 847 1439 non
864 1376 964 1440 vultis
979 1375 1121 1451 credere,
1136 1374 1291 1457 operibus

190 1483 357 1544 credite...”
403 1481 454 1562 (b)
481 1483 566 1544 Item
592 1481 735 1562 Spiritus
760 1477 903 1543 Sanetus
927 1481 1048 1542 dicitur
1070 1479 1250 1560 procedere
1272 1498 1291 1539 a

192 1586 297 1662 Patre,
314 1595 450 1647 vocatur
466 1584 610 1665 Spiritus
627 1586 795 1648 veritatis:
818 1585 1013 1666 “Spiritum
1027 1584 1179 1647 veritatzk
1193 1583 1252 1664 qui
1271 1604 1290 1642 a

190 1690 293 1752 Patre
301 1688 444 1771 procedit
454 1690 500 1765 '’2;
527 1710 626 1770 porro
642 1691 698 1770 qui
714 1691 865 1771 procedit
887 1688 1150 1752 substantialiter
1174 1708 1193 1750 a
1218 1687 1290 1749 Deo

190 1793 290 1855 debet
305 1793 392 1854 illius
408 1802 536 1854 naturae
552 1813 624 1854 esse
639 1792 904 1856 substantialiter
919 1793 1094 1873 particeps
1104 1811 1162 1853 seu
1180 1791 1289 1852 Deus:

190 1897 279 1976 quod
295 1895 506 1958 confirmatur
521 1916 565 1957 ex
581 1917 622 1958 eo
637 1897 726 1983 quod
738 1897 781 1959 sit
794 1896 895 1959 veluti
903 1896 984 1975 fons
995 1894 1152 1968 veritatis,
1162 1894 1290 1976 ipsique

191 2000 353 2062 tribuatur
365 2000 421 2061 illa
433 2000 571 2062 scientia
583 1997 730 2081 perlecta
742 2021 817 2081 quae
829 2000 1013 2063 necessaria
1024 2008 1075 2062 est
1087 1998 1129 2060 ad
1143 1997 1288 2080 Aposto-

191 2103 240 2164 los
256 2102 493 2167 illuminandos
509 2103 551 2165 de
567 2103 724 2166 omnibus
739 2105 781 2166 ad
802 2103 901 2166 fidem
921 2103 1175 2186 pertinentibus
1191 2103 1288 2165 etiam

191 2208 233 2268 de
248 2207 345 2269 rebus
362 2207 499 2269 suturis:
524 2207 636 2271 “Cum
653 2217 763 2270 autem
776 2208 905 2269 venerit
915 2206 969 2269 ille
982 2207 1123 2288 Spiritus
1134 2206 1288 2278 veritatis

121 2358 123 2363 .
191 2310 324 2373 docebit
340 2331 398 2372 vos
414 2332 537 2373 omnem
553 2312 748 2373 veritatem:
775 2331 842 2372 non
859 2313 946 2373 enim
962 2310 1116 2391 loquetur
1131 2331 1151 2371 a
1172 2319 1289 2372 semet·

191 2413 283 2494 ipso:
309 2415 366 2475 sed
384 2434 602 2495 quaecumque
618 2415 740 2490 audiet,
757 2414 918 2495 loquetur,
929 2423 962 2476 et
974 2434 1048 2494 quae
1060 2423 1200 2476 ventura
1215 2421 1291 2474 sunt

191 2501 403 2581 annuntiabit
418 2518 561 2582 vobis”3.

232 2672 281 2735 4ο.
332 2655 388 2716 Ex
392 2654 546 2735 formuld
561 2655 751 2736 Baptismit

232 2758 292 2839 (A)
305 2757 457 2820 Tandem
471 2759 601 2821 trinitas
614 2779 831 2840 personarum
843 2757 1019 2821 manifeste
1029 2768 1169 2840 apparet
1182 2761 1214 2821 in
1229 2760 1290 2822 sor-

191 2867 244 2924 ma
261 2863 422 2942 Baptismi
439 2883 459 2923 a
475 2861 608 2925 Christo
624 2864 765 2925 tradita:
789 2868 805 2894 “
817 2863 945 2925 Euntes
954 2881 1034 2942 ergo
1044 2862 1164 2926 docete
1175 2884 1291 2926 omnes

189 2975 306 3047 gentes
321 2966 529 3046 baptizantes
545 2986 601 3027 eos
617 2967 650 3028 in
668 2968 804 3029 nomine
818 2963 875 3048 (είς
890 2963 923 3028 τὸ
940 2963 1048 3052 ὄνομα)
1065 2968 1172 3029 Patris
1188 2977 1223 3031 et
1240 2969 1290 3030 Fi-

191 3070 224 3130 lii
239 3079 272 3132 et
288 3069 431 3148 Spiritus
448 3066 598 3144 sanet&
622 3090 700 3132 nam
718 3071 750 3131 in
771 3080 870 3134 textu
887 3091 997 3152 graeco
1011 3080 1084 3134 tum
1099 3070 1290 3153 conjundtio

189 3174 239 3231 καί
254 3182 325 3234 tum
342 3172 499 3235 articulus
515 3176 566 3233 τοῦ
584 3184 779 3254 repetuntur
795 3185 873 3238 ante
889 3195 1010 3237 nomen
1026 3174 1205 3256 cujuslibet
1221 3197 1290 3259 per·

189 3295 297 3351 sonae;
320 3274 408 3354 quod
426 3275 561 3355 quidem
579 3275 752 3338 ridiculum
770 3286 857 3340 esset
880 3278 907 3339 si
932 3277 1029 3340 unica
1053 3287 1185 3341 tantum
1205 3287 1292 3341 esset

190 3379 222 3439 in
240 3379 314 3439 Deo
331 3398 481 3458 persona,
493 3378 613 3459 triplici
629 3380 751 3442 virtute
765 3382 921 3461 praedita3
948 3380 1102 3462 repetitio
1111 3382 1200 3444 enim
1214 3383 1290 3445 arti-

189 3480 253 3543 culi
270 3491 339 3542 tam
352 3479 541 3561 emphatica
554 3502 619 3543 non
634 3492 745 3563 potest
759 3483 920 3564 explicari
933 3484 1004 3546 sine
1016 3484 1095 3547 reali
1105 3483 1290 3548 distindtio·

190 3605 231 3645 ne
246 3603 479 3665 personarum,
503 3585 637 3666 insuper
655 3587 752 3648 Pater
768 3596 859 3649 certo
875 3596 926 3649 est
941 3587 1026 3651 alius
1048 3609 1068 3649 a
1095 3587 1190 3664 Fili0‚
1206 3599 1241 3651 et
1263 3588 1289 3651 si

190 3687 235 3748 ita
252 3695 310 3760 est,
326 3686 442 3748 tertius
460 3687 628 3760 terminuS,
644 3708 701 3748 seu
719 3688 863 3770 Spiritus
881 3689 924 3764 S,
940 3689 1040 3752 debet
1054 3710 1127 3752 esse
1151 3712 1291 3774 persona

189 3812 208 3853 a
223 3791 353 3852 duabus
369 3790 441 3852 aliis
457 3789 623 3853 distind'ta.

231 3894 291 3975 (B)
309 3895 363 3956 Ex
381 3894 497 3956 iisdem
510 3895 617 3956 verbis
631 3894 806 3958 deducitur
815 3897 916 3960 etiam
931 3906 1058 3961 naturae
1068 3898 1196 3974 unitae·
1214 3920 1291 3963 nam

187 3998 297 4077 agitur
312 3997 364 4058 hic
380 3998 422 4060 de
438 3998 501 4059 ritu
519 3997 719 4079 baptismali,
732 4019 791 4080 per
803 4020 902 4080 quem
914 4001 1083 4064 confertur
1095 4002 1205 4084 gratia
1217 4024 1290 4066 san-

223 4195 304 4261 un.
322 4195 354 4255 x,
372 4212 415 4262 30,
432 4198 519 4263 37-33.
560 4196 666 4262 -2J0a¹
685 4197 746 4260 xv,
761 4198 803 4250 2⁶.

222 4282 303 4351 νοω.
320 4283 399 4351 url,
418 4297 456 4349 ῃ
471 4312 505 4321 -
518 4296 526 4309 v
539 4285 624 4335 ,unu
640 4284 781 4348 urum,
798 4299 836 4351 19.
