2684 4634
140 114 207 166 294
591 115 728 166 CAPUT
747 115 789 163 11.

143 296 192 376 (d)
209 308 286 360 sunt
303 319 387 360 mere
400 297 593 380 spirituales,
610 309 679 361 tum
698 297 775 378 quia
791 295 1143 376 nusquamde‘eorum
1165 311 1214 354 cor·

140 420 220 480 pore
236 400 380 483 loquitur
397 403 581 483 Scriptura3
606 403 721 464 asserit
733 403 868 482 quidem
884 399 1033 480 Angelos
1047 397 1217 480 apparuisse

140 503 202 564 sub
218 505 379 586 corporali
396 507 512 587 specie,
530 525 595 566 non
614 504 725 566 autem
742 524 797 566 eos
814 523 886 566 esse
901 503 1028 583 corpori
1047 499 1219 563 naturaliter

141 626 198 668 seu
214 608 426 688 personaliter
441 609 581 684 unitos1;
605 616 675 669 tum
693 608 771 688 quia
786 627 875 687 saepe
898 606 1060 667 vocantur
1082 602 1220 684 spirutu

141 711 232 789 atqui
250 711 305 772 illa
320 733 388 773 vox
401 713 535 792 quando
548 713 589 774 de
602 713 727 773 naturis
741 709 1018 773 intellectualibus
1032 709 1223 791 praedicatur,

141 821 239 891 prout
263 823 340 876 sunt
364 813 496 895 Angeli‚
519 815 674 894 designat
697 833 827 894 semper
849 813 1073 875 substantiam
1102 810 1224 873 omnino

142 911 377 996 incorpoream,
400 939 427 979 v.
451 939 481 998 g.
505 918 677 998 “Spiritus
702 927 752 978 est
776 917 868 978 Deus
879 916 930 993 ”23
954 916 1108 979 homines
1125 924 1224 978 autem

142 1019 197 1098 qui
214 1040 332 1101 corpus
348 1020 482 1094 habent,
499 1041 565 1082 non
582 1031 742 1082 vocantur
758 1021 891 1101 spiritus
908 1020 969 1081 nisi
987 1029 1064 1100 post
1088 1027 1228 1090 mortem,

142 1123 276 1200 quando
290 1122 359 1202 jam
377 1144 396 1184 a
412 1143 548 1204 corpore
565 1132 778 1204 separantur:
802 1121 1070 1184 “existimabant
1086 1142 1122 1183 se
1145 1118 1229 1201 spiri-

142 1232 211 1284 tum
235 1225 391 1298 uidere'’3.
439 1227 529 1306 Ergo
554 1225 724 1307 Scriptura
750 1235 881 1288 constat
907 1224 1058 1304 Angelos
1087 1223 1230 1296 existere,

142 1326 226 1387 tales
241 1329 354 1407 quales
372 1350 470 1410 supra
486 1328 612 1391 definiti
629 1329 767 1391 fuerunt.
787 1367 822 1376 -
842 1327 953 1391 Verba
969 1337 1081 1390 autem
1101 1327 1232 1390 Genesis

142 1429 292 1509 superins
308 1431 351 1511 (n.
373 1432 425 1513 55)
442 1433 550 1506 citata,
564 1433 664 1513 juxta
680 1452 891 1494 communem
916 1431 1129 1506 sententiam,
1147 1429 1233 1492 intel-

109 1561 111 1566 ·
143 1530 198 1612 ligi
216 1544 385 1613 nequeunt
401 1535 443 1596 de
460 1535 672 1596 matrimonio
688 1535 876 1614 angelorum
892 1554 967 1596 cum
985 1532 1117 1595 filiabus
1136 1533 1235 1594 homi-

143 1655 232 1709 nurn,
248 1638 305 1699 sed
323 1638 433 1718 potius
449 1638 491 1700 de
508 1638 631 1700 unione
647 1637 863 1712 Sethitarum,
880 1637 936 1717 qui
953 1635 1010 1698 filii
1028 1636 1093 1698 Dei
1118 1654 1236 1698 vocan-

143 1744 196 1798 tur
211 1740 287 1818 quia
303 1760 416 1802 verum
434 1741 544 1803 Deum
562 1741 716 1804 colebant
739 1762 814 1803 cum
841 1740 988 1815 Caz'nr'trs,
1004 1741 1060 1820 qui
1086 1741 1238 1802 dicuntur

143 1837 200 1900 filii
217 1841 388 1906 hominum
396 1856 418 1906 4,
679 1839 681 1843 ’

136 2050 138 2052 ’
185 2053 232 2120 57.
278 2040 338 2121 (B)
368 2043 492 2106 Tradit.
520 2043 570 2124 (a)
590 2043 745 2125 pagani-
779 2042 928 2105 nonnulli
956 2043 1044 2104 enim
1070 2053 1181 2124 poetae
1207 2053 1239 2106 et

143 2139 330 2222 philosophi
348 2140 491 2225 δαίμονας
508 2144 526 2206 i.
543 2163 569 2205 e.
586 2145 702 2223 genios
719 2163 776 2205 seu
800 2143 880 2206 deos
904 2141 1074 2204 inferiores
1098 2143 1238 2205 admise-

142 2252 238 2306 runt:
261 2246 302 2307 de
319 2246 438 2326 quibus
454 2247 567 2308 scribit
583 2247 747 2309 Hesiodus
762 2247 889 2327 (Opera
904 2255 937 2308 et
953 2246 1032 2320 dies,
1052 2246 1100 2325 I):

247 2422 263 2449 “
274 2424 296 2476 li
309 2425 419 2493 quidem
432 2426 576 2479 daemones
590 2424 656 2478 fatti
671 2435 744 2489 sunt,
757 2425 835 2494 Jovis
848 2424 942 2491 magni
957 2422 1082 2488 consilio,

247 2510 327 2576 Boni,
342 2522 491 2578 terrestres,
505 2513 636 2566 custodes
649 2507 809 2566 mortalium
822 2511 975 2575 hominum,

248 2597 301 2664 Qui
316 2599 465 2652 observant
476 2600 552 2668 justa
564 2611 592 2652 et
606 2617 692 2668 prava
706 2617 798 2667 opera,

245 2685 349 2736 Aerem
362 2685 459 2751 induti,
473 2686 579 2754 passim
592 2695 689 2739 euntes
702 2703 752 2753 per
765 2695 879 2751 terram,

250 2771 344 2837 Opum
358 2770 510 2839 largitores,
525 2784 608 2840 atque
622 2773 674 2826 hoc
689 2771 834 2840 praemium
848 2771 942 2840 regale
956 2770 1045 2825 sortiti
1059 2772 1151 2826 sunt''.

176 3022 184 3043 ¹
201 3014 243 3065 lta
256 3014 385 3082 Raphael
396 3015 511 3082 angelus
522 3015 620 3068 Tobiae
631 3016 698 3069 dicit
712 3015 753 3081 (T
750 3016 788 3068 ob.
803 3017 871 3077 Xll,
885 3013 928 3080 19)
941 3034 946 3068 :
967 3014 982 3041 “
997 3015 1115 3067 Vtilebar
1125 3016 1235 3084 quidem

141 3100 285 3152 vobiscum
299 3102 470 3155 manducare
483 3112 511 3155 et
524 3103 628 3169 bibere,
645 3102 695 3154 sed
710 3119 761 3168 ego
775 3103 840 3154 cibo
854 3100 994 3166 invisibili,
1008 3111 1035 3154 et
1049 3087 1117 3170 potu
1137 3102 1183 3171 qui
1202 3103 1235 3154 ab

141 3185 300 3239 hominibus
314 3187 400 3240 videri
415 3204 470 3240 non
485 3199 585 3257 potest,
600 3186 694 3252 utor'';
713 3205 746 3240 ex
760 3205 815 3257 quo
835 3187 935 3240 inferre
954 3188 1019 3240 licet
1037 3189 1164 3254 Angelos
1183 3205 1234 3240 non

141 3272 256 3324 verenti
271 3273 333 3325 cibo
346 3274 479 3340 humano,
493 3291 544 3326 nec
558 3275 664 3327 habere
684 3291 784 3342 corpus
804 3275 856 3326 sibi
876 3273 1038 3327 naturaliter
1058 3274 1175 3341 unitum,
1188 3275 1235 3327 sed

140 3374 284 3426 apparens

174 3447 257 3512 ²J0a.
276 3447 324 3512 lV,
339 3462 379 3511 24.
397 3477 430 3484 -
443 3451 453 3482 ³
465 3448 533 3500 Luc.
550 3447 658 3508 XXIV,
675 3460 762 3514 37·39.

174 3534 331 3586 ⁴Attamen
344 3533 460 3601 quidam
472 3533 600 3585 moderni
620 3543 745 3600 exegetae
765 3533 938 3585 contendunt
958 3530 1121 3584 hebraicam
1141 3549 1235 3586 vocem

139 3619 330 3673 beni-Elatiae
344 3620 403 3689 (filii
420 3621 486 3686 Dei)
499 3638 563 3673 vere
578 3622 702 3688 Angelos
713 3620 869 3688 designare,
883 3629 911 3672 et
922 3618 1155 3672 benoth-hildilam
1164 3620 1236 3686 (filiae

139 3706 295 3772 hominum)
309 3707 365 3759 non
380 3706 531 3773 specialem
545 3707 690 3772 familiam,
705 3707 754 3758 sed
769 3705 839 3758 filias
850 3705 994 3759 hominum
1005 3705 1033 3756 in
1041 3721 1147 3772 genere
1156 3706 1235 3773 signi-

140 3792 234 3857 ficare3
254 3792 361 3845 addunt
376 3804 471 3846 tamen
485 3794 558 3845 hanc
572 3792 759 3846 narrationem
775 3791 928 3859 mythicam
946 3807 1019 3857 esse,
1032 3801 1060 3844 et
1079 3790 1107 3846 in
1128 3808 1235 3845 sacrum

139 3889 253 3945 textum,
267 3881 480 3933 amanuensium
501 3880 589 3947 culpat,
610 3878 763 3948 irrepsisse.
806 3878 844 3931 Cf.
862 3878 909 3930 ct.
924 3878 1032 3944 Robert,
1050 3879 1104 3931 Les
1125 3879 1184 3931 Fils
1203 3879 1235 3929 de

141 3967 212 4019 Dieu
233 3978 260 4020 et
279 3968 319 4020 les
341 3967 425 4019 Filles
445 3968 481 4020 de
500 3968 638 4032 l'homme‚
653 3984 697 4033 ap.
714 3967 808 4016 Reurre
822 3965 959 4032 Biblr'que,
976 3965 1053 4032 1895,
1067 3981 1094 4032 p.
1111 3979 1165 4033 340
1181 3981 1233 4032 sq„

136 4069 162 4119 p.
177 4067 229 4122 525
243 4070 284 4122 sq.
292 4073 300 4118 3
320 4054 384 4106 vide
398 4064 493 4106 tamen
508 4053 535 4105 in
550 4054 720 4105 contrarium
735 4053 776 4102 lle
790 4052 882 4119 Moor,
900 4050 992 4104 Etude
1006 4050 1172 4120 exegetique
1191 4068 1235 4102 sur

122 4140 153 4192 Ie
163 4158 292 4212 passage
306 4143 344 4196 du
358 4143 430 4198 livre
443 4143 480 4198 de
494 4143 522 4197 la
536 4140 651 4196 Genese
664 4140 717 4204 tu,
730 4153 804 4201 uit,
813 4155 858 4203 ap.
872 4139 978 4188 Science
992 4137 1166 4204 Catholique,
1177 4135 1233 4204 jan.

113 4230 194 4298 1896,
209 4249 239 4302 p.
258 4249 307 4303 151
327 4253 387 4306 sq.;
410 4234 641 4295 Hummeluuer,
655 4230 686 4283 'm
700 4229 821 4289 Genea,
831 4225 864 4274 'm
873 4222 971 4272 hAoc.
983 4237 1014 4286 p.
1024 4234 1073 4270 aii
1085 4237 1128 4284 su.
