2684 4634
349 195 406 246 DE
425 194 646 246 MYSTERIO
666 194 1000 245 REDEMPTIONIS.
1156 194 1222 247 553

123 382 236 436 totum
257 375 426 438 hominem
450 387 483 439 et
509 378 622 439 omnia
645 398 719 458 quae
747 378 850 460 ipsius
877 388 964 452 sunt,
983 378 1047 440 Dei
1072 379 1221 440 dominio

123 494 198 538 esse
230 476 388 558 subjecta,
414 488 448 542 et
478 480 508 542 ei
542 479 728 557 offerenda,
775 479 970 542 sacrificium
1000 491 1063 560 pro
1088 490 1222 559 peccato,

122 578 216 656 quod
240 578 440 645 offerebatur
457 583 490 644 in
507 582 724 645 remissionem
742 581 872 662 peccati,
887 593 921 646 et
948 583 980 643 in
1005 583 1088 645 duas
1111 592 1221 663 partes

121 679 344 760 dividebatur,
353 705 493 765 quarum
510 687 852 761 unacomburebatur‚
864 686 969 748 altera
985 707 1063 748 vero
1081 686 1222 748 cedebat

122 782 158 844 in
174 805 273 847 usum
290 788 509 864 sacerdotum,
526 790 567 852 ad
584 789 840 870 significandum
856 788 945 869 quod
969 790 1119 870 expiatio
1143 789 1179 851 fit
1203 809 1222 850 a

124 885 202 948 Deo
237 909 296 969 per
325 891 542 954 ministerium
581 894 808 968 sacerdotum;
849 892 954 954 hostia
974 892 1120 973 pacifico,
1147 912 1221 971 quae

122 987 412 1055 offerebaturDeo
430 994 482 1057 vel
499 1016 559 1075 pro
569 996 762 1075 gratiarnm
778 995 902 1056 obizone
916 994 967 1055 vel
985 1015 1044 1074 pro
1061 993 1152 1054 novis
1172 994 1220 1055 be·

123 1091 248 1172 neficiis
263 1094 462 1172 obtinendis
478 1108 512 1160 et
527 1099 559 1160 in
576 1109 642 1160 tres
666 1106 777 1178 partes
793 1097 1003 1159 dividebatur
1024 1121 1030 1159 :
1064 1116 1130 1158 una
1145 1116 1220 1176 pars

124 1196 366 1262 incendebatur
376 1202 417 1262 ad
435 1201 593 1263 honorem
607 1201 681 1276 Dei,
692 1201 757 1262 alia
769 1221 844 1281 pars
857 1202 998 1263 cedebat
1014 1201 1046 1260 in
1061 1220 1156 1262 usum
1171 1219 1220 1260 sa·

124 1300 308 1378 cerdotum,
319 1304 417 1366 tertia
431 1325 509 1367 vero
526 1305 558 1365 in
572 1325 668 1366 usum
679 1304 898 1377 offerentium,
910 1303 952 1365 ad
966 1301 1221 1384 significandum

124 1406 217 1484 quod
240 1407 329 1469 salus
351 1407 495 1471 hominis
519 1408 669 1490 procedit
692 1428 712 1468 a
728 1408 802 1469 Deo
825 1406 1045 1487 dirigentibus
1065 1406 1221 1467 ministris

126 1507 201 1583 Dei,
216 1519 250 1571 et
264 1513 519 1592 cooperantibus
536 1513 615 1592 ipsis
632 1511 822 1573 hominibus
839 1512 895 1590 qui
912 1509 1089 1570 salvantur.
1136 1507 1221 1588 Quae

124 1610 261 1688 quidem
282 1611 434 1676 doctrina
457 1614 527 1676 fuse
552 1614 738 1676 declaratur
763 1634 782 1674 a
802 1613 836 1674 S.
860 1612 890 1673 T
887 1610 992 1687 nomi,
1013 1629 1036 1672 1.
1054 1626 1082 1686 2,
1099 1631 1127 1690 q.
1151 1627 1221 1685 102;

124 1713 202 1774 vide
218 1717 399 1794 praesertim
417 1727 474 1779 art.
493 1735 519 1796 3.
534 1718 576 1779 ad
595 1720 621 1780 8.

167 1851 238 1918 225.
286 1842 333 1924 (c)
347 1843 415 1907 Sub
425 1843 470 1907 N.
480 1843 565 1923 Lege
577 1863 679 1905 unum
690 1851 740 1904 est
751 1840 957 1914 sacrificium,
969 1859 1011 1900 sc.
1025 1837 1219 1899 sacrificium

125 1941 250 2004 Christi
260 1946 349 2024 quod
368 1947 405 2007 in
418 1946 535 2008 ultima
551 1950 647 2007 coend
657 1942 969 2026 peractumdeinde
985 1945 1017 2004 in
1032 1963 1127 2005 cruce
1143 1963 1220 2003 con·

124 2057 338 2122 summatum,
366 2050 516 2129 quotidie
545 2051 577 2109 in
605 2050 705 2109 missa
733 2056 935 2109 renovatur¹.
982 2047 1034 2107 De
1061 2044 1220 2107 sacrificio

124 2149 232 2211 crucis
256 2171 343 2213 nunc
364 2154 531 2233 agendum
554 2162 604 2214 est
612 2175 619 2229 ;
656 2152 699 2213 de
723 2150 883 2213 sacrificio
903 2149 1120 2212 eucharistico
1143 2148 1220 2209 alibi

122 2253 283 2315 dicemus.

403 2345 451 2401 ΙΙ.
469 2344 524 2402 De
548 2343 742 2402 Sacrificio
765 2343 911 2402 Christi
922 2351 944 2401 ².

161 2458 232 2524 226.
281 2475 313 2524 10
336 2463 529 2525 Existentin.
572 2461 739 2525 Christus
772 2459 900 2524 obtulit
935 2459 970 2522 in
1006 2477 1069 2523 ara
1103 2459 1221 2523 crucis

120 2580 249 2626 verum
263 2567 300 2626 et
315 2563 455 2642 proprie
470 2563 604 2627 dictum
621 2563 852 2628 Sacrificium.
899 2564 1027 2644 Difide
1043 2574 1092 2626 est
1105 2575 1221 2626 contra

123 2667 322 2731 Socinianos
344 2670 400 2750 qui
423 2670 630 2731 contendunt
647 2669 815 2732 Christum
840 2688 906 2728 non
931 2667 1091 2728 obtulisse
1106 2688 1219 2728 verum

121 2769 319 2833 sacrificium
348 2772 381 2833 in
408 2793 509 2847 cruce,
524 2773 581 2833 sed
607 2772 725 2845 solum,
749 2771 883 2851 quando
907 2769 1028 2831 coelum
1053 2770 1219 2849 ingressus

121 2884 173 2935 est
183 2895 191 2950 3
222 2875 396 2954 siquidem,
409 2875 510 2955 juxta
526 2876 625 2955 ipsos
642 2894 730 2935 mors
747 2873 869 2936 Christi
886 2893 951 2933 non
970 2871 1032 2933 fuit
1048 2872 1110 2933 nisi
1137 2892 1220 2952 prae·

156 3073 314 3126 1Nonnulli
329 3070 467 3138 auctores
481 3073 637 3141 praesertim
651 3072 771 3139 mystici,
786 3081 849 3140 post
867 3073 901 3122 P.
917 3071 949 3123 de
964 3070 1219 3137 Condren(L'1d6e

121 3159 159 3212 du
175 3159 333 3213 Sacerdoce
346 3169 374 3213 et
387 3160 424 3212 du
439 3158 570 3213 Sacrifice
584 3161 619 3212 de
632 3162 670 3227 J.-
688 3160 729 3225 t),
743 3168 843 3229 putant
857 3169 946 3212 totam
960 3159 1046 3212 vitam
1060 3158 1166 3213 Christi
1178 3177 1219 3212 sa-

121 3245 260 3298 crificium
273 3261 335 3300 esse
353 3265 358 3299 :
380 3245 501 3300 vietimae
514 3251 681 3300 consecratio
692 3248 782 3316 primo
795 3246 911 3300 instanti
928 3246 1132 3300 Incarnationis
1145 3246 1220 3298 faita

120 3343 179 3396 est;
199 3331 309 3399 oolam,
323 3333 425 3386 eodem
439 3333 556 3386 instanti
576 3335 707 3404 incoepta,
721 3336 767 3388 die
782 3333 1013 3388 Praesentationis
1028 3333 1148 3386 exterius
1161 3352 1219 3386 ma·

120 3419 255 3472 nisestata
268 3430 310 3473 est
318 3439 325 3484 ;
351 3421 507 3472 immolatio
521 3421 548 3473 in
563 3439 644 3475 cruce
657 3421 771 3490 peracta
779 3442 786 3486 ;
812 3423 1014 3474 consummatio
1027 3421 1072 3473 die
1087 3422 1219 3475 Resurre-

120 3503 223 3558 ettonis
233 3504 369 3573 periecta;
388 3510 544 3559 communio
558 3508 585 3559 in
595 3510 666 3561 coelo
677 3508 703 3560 in
719 3519 862 3574 aeternum,
876 3507 904 3559 in
916 3507 989 3559 terrai
999 3523 1048 3574 per
1057 3508 1219 3574 mysterium

119 3592 338 3646 eucharisticum
351 3609 440 3662 usque
453 3595 489 3647 ad
502 3595 588 3647 finem
601 3596 697 3647 mundi
707 3594 844 3662 persistet.
885 3593 940 3647 Cfr.
954 3595 997 3645 M.
1009 3593 1108 3660 Lepin,
1120 3594 1219 3647 L'idee

120 3681 158 3732 du
180 3679 320 3745 Sacrifice‚
337 3681 413 3748 1897,
429 3698 455 3749 p.
474 3695 514 3747 79.
530 3713 564 3719 -
586 3683 657 3734 Haec
680 3681 783 3749 opinio,
804 3697 867 3749 quoe
888 3679 978 3747 magis
1000 3680 1047 3747 pia
1068 3691 1111 3733 est
1133 3697 1220 3749 quam

119 3765 287 3834 theologica,
304 3783 348 3820 res
367 3769 450 3836 plane
470 3766 618 3821 distinitas
640 3767 795 3830 confundit,
812 3767 980 3820 sacrificium
999 3767 1057 3818 lato
1078 3776 1105 3819 et
1123 3769 1219 3820 strido

120 3871 204 3917 sensu
219 3864 369 3922 sumptum,
379 3886 414 3892 —
426 3854 518 3923 ipsum
538 3854 667 3908 sacrificii
686 3856 779 3906 alitem
793 3855 909 3923 ejusque
928 3860 1062 3906 rimulam
1073 3859 1218 3923 propara-

118 3942 231 4007 tionem,
243 3970 278 3980 -·
290 3938 413 3994 victimae
425 3942 653 4008 immolationem,
667 3959 730 4011 quae
744 3942 772 3994 in
785 3939 850 3994 astu
864 3940 1025 3994 transitorio
1038 3940 1175 4006 consistit,
1190 3952 1217 3993 et

118 4033 225 4080 statum
237 4025 368 4095 victime,
386 4029 433 4097 qui
446 4045 610 4096 permanere
624 4038 723 4096 potest.

153 4114 217 4168 2Cf.
234 4115 265 4166 S.
284 4114 311 4166 T
307 4115 334 4167 n.
349 4131 375 4184 q.
392 4115 434 4182 48,
448 4132 473 4168 a.
490 4133 517 4184 33
546 4117 691 4181 Pitonius,
711 4116 727 4169 l.
743 4116 811 4182 XII,
826 4133 849 4168 c.
869 4130 912 4179 12;
939 4114 1081 4183 Legrand,
1096 4113 1163 4166 diss.
1182 4114 1217 4178 X,

118 4220 142 4257 c.
161 4204 183 4270 I,
199 4203 288 4256 concl.
307 4204 421 4268 III-IV3
450 4205 597 4271 Stentrnp‚
613 4203 742 4257 Soteriol.
758 4203 796 4257 th.
811 4203 905 4270 77-8o;
937 4201 1100 4267 Franmlin,
1115 4201 1152 4253 th.
1171 4201 1217 4263 483

118 4290 238 4355 Hnrter,
250 4290 302 4356 683
313 4306 377 4358 sq.,·
394 4290 542 4357 Briatm'en
556 4307 600 4360 op.
615 4290 664 4347 cit.
682 4292 693 4345 1
709 4299 797 4363 part,
810 4291 855 4346 ch.
873 4304 898 4356 u.
