<?xml version="1.0" encoding="UTF-8"?>
<!DOCTYPE html PUBLIC "-//W3C//DTD XHTML 1.0 Transitional//EN"
    "http://www.w3.org/TR/xhtml1/DTD/xhtml1-transitional.dtd">
<html xmlns="http://www.w3.org/1999/xhtml" xml:lang="en" lang="en">
 <head>
  <title>
</title>
<meta http-equiv="Content-Type" content="text/html;charset=utf-8" />
  <meta name='ocr-system' content='tesseract 3.04.00' />
  <meta name='ocr-capabilities' content='ocr_page ocr_carea ocr_par ocr_line ocrx_word'/>
</head>
<body>
  <div class='ocr_page' id='page_1' title='image "./synopsistheolog00tanqgoog_0514.png"; bbox 0 0 2684 4634; ppageno 0'>
   <div class='ocr_carea' id='block_1_1' title="bbox 296 176 1178 236">
    <p class='ocr_par' dir='ltr' id='par_1_1' title="bbox 296 176 1178 236">
     <span class='ocr_line' id='line_1_1' title="bbox 296 176 1178 236; baseline -0.007 -3"><span class='ocrx_word' id='word_1_1' title='bbox 296 182 352 234; x_wconf 76' lang='lat' dir='ltr'>DE</span> <span class='ocrx_word' id='word_1_2' title='bbox 371 184 593 236; x_wconf 82' lang='lat' dir='ltr'><strong>MYS&#39;I&#39;ERIO</strong></span> <span class='ocrx_word' id='word_1_3' title='bbox 610 182 964 236; x_wconf 73' lang='lat' dir='ltr'>tncnnnnrtolvts.</span> <span class='ocrx_word' id='word_1_4' title='bbox 1111 176 1178 228; x_wconf 68' lang='lat'>403</span> 
     </span>
    </p>
   </div>
   <div class='ocr_carea' id='block_1_2' title="bbox 66 359 1177 633">
    <p class='ocr_par' dir='ltr' id='par_1_2' title="bbox 66 359 1177 633">
     <span class='ocr_line' id='line_1_2' title="bbox 66 359 1176 446; baseline -0.005 -21"><span class='ocrx_word' id='word_1_5' title='bbox 66 380 152 425; x_wconf 86' lang='lat' dir='ltr'>nam</span> <span class='ocrx_word' id='word_1_6' title='bbox 177 365 221 429; x_wconf 89' lang='lat' dir='ltr'>ad</span> <span class='ocrx_word' id='word_1_7' title='bbox 243 362 480 445; x_wconf 84' lang='lat' dir='ltr'>perlectionem</span> <span class='ocrx_word' id='word_1_8' title='bbox 504 366 576 446; x_wconf 89' lang='lat' dir='ltr'>ejus</span> <span class='ocrx_word' id='word_1_9' title='bbox 598 363 785 429; x_wconf 78' lang='lat' dir='ltr'>intellectus</span> <span class='ocrx_word' id='word_1_10' title='bbox 809 364 952 445; x_wconf 82' lang='lat' dir='ltr'><strong>pertinet</strong></span> <span class='ocrx_word' id='word_1_11' title='bbox 979 380 1045 423; x_wconf 90' lang='lat' dir='ltr'>non</span> <span class='ocrx_word' id='word_1_12' title='bbox 1069 359 1176 421; x_wconf 92' lang='lat' dir='ltr'>solum</span> 
     </span>
     <span class='ocr_line' id='line_1_3' title="bbox 67 461 1177 548; baseline -0.006 -19"><span class='ocrx_word' id='word_1_13' title='bbox 67 468 189 529; x_wconf 90' lang='lat' dir='ltr'>omnia</span> <span class='ocrx_word' id='word_1_14' title='bbox 203 488 411 548; x_wconf 84' lang='lat' dir='ltr'>cognoscere,</span> <span class='ocrx_word' id='word_1_15' title='bbox 426 470 485 532; x_wconf 90' lang='lat' dir='ltr'>sed</span> <span class='ocrx_word' id='word_1_16' title='bbox 501 470 602 531; x_wconf 93' lang='lat' dir='ltr'>etiam</span> <span class='ocrx_word' id='word_1_17' title='bbox 619 469 712 530; x_wconf 93' lang='lat' dir='ltr'>omni</span> <span class='ocrx_word' id='word_1_18' title='bbox 728 470 830 530; x_wconf 93' lang='lat' dir='ltr'>modo</span> <span class='ocrx_word' id='word_1_19' title='bbox 852 486 919 547; x_wconf 93' lang='lat' dir='ltr'>quo</span> <span class='ocrx_word' id='word_1_20' title='bbox 941 461 1177 545; x_wconf 87' lang='lat' dir='ltr'>cognoscibilia</span> 
     </span>
     <span class='ocr_line' id='line_1_4' title="bbox 68 580 183 633; baseline 0.009 -1"><span class='ocrx_word' id='word_1_21' title='bbox 68 580 151 633; x_wconf 91' lang='lat' dir='ltr'>sunt</span> <span class='ocrx_word' id='word_1_22' title='bbox 163 582 183 633; x_wconf 89' lang='lat'>¹.</span> 
     </span>
    </p>
   </div>
   <div class='ocr_carea' id='block_1_3' title="bbox 64 698 1174 2250">
    <p class='ocr_par' dir='ltr' id='par_1_3' title="bbox 69 698 1174 1037">
     <span class='ocr_line' id='line_1_5' title="bbox 106 698 1174 776; baseline -0.002 -20"><span class='ocrx_word' id='word_1_23' title='bbox 106 716 166 770; x_wconf 82' lang='lat'>133.</span> <span class='ocrx_word' id='word_1_24' title='bbox 208 704 353 776; x_wconf 72' lang='lat' dir='ltr'>Olp&#39;r&#39;citur</span> <span class='ocrx_word' id='word_1_25' title='bbox 363 715 483 762; x_wconf 86' lang='lat' dir='ltr'>autem:</span> <span class='ocrx_word' id='word_1_26' title='bbox 504 704 636 763; x_wconf 89' lang='lat' dir='ltr'>Christus</span> <span class='ocrx_word' id='word_1_27' title='bbox 652 703 812 762; x_wconf 83' lang='lat' dir='ltr'>declaravit</span> <span class='ocrx_word' id='word_1_28' title='bbox 830 719 862 760; x_wconf 92' lang='lat' dir='ltr'>se</span> <span class='ocrx_word' id='word_1_29' title='bbox 881 700 994 758; x_wconf 89' lang='lat' dir='ltr'>nescire</span> <span class='ocrx_word' id='word_1_30' title='bbox 1007 699 1086 756; x_wconf 91' lang='lat' dir='ltr'>diem</span> <span class='ocrx_word' id='word_1_31' title='bbox 1099 698 1174 770; x_wconf 89' lang='lat' dir='ltr'>judi-</span> 
     </span>
     <span class='ocr_line' id='line_1_6' title="bbox 69 786 1172 861; baseline -0.005 -14"><span class='ocrx_word' id='word_1_32' title='bbox 69 790 108 847; x_wconf 89' lang='lat' dir='ltr'>cii</span> <span class='ocrx_word' id='word_1_33' title='bbox 121 810 129 847; x_wconf 75' lang='grc' dir='ltr'><strong><em>ε</em></strong></span> <span class='ocrx_word' id='word_1_34' title='bbox 143 791 222 848; x_wconf 90' lang='lat' dir='ltr'>“De</span> <span class='ocrx_word' id='word_1_35' title='bbox 234 791 283 849; x_wconf 93' lang='lat' dir='ltr'>die</span> <span class='ocrx_word' id='word_1_36' title='bbox 295 800 395 849; x_wconf 88' lang='lat' dir='ltr'>autem</span> <span class='ocrx_word' id='word_1_37' title='bbox 410 791 469 861; x_wconf 89' lang='lat' dir='ltr'>illo,</span> <span class='ocrx_word' id='word_1_38' title='bbox 484 793 531 849; x_wconf 91' lang='lat' dir='ltr'>vel</span> <span class='ocrx_word' id='word_1_39' title='bbox 544 792 625 858; x_wconf 72' lang='lat' dir='ltr'>hori,</span> <span class='ocrx_word' id='word_1_40' title='bbox 642 809 732 850; x_wconf 89' lang='lat' dir='ltr'>nemo</span> <span class='ocrx_word' id='word_1_41' title='bbox 744 792 798 848; x_wconf 90' lang='lat' dir='ltr'>scit</span> <span class='ocrx_word' id='word_1_42' title='bbox 811 806 910 860; x_wconf 90' lang='lat' dir='ltr'>neque</span> <span class='ocrx_word' id='word_1_43' title='bbox 924 787 1029 859; x_wconf 80' lang='lat' dir='ltr'>Angeli</span> <span class='ocrx_word' id='word_1_44' title='bbox 1044 787 1072 842; x_wconf 93' lang='lat' dir='ltr'>in</span> <span class='ocrx_word' id='word_1_45' title='bbox 1086 786 1172 855; x_wconf 83' lang='lat' dir='ltr'>coelo,</span> 
     </span>
     <span class='ocr_line' id='line_1_7' title="bbox 70 876 1173 951; baseline -0.005 -15"><span class='ocrx_word' id='word_1_46' title='bbox 70 896 160 949; x_wconf 80' lang='lat' dir='ltr'>neque</span> <span class='ocrx_word' id='word_1_47' title='bbox 171 878 274 949; x_wconf 64' lang='lat' dir='ltr'>Elius,</span> <span class='ocrx_word' id='word_1_48' title='bbox 290 878 345 939; x_wconf 86' lang='lat' dir='ltr'>nisi</span> <span class='ocrx_word' id='word_1_49' title='bbox 360 879 508 950; x_wconf 84' lang='lat' dir='ltr'>Pater’&#39;‘·&#39;;</span> <span class='ocrx_word' id='word_1_50' title='bbox 527 898 597 951; x_wconf 81' lang='lat' dir='ltr'>ergo</span> <span class='ocrx_word' id='word_1_51' title='bbox 615 898 676 938; x_wconf 90' lang='lat' dir='ltr'>non</span> <span class='ocrx_word' id='word_1_52' title='bbox 691 880 793 937; x_wconf 88' lang='lat' dir='ltr'>omnia</span> <span class='ocrx_word' id='word_1_53' title='bbox 809 877 922 935; x_wconf 86' lang='lat' dir='ltr'>sciebat</span> <span class='ocrx_word' id='word_1_54' title='bbox 934 894 1002 947; x_wconf 87' lang='lat' dir='ltr'>quae</span> <span class='ocrx_word' id='word_1_55' title='bbox 1014 876 1052 933; x_wconf 92' lang='lat' dir='ltr'>ad</span> <span class='ocrx_word' id='word_1_56' title='bbox 1066 885 1173 932; x_wconf 91' lang='lat' dir='ltr'>statum</span> 
     </span>
     <span class='ocr_line' id='line_1_8' title="bbox 70 965 332 1037; baseline 0.004 -15"><span class='ocrx_word' id='word_1_57' title='bbox 70 982 160 1023; x_wconf 88' lang='lat' dir='ltr'>snum</span> <span class='ocrx_word' id='word_1_58' title='bbox 174 965 332 1037; x_wconf 87' lang='lat' dir='ltr'>pertinent.</span> 
     </span>
    </p>

    <p class='ocr_par' dir='ltr' id='par_1_4' title="bbox 64 1051 1173 2250">
     <span class='ocr_line' id='line_1_9' title="bbox 104 1051 1173 1127; baseline -0.001 -18"><span class='ocrx_word' id='word_1_59' title='bbox 104 1051 192 1122; x_wconf 83' lang='lat' dir='ltr'>Resp.</span> <span class='ocrx_word' id='word_1_60' title='bbox 223 1052 303 1109; x_wconf 85' lang='lat' dir='ltr'>Dist.</span> <span class='ocrx_word' id='word_1_61' title='bbox 314 1075 325 1109; x_wconf 92' lang='lat'>.·</span> <span class='ocrx_word' id='word_1_62' title='bbox 337 1053 415 1111; x_wconf 90' lang='lat' dir='ltr'>hanc</span> <span class='ocrx_word' id='word_1_63' title='bbox 428 1054 508 1113; x_wconf 89' lang='lat' dir='ltr'>diem</span> <span class='ocrx_word' id='word_1_64' title='bbox 521 1072 583 1111; x_wconf 92' lang='lat' dir='ltr'>non</span> <span class='ocrx_word' id='word_1_65' title='bbox 597 1054 737 1127; x_wconf 82' lang='lat' dir='ltr'>cognovit</span> <span class='ocrx_word' id='word_1_66' title='bbox 751 1063 893 1125; x_wconf 88' lang='lat' dir='ltr'>tanquam</span> <span class='ocrx_word' id='word_1_67' title='bbox 905 1055 1017 1124; x_wconf 80' lang='lat' dir='ltr'>legatus</span> <span class='ocrx_word' id='word_1_68' title='bbox 1029 1052 1067 1109; x_wconf 92' lang='lat' dir='ltr'>ad</span> <span class='ocrx_word' id='word_1_69' title='bbox 1081 1052 1173 1108; x_wconf 90' lang='lat' dir='ltr'>homi·</span> 
     </span>
     <span class='ocr_line' id='line_1_10' title="bbox 71 1137 1171 1219; baseline 0.002 -25"><span class='ocrx_word' id='word_1_70' title='bbox 71 1156 123 1195; x_wconf 91' lang='lat' dir='ltr'>nes</span> <span class='ocrx_word' id='word_1_71' title='bbox 136 1137 254 1208; x_wconf 88' lang='lat' dir='ltr'>missus,</span> <span class='ocrx_word' id='word_1_72' title='bbox 269 1155 322 1196; x_wconf 88' lang='lat' dir='ltr'>seu</span> <span class='ocrx_word' id='word_1_73' title='bbox 335 1138 459 1197; x_wconf 65' lang='lat' dir='ltr'>seientia</span> <span class='ocrx_word' id='word_1_74' title='bbox 471 1140 724 1219; x_wconf 89' lang='lat' dir='ltr'>communicabili‚</span> <span class='ocrx_word' id='word_1_75' title='bbox 739 1140 858 1211; x_wconf 84' lang='lat' dir='ltr'>concedo,</span> <span class='ocrx_word' id='word_1_76' title='bbox 871 1139 941 1211; x_wconf 90' lang='lat' dir='ltr'>quia</span> <span class='ocrx_word' id='word_1_77' title='bbox 956 1157 1017 1195; x_wconf 93' lang='lat' dir='ltr'>non</span> <span class='ocrx_word' id='word_1_78' title='bbox 1037 1138 1171 1210; x_wconf 88' lang='lat' dir='ltr'>expedie-</span> 
     </span>
     <span class='ocr_line' id='line_1_11' title="bbox 70 1222 1173 1298; baseline 0.002 -17"><span class='ocrx_word' id='word_1_79' title='bbox 70 1223 120 1281; x_wconf 84' lang='lat' dir='ltr'>bat</span> <span class='ocrx_word' id='word_1_80' title='bbox 133 1222 215 1280; x_wconf 84' lang='lat' dir='ltr'>illam</span> <span class='ocrx_word' id='word_1_81' title='bbox 228 1222 307 1281; x_wconf 91' lang='lat' dir='ltr'>diem</span> <span class='ocrx_word' id='word_1_82' title='bbox 321 1234 424 1283; x_wconf 86' lang='lat' dir='ltr'>notam</span> <span class='ocrx_word' id='word_1_83' title='bbox 437 1226 550 1298; x_wconf 82' lang='lat' dir='ltr'>facere3</span> <span class='ocrx_word' id='word_1_84' title='bbox 568 1228 650 1284; x_wconf 92' lang='lat' dir='ltr'>nullo</span> <span class='ocrx_word' id='word_1_85' title='bbox 663 1227 754 1285; x_wconf 93' lang='lat' dir='ltr'>modo</span> <span class='ocrx_word' id='word_1_86' title='bbox 767 1228 914 1298; x_wconf 82' lang='lat' dir='ltr'>cognovit,</span> <span class='ocrx_word' id='word_1_87' title='bbox 932 1245 1008 1297; x_wconf 80' lang='lat' dir='ltr'>nego,</span> <span class='ocrx_word' id='word_1_88' title='bbox 1022 1245 1090 1283; x_wconf 91' lang='lat' dir='ltr'>nam</span> <span class='ocrx_word' id='word_1_89' title='bbox 1110 1225 1173 1298; x_wconf 87' lang='lat' dir='ltr'>ipse</span> 
     </span>
     <span class='ocr_line' id='line_1_12' title="bbox 69 1310 1171 1385; baseline 0.001 -18"><span class='ocrx_word' id='word_1_90' title='bbox 69 1320 175 1381; x_wconf 86' lang='lat' dir='ltr'>postea</span> <span class='ocrx_word' id='word_1_91' title='bbox 186 1310 272 1381; x_wconf 82' lang='lat' dir='ltr'>signa</span> <span class='ocrx_word' id='word_1_92' title='bbox 282 1310 386 1382; x_wconf 84' lang='lat' dir='ltr'>judicii</span> <span class='ocrx_word' id='word_1_93' title='bbox 399 1313 609 1371; x_wconf 80' lang='lat' dir='ltr'>annuntiavit³.</span> <span class='ocrx_word' id='word_1_94' title='bbox 649 1314 790 1370; x_wconf 87' lang='lat' dir='ltr'>Attamen</span> <span class='ocrx_word' id='word_1_95' title='bbox 804 1313 930 1372; x_wconf 82' lang='lat' dir='ltr'>latemur</span> <span class='ocrx_word' id='word_1_96' title='bbox 943 1311 1088 1385; x_wconf 91' lang='lat' dir='ltr'>quosdam</span> <span class='ocrx_word' id='word_1_97' title='bbox 1099 1312 1171 1369; x_wconf 89' lang='lat' dir='ltr'>anti-</span> 
     </span>
     <span class='ocr_line' id='line_1_13' title="bbox 69 1396 1173 1468; baseline 0.002 -14"><span class='ocrx_word' id='word_1_98' title='bbox 69 1414 146 1468; x_wconf 84' lang='lat' dir='ltr'>quos</span> <span class='ocrx_word' id='word_1_99' title='bbox 166 1396 268 1455; x_wconf 76' lang='lat' dir='ltr'>Patres</span> <span class='ocrx_word' id='word_1_100' title='bbox 285 1396 404 1455; x_wconf 78' lang='lat' dir='ltr'>Ananis</span> <span class='ocrx_word' id='word_1_101' title='bbox 422 1400 604 1457; x_wconf 83' lang='lat' dir='ltr'>concessisse</span> <span class='ocrx_word' id='word_1_102' title='bbox 623 1399 786 1466; x_wconf 88' lang='lat' dir='ltr'>Christum,</span> <span class='ocrx_word' id='word_1_103' title='bbox 805 1411 837 1457; x_wconf 91' lang='lat' dir='ltr'>ut</span> <span class='ocrx_word' id='word_1_104' title='bbox 856 1401 1017 1466; x_wconf 88' lang='lat' dir='ltr'>hominem,</span> <span class='ocrx_word' id='word_1_105' title='bbox 1037 1401 1075 1458; x_wconf 92' lang='lat' dir='ltr'>de</span> <span class='ocrx_word' id='word_1_106' title='bbox 1094 1399 1173 1457; x_wconf 85' lang='lat' dir='ltr'>facto</span> 
     </span>
     <span class='ocr_line' id='line_1_14' title="bbox 68 1483 1171 1560; baseline 0.003 -20"><span class='ocrx_word' id='word_1_107' title='bbox 68 1483 252 1555; x_wconf 81' lang='lat' dir='ltr'>ignoravisse</span> <span class='ocrx_word' id='word_1_108' title='bbox 264 1483 346 1542; x_wconf 85' lang='lat' dir='ltr'>diem</span> <span class='ocrx_word' id='word_1_109' title='bbox 357 1484 471 1555; x_wconf 90' lang='lat' dir='ltr'>judicii.</span> <span class='ocrx_word' id='word_1_110' title='bbox 510 1486 569 1545; x_wconf 93' lang='lat' dir='ltr'>Sed</span> <span class='ocrx_word' id='word_1_111' title='bbox 588 1497 700 1558; x_wconf 91' lang='lat' dir='ltr'>postea,</span> <span class='ocrx_word' id='word_1_112' title='bbox 717 1489 839 1559; x_wconf 82' lang='lat' dir='ltr'>quando</span> <span class='ocrx_word' id='word_1_113' title='bbox 851 1489 963 1547; x_wconf 80' lang='lat' dir='ltr'>directe</span> <span class='ocrx_word' id='word_1_114' title='bbox 976 1489 1101 1560; x_wconf 85' lang='lat' dir='ltr'>quaestio</span> <span class='ocrx_word' id='word_1_115' title='bbox 1113 1489 1171 1559; x_wconf 73' lang='lat' dir='ltr'>agi-</span> 
     </span>
     <span class='ocr_line' id='line_1_15' title="bbox 69 1569 1171 1644; baseline 0.001 -16"><span class='ocrx_word' id='word_1_116' title='bbox 69 1581 128 1629; x_wconf 87' lang='lat' dir='ltr'>tata</span> <span class='ocrx_word' id='word_1_117' title='bbox 141 1570 197 1627; x_wconf 84' lang='lat' dir='ltr'>suit</span> <span class='ocrx_word' id='word_1_118' title='bbox 207 1570 246 1629; x_wconf 90' lang='lat' dir='ltr'>de</span> <span class='ocrx_word' id='word_1_119' title='bbox 256 1570 380 1629; x_wconf 72' lang='lat' dir='ltr'>scientia</span> <span class='ocrx_word' id='word_1_120' title='bbox 388 1570 520 1629; x_wconf 70' lang='lat' dir='ltr'>humani</span> <span class='ocrx_word' id='word_1_121' title='bbox 530 1569 639 1629; x_wconf 90' lang='lat' dir='ltr'>Christi</span> <span class='ocrx_word' id='word_1_122' title='bbox 650 1582 753 1629; x_wconf 89' lang='lat' dir='ltr'>contra</span> <span class='ocrx_word' id='word_1_123' title='bbox 766 1573 927 1642; x_wconf 79' lang='lat' dir='ltr'>Agnoetas,</span> <span class='ocrx_word' id='word_1_124' title='bbox 938 1573 987 1644; x_wconf 94' lang='lat' dir='ltr'>qui</span> <span class='ocrx_word' id='word_1_125' title='bbox 999 1573 1109 1629; x_wconf 88' lang='lat' dir='ltr'>saeculo</span> <span class='ocrx_word' id='word_1_126' title='bbox 1118 1573 1171 1639; x_wconf 83' lang='lat' dir='ltr'>VI,</span> 
     </span>
     <span class='ocr_line' id='line_1_16' title="bbox 66 1656 1171 1730; baseline -0.002 -15"><span class='ocrx_word' id='word_1_127' title='bbox 66 1658 146 1715; x_wconf 89' lang='lat' dir='ltr'>duce</span> <span class='ocrx_word' id='word_1_128' title='bbox 162 1656 325 1727; x_wconf 79' lang='lat' dir='ltr'>Themistr&#39;o,</span> <span class='ocrx_word' id='word_1_129' title='bbox 338 1658 468 1716; x_wconf 91' lang='lat' dir='ltr'>diacono</span> <span class='ocrx_word' id='word_1_130' title='bbox 486 1677 522 1716; x_wconf 91' lang='lat' dir='ltr'>ex</span> <span class='ocrx_word' id='word_1_131' title='bbox 541 1658 794 1730; x_wconf 87' lang='lat' dir='ltr'>Eutychianorum</span> <span class='ocrx_word' id='word_1_132' title='bbox 808 1657 898 1724; x_wconf 70' lang='lat' dir='ltr'>secti,</span> <span class='ocrx_word' id='word_1_133' title='bbox 913 1658 1064 1716; x_wconf 88' lang='lat' dir='ltr'>Christum</span> <span class='ocrx_word' id='word_1_134' title='bbox 1078 1658 1171 1715; x_wconf 93' lang='lat' dir='ltr'>homi·</span> 
     </span>
     <span class='ocr_line' id='line_1_17' title="bbox 66 1742 1171 1815; baseline 0.003 -16"><span class='ocrx_word' id='word_1_135' title='bbox 66 1760 137 1801; x_wconf 91' lang='lat' dir='ltr'>nem</span> <span class='ocrx_word' id='word_1_136' title='bbox 151 1742 252 1815; x_wconf 87' lang='lat' dir='ltr'>aliqua</span> <span class='ocrx_word' id='word_1_137' title='bbox 266 1742 446 1813; x_wconf 82' lang='lat' dir='ltr'>ignoravisse</span> <span class='ocrx_word' id='word_1_138' title='bbox 465 1743 617 1812; x_wconf 89' lang='lat' dir='ltr'>tenebant,</span> <span class='ocrx_word' id='word_1_139' title='bbox 631 1744 797 1802; x_wconf 87' lang='lat' dir='ltr'>docuerunt</span> <span class='ocrx_word' id='word_1_140' title='bbox 817 1742 980 1815; x_wconf 86' lang='lat' dir='ltr'>quamlibet</span> <span class='ocrx_word' id='word_1_141' title='bbox 1000 1744 1171 1814; x_wconf 80' lang='lat' dir='ltr'>ignorantiae</span> 
     </span>
     <span class='ocr_line' id='line_1_18' title="bbox 66 1828 1171 1901; baseline 0.002 -15"><span class='ocrx_word' id='word_1_142' title='bbox 66 1829 270 1901; x_wconf 87' lang='lat' dir='ltr'>suspicionem</span> <span class='ocrx_word' id='word_1_143' title='bbox 293 1828 331 1886; x_wconf 90' lang='lat' dir='ltr'>ab</span> <span class='ocrx_word' id='word_1_144' title='bbox 353 1829 418 1901; x_wconf 90' lang='lat' dir='ltr'>ipso</span> <span class='ocrx_word' id='word_1_145' title='bbox 439 1830 651 1888; x_wconf 87' lang='lat' dir='ltr'>removendam</span> <span class='ocrx_word' id='word_1_146' title='bbox 673 1848 745 1900; x_wconf 91' lang='lat' dir='ltr'>esse,</span> <span class='ocrx_word' id='word_1_147' title='bbox 762 1841 793 1888; x_wconf 92' lang='lat' dir='ltr'>et</span> <span class='ocrx_word' id='word_1_148' title='bbox 816 1831 963 1901; x_wconf 77' lang='lat' dir='ltr'>Agnoeras</span> <span class='ocrx_word' id='word_1_149' title='bbox 980 1841 1013 1888; x_wconf 88' lang='lat' dir='ltr'>ut</span> <span class='ocrx_word' id='word_1_150' title='bbox 1030 1832 1171 1888; x_wconf 78' lang='lat' dir='ltr'>lraeretr&#39;cos</span> 
     </span>
     <span class='ocr_line' id='line_1_19' title="bbox 66 1914 1170 1985; baseline -0.001 -12"><span class='ocrx_word' id='word_1_151' title='bbox 66 1917 238 1977; x_wconf 89' lang='lat' dir='ltr'>habuerunt</span> <span class='ocrx_word' id='word_1_152' title='bbox 245 1918 264 1971; x_wconf 89' lang='lat'>⁴.</span> <span class='ocrx_word' id='word_1_153' title='bbox 304 1916 479 1975; x_wconf 87' lang='lat' dir='ltr'>Notandum</span> <span class='ocrx_word' id='word_1_154' title='bbox 492 1926 537 1975; x_wconf 91' lang='lat' dir='ltr'>est</span> <span class='ocrx_word' id='word_1_155' title='bbox 550 1929 651 1974; x_wconf 92' lang='lat' dir='ltr'>tamen</span> <span class='ocrx_word' id='word_1_156' title='bbox 664 1932 732 1971; x_wconf 86' lang='lat' dir='ltr'>curn</span> <span class='ocrx_word' id='word_1_157' title='bbox 743 1914 1093 1985; x_wconf 75' lang='lat' dir='ltr'>Maldanato‘Agnoetas</span> <span class='ocrx_word' id='word_1_158' title='bbox 1103 1915 1170 1973; x_wconf 91' lang='lat' dir='ltr'>ideo</span> 
     </span>
     <span class='ocr_line' id='line_1_20' title="bbox 65 2001 1169 2074; baseline -0.003 -13"><span class='ocrx_word' id='word_1_159' title='bbox 65 2015 97 2063; x_wconf 92' lang='lat' dir='ltr'>ut</span> <span class='ocrx_word' id='word_1_160' title='bbox 113 2003 272 2061; x_wconf 87' lang='lat' dir='ltr'>haereticos</span> <span class='ocrx_word' id='word_1_161' title='bbox 291 2003 450 2061; x_wconf 81' lang='lat' dir='ltr'>damnatos</span> <span class='ocrx_word' id='word_1_162' title='bbox 468 2004 566 2072; x_wconf 85' lang='lat' dir='ltr'>inisse,</span> <span class='ocrx_word' id='word_1_163' title='bbox 581 2003 651 2074; x_wconf 87' lang='lat' dir='ltr'>quia</span> <span class='ocrx_word' id='word_1_164' title='bbox 670 2001 843 2073; x_wconf 89' lang='lat' dir='ltr'>slmpliciter</span> <span class='ocrx_word' id='word_1_165' title='bbox 861 2011 891 2059; x_wconf 92' lang='lat' dir='ltr'>et</span> <span class='ocrx_word' id='word_1_166' title='bbox 908 2002 972 2060; x_wconf 91' lang='lat' dir='ltr'>sine</span> <span class='ocrx_word' id='word_1_167' title='bbox 991 2002 1051 2058; x_wconf 79' lang='lat' dir='ltr'>utlt</span> <span class='ocrx_word' id='word_1_168' title='bbox 1069 2002 1169 2060; x_wconf 90' lang='lat' dir='ltr'>distin·</span> 
     </span>
     <span class='ocr_line' id='line_1_21' title="bbox 64 2089 1171 2161; baseline 0 -13"><span class='ocrx_word' id='word_1_169' title='bbox 64 2090 167 2148; x_wconf 76' lang='lat' dir='ltr'>cilone</span> <span class='ocrx_word' id='word_1_170' title='bbox 178 2089 288 2147; x_wconf 88' lang='lat' dir='ltr'>divinae</span> <span class='ocrx_word' id='word_1_171' title='bbox 300 2089 500 2161; x_wconf 87' lang='lat' dir='ltr'>humanaeque</span> <span class='ocrx_word' id='word_1_172' title='bbox 520 2101 632 2148; x_wconf 88' lang='lat' dir='ltr'>naturae</span> <span class='ocrx_word' id='word_1_173' title='bbox 652 2090 847 2161; x_wconf 82' lang='lat' dir='ltr'>ignorantiam</span> <span class='ocrx_word' id='word_1_174' title='bbox 861 2090 980 2148; x_wconf 91' lang='lat' dir='ltr'>Christo</span> <span class='ocrx_word' id='word_1_175' title='bbox 993 2091 1171 2161; x_wconf 85' lang='lat' dir='ltr'>tribuebant,</span> 
     </span>
     <span class='ocr_line' id='line_1_22' title="bbox 64 2175 1082 2250; baseline 0.001 -16"><span class='ocrx_word' id='word_1_176' title='bbox 64 2178 136 2250; x_wconf 89' lang='lat' dir='ltr'>quia</span> <span class='ocrx_word' id='word_1_177' title='bbox 149 2175 314 2234; x_wconf 86' lang='lat' dir='ltr'>credebant</span> <span class='ocrx_word' id='word_1_178' title='bbox 326 2175 512 2235; x_wconf 86' lang='lat' dir='ltr'>divinitatem</span> <span class='ocrx_word' id='word_1_179' title='bbox 528 2177 556 2233; x_wconf 92' lang='lat' dir='ltr'>in</span> <span class='ocrx_word' id='word_1_180' title='bbox 570 2178 786 2236; x_wconf 88' lang='lat' dir='ltr'>humanitatem</span> <span class='ocrx_word' id='word_1_181' title='bbox 801 2179 889 2236; x_wconf 89' lang='lat' dir='ltr'>suisse.</span> <span class='ocrx_word' id='word_1_182' title='bbox 902 2197 1082 2237; x_wconf 89' lang='lat' dir='ltr'>conversam.</span> 
     </span>
    </p>
   </div>
   <div class='ocr_carea' id='block_1_4' title="bbox 300 2320 941 2408">
    <p class='ocr_par' dir='ltr' id='par_1_5' title="bbox 300 2320 941 2408">
     <span class='ocr_line' id='line_1_23' title="bbox 300 2320 941 2408; baseline 0 -22"><span class='ocrx_word' id='word_1_183' title='bbox 300 2320 317 2408; x_wconf 57' lang='grc' dir='ltr'>,ξ</span> <span class='ocrx_word' id='word_1_184' title='bbox 343 2325 387 2388; x_wconf 92' lang='lat' dir='ltr'>Il.</span> <span class='ocrx_word' id='word_1_185' title='bbox 413 2326 471 2388; x_wconf 79' lang='lat' dir='ltr'>Dr</span> <span class='ocrx_word' id='word_1_186' title='bbox 493 2339 728 2391; x_wconf 77' lang='lat' dir='ltr'>sancrrrarn</span> <span class='ocrx_word' id='word_1_187' title='bbox 753 2325 908 2389; x_wconf 80' lang='lat' dir='ltr'>Cnxrsrr</span> <span class='ocrx_word' id='word_1_188' title='bbox 920 2324 941 2386; x_wconf 88' lang='lat'>⁶.</span> 
     </span>
    </p>
   </div>
   <div class='ocr_carea' id='block_1_5' title="bbox 61 2486 1169 3186">
    <p class='ocr_par' dir='ltr' id='par_1_6' title="bbox 61 2486 1169 3186">
     <span class='ocr_line' id='line_1_24' title="bbox 107 2486 1169 2569; baseline 0.002 -19"><span class='ocrx_word' id='word_1_189' title='bbox 107 2499 177 2565; x_wconf 84' lang='lat'>134.</span> <span class='ocrx_word' id='word_1_190' title='bbox 226 2486 368 2548; x_wconf 87' lang='lat' dir='ltr'>Postea</span> <span class='ocrx_word' id='word_1_191' title='bbox 391 2505 466 2567; x_wconf 90' lang='lat' dir='ltr'>quae</span> <span class='ocrx_word' id='word_1_192' title='bbox 490 2487 639 2549; x_wconf 88' lang='lat' dir='ltr'>diximus</span> <span class='ocrx_word' id='word_1_193' title='bbox 661 2488 704 2549; x_wconf 90' lang='lat' dir='ltr'>de</span> <span class='ocrx_word' id='word_1_194' title='bbox 727 2488 863 2549; x_wconf 86' lang='lat' dir='ltr'>scientia</span> <span class='ocrx_word' id='word_1_195' title='bbox 888 2487 1020 2563; x_wconf 86' lang='lat' dir='ltr'>Christi,</span> <span class='ocrx_word' id='word_1_196' title='bbox 1033 2488 1103 2569; x_wconf 90' lang='lat' dir='ltr'>jam</span> <span class='ocrx_word' id='word_1_197' title='bbox 1127 2492 1169 2552; x_wconf 85' lang='lat' dir='ltr'>de</span> 
     </span>
     <span class='ocr_line' id='line_1_25' title="bbox 62 2586 1167 2673; baseline 0.001 -20"><span class='ocrx_word' id='word_1_198' title='bbox 62 2589 216 2673; x_wconf 90' lang='lat' dir='ltr'>ejusdem</span> <span class='ocrx_word' id='word_1_199' title='bbox 233 2586 410 2652; x_wconf 69' lang='lat' dir='ltr'>sanctitate</span> <span class='ocrx_word' id='word_1_200' title='bbox 426 2589 585 2653; x_wconf 89' lang='lat' dir='ltr'>disserere</span> <span class='ocrx_word' id='word_1_201' title='bbox 609 2610 742 2652; x_wconf 90' lang='lat' dir='ltr'>necesse</span> <span class='ocrx_word' id='word_1_202' title='bbox 761 2602 818 2654; x_wconf 85' lang='lat' dir='ltr'>est.</span> <span class='ocrx_word' id='word_1_203' title='bbox 865 2589 1032 2654; x_wconf 71' lang='lat' dir='ltr'>Sanctitas</span> <span class='ocrx_word' id='word_1_204' title='bbox 1056 2603 1167 2655; x_wconf 88' lang='lat' dir='ltr'>autern</span> 
     </span>
     <span class='ocr_line' id='line_1_26' title="bbox 63 2692 1169 2777; baseline -0.002 -18"><span class='ocrx_word' id='word_1_205' title='bbox 63 2695 193 2777; x_wconf 88' lang='lat' dir='ltr'>duplex</span> <span class='ocrx_word' id='word_1_206' title='bbox 216 2702 268 2755; x_wconf 91' lang='lat' dir='ltr'>est</span> <span class='ocrx_word' id='word_1_207' title='bbox 283 2714 290 2770; x_wconf 92' lang='lat'>;</span> <span class='ocrx_word' id='word_1_208' title='bbox 313 2693 377 2754; x_wconf 89' lang='lat' dir='ltr'>alia</span> <span class='ocrx_word' id='word_1_209' title='bbox 393 2692 557 2774; x_wconf 87' lang='lat' dir='ltr'>negativa,</span> <span class='ocrx_word' id='word_1_210' title='bbox 573 2712 647 2773; x_wconf 83' lang='lat' dir='ltr'>quae</span> <span class='ocrx_word' id='word_1_211' title='bbox 665 2693 745 2754; x_wconf 90' lang='lat' dir='ltr'>nihil</span> <span class='ocrx_word' id='word_1_212' title='bbox 762 2693 851 2755; x_wconf 90' lang='lat' dir='ltr'>aliud</span> <span class='ocrx_word' id='word_1_213' title='bbox 868 2702 918 2754; x_wconf 91' lang='lat' dir='ltr'>est</span> <span class='ocrx_word' id='word_1_214' title='bbox 936 2694 996 2755; x_wconf 91' lang='lat' dir='ltr'>nisi</span> <span class='ocrx_word' id='word_1_215' title='bbox 1014 2696 1169 2757; x_wconf 85' lang='lat' dir='ltr'>immuni-</span> 
     </span>
     <span class='ocr_line' id='line_1_27' title="bbox 62 2792 1168 2891; baseline -0.001 -30"><span class='ocrx_word' id='word_1_216' title='bbox 62 2809 114 2861; x_wconf 90' lang='lat' dir='ltr'>tas</span> <span class='ocrx_word' id='word_1_217' title='bbox 132 2818 152 2859; x_wconf 89' lang='lat' dir='ltr'>a</span> <span class='ocrx_word' id='word_1_218' title='bbox 169 2805 307 2891; x_wconf 87' lang='lat' dir='ltr'>peccato</span> <span class='ocrx_word' id='word_1_219' title='bbox 324 2805 357 2858; x_wconf 85' lang='lat' dir='ltr'>et</span> <span class='ocrx_word' id='word_1_220' title='bbox 374 2792 686 2877; x_wconf 69' lang='lat' dir='ltr'>imperfectionibus,</span> <span class='ocrx_word' id='word_1_221' title='bbox 697 2795 762 2856; x_wconf 89' lang='lat' dir='ltr'>alia</span> <span class='ocrx_word' id='word_1_222' title='bbox 774 2815 852 2856; x_wconf 90' lang='lat' dir='ltr'>vero</span> <span class='ocrx_word' id='word_1_223' title='bbox 868 2796 1017 2875; x_wconf 88' lang='lat' dir='ltr'>positiva,</span> <span class='ocrx_word' id='word_1_224' title='bbox 1031 2817 1106 2876; x_wconf 85' lang='lat' dir='ltr'>quae</span> <span class='ocrx_word' id='word_1_225' title='bbox 1118 2813 1168 2861; x_wconf 89' lang='lat' dir='ltr'>est</span> 
     </span>
     <span class='ocr_line' id='line_1_28' title="bbox 62 2898 1168 2983; baseline 0 -19"><span class='ocrx_word' id='word_1_226' title='bbox 62 2900 208 2982; x_wconf 90' lang='lat' dir='ltr'>qualitas</span> <span class='ocrx_word' id='word_1_227' title='bbox 224 2898 384 2980; x_wconf 89' lang='lat' dir='ltr'>specialis,</span> <span class='ocrx_word' id='word_1_228' title='bbox 395 2918 453 2979; x_wconf 90' lang='lat' dir='ltr'>per</span> <span class='ocrx_word' id='word_1_229' title='bbox 468 2918 569 2978; x_wconf 87' lang='lat' dir='ltr'>quam</span> <span class='ocrx_word' id='word_1_230' title='bbox 586 2909 736 2963; x_wconf 86' lang='lat' dir='ltr'>creatura</span> <span class='ocrx_word' id='word_1_231' title='bbox 749 2900 915 2960; x_wconf 89' lang='lat' dir='ltr'>rationalis</span> <span class='ocrx_word' id='word_1_232' title='bbox 929 2898 965 2962; x_wconf 84' lang='lat' dir='ltr'>lit</span> <span class='ocrx_word' id='word_1_233' title='bbox 979 2901 1053 2963; x_wconf 91' lang='lat' dir='ltr'>Deo</span> <span class='ocrx_word' id='word_1_234' title='bbox 1065 2913 1168 2983; x_wconf 85' lang='lat' dir='ltr'>grata,</span> 
     </span>
     <span class='ocr_line' id='line_1_29' title="bbox 61 3000 1165 3084; baseline 0.001 -17"><span class='ocrx_word' id='word_1_235' title='bbox 61 3014 95 3067; x_wconf 88' lang='lat' dir='ltr'>et</span> <span class='ocrx_word' id='word_1_236' title='bbox 110 3023 222 3084; x_wconf 90' lang='lat' dir='ltr'>capax</span> <span class='ocrx_word' id='word_1_237' title='bbox 239 3022 376 3084; x_wconf 88' lang='lat' dir='ltr'>operum</span> <span class='ocrx_word' id='word_1_238' title='bbox 393 3002 698 3083; x_wconf 82' lang='lat' dir='ltr'>supernaturalium</span> <span class='ocrx_word' id='word_1_239' title='bbox 745 3002 932 3082; x_wconf 90' lang='lat' dir='ltr'>Utramque</span> <span class='ocrx_word' id='word_1_240' title='bbox 956 3000 1165 3068; x_wconf 77' lang='lat' dir='ltr'>sanctitatem</span> 
     </span>
     <span class='ocr_line' id='line_1_30' title="bbox 62 3104 967 3186; baseline -0.001 -18"><span class='ocrx_word' id='word_1_241' title='bbox 62 3108 94 3168; x_wconf 93' lang='lat' dir='ltr'>in</span> <span class='ocrx_word' id='word_1_242' title='bbox 111 3107 225 3168; x_wconf 72' lang='lat' dir='ltr'>amma</span> <span class='ocrx_word' id='word_1_243' title='bbox 241 3104 386 3167; x_wconf 66' lang='lat' dir='ltr'>humant</span> <span class='ocrx_word' id='word_1_244' title='bbox 402 3104 524 3167; x_wconf 84' lang='lat' dir='ltr'>Christi</span> <span class='ocrx_word' id='word_1_245' title='bbox 542 3104 642 3167; x_wconf 84' lang='lat' dir='ltr'>luisse</span> <span class='ocrx_word' id='word_1_246' title='bbox 657 3104 828 3186; x_wconf 88' lang='lat' dir='ltr'>probaturi</span> <span class='ocrx_word' id='word_1_247' title='bbox 846 3125 967 3168; x_wconf 89' lang='lat' dir='ltr'>sumus.</span> 
     </span>
    </p>
   </div>
   <div class='ocr_carea' id='block_1_6' title="bbox 197 3251 981 3337">
    <p class='ocr_par' dir='ltr' id='par_1_7' title="bbox 197 3251 981 3337">
     <span class='ocr_line' id='line_1_31' title="bbox 197 3251 981 3337; baseline -0.003 -18"><span class='ocrx_word' id='word_1_248' title='bbox 197 3304 203 3319; x_wconf 90' lang='lat'>.</span> <span class='ocrx_word' id='word_1_249' title='bbox 251 3261 280 3317; x_wconf 92' lang='lat'>1.</span> <span class='ocrx_word' id='word_1_250' title='bbox 306 3259 361 3317; x_wconf 84' lang='lat' dir='ltr'>De</span> <span class='ocrx_word' id='word_1_251' title='bbox 385 3260 594 3317; x_wconf 86' lang='lat' dir='ltr'>Sanctitate</span> <span class='ocrx_word' id='word_1_252' title='bbox 617 3251 797 3328; x_wconf 70' lang='lat' dir='ltr'>negativa</span> <span class='ocrx_word' id='word_1_253' title='bbox 820 3256 981 3337; x_wconf 71' lang='lat' dir='ltr'>Christi.</span> 
     </span>
    </p>
   </div>
   <div class='ocr_carea' id='block_1_7' title="bbox 59 3385 1165 3673">
    <p class='ocr_par' dir='ltr' id='par_1_8' title="bbox 59 3385 1165 3673">
     <span class='ocr_line' id='line_1_32' title="bbox 105 3385 1164 3468; baseline -0.001 -16"><span class='ocrx_word' id='word_1_254' title='bbox 105 3386 275 3454; x_wconf 81' lang='lat' dir='ltr'>Sanctitas</span> <span class='ocrx_word' id='word_1_255' title='bbox 299 3388 454 3468; x_wconf 87' lang='lat' dir='ltr'>negativa</span> <span class='ocrx_word' id='word_1_256' title='bbox 479 3385 601 3448; x_wconf 90' lang='lat' dir='ltr'>Christi</span> <span class='ocrx_word' id='word_1_257' title='bbox 629 3386 692 3446; x_wconf 89' lang='lat' dir='ltr'>tria</span> <span class='ocrx_word' id='word_1_258' title='bbox 719 3386 884 3447; x_wconf 90' lang='lat' dir='ltr'>elementa</span> <span class='ocrx_word' id='word_1_259' title='bbox 911 3386 1164 3466; x_wconf 87' lang='lat' dir='ltr'>complectitur:</span> 
     </span>
     <span class='ocr_line' id='line_1_33' title="bbox 60 3488 1165 3571; baseline -0.004 -15"><span class='ocrx_word' id='word_1_260' title='bbox 60 3492 309 3556; x_wconf 89' lang='lat' dir='ltr'>immunitatem</span> <span class='ocrx_word' id='word_1_261' title='bbox 320 3500 477 3571; x_wconf 72' lang='lat' dir='ltr'>aprccatrr,</span> <span class='ocrx_word' id='word_1_262' title='bbox 491 3489 737 3551; x_wconf 89' lang='lat' dir='ltr'>immunitatem</span> <span class='ocrx_word' id='word_1_263' title='bbox 749 3510 769 3549; x_wconf 85' lang='lat' dir='ltr'>a</span> <span class='ocrx_word' id='word_1_264' title='bbox 781 3488 1035 3567; x_wconf 72' lang='lat' dir='ltr'>concupiscentia,</span> <span class='ocrx_word' id='word_1_265' title='bbox 1046 3491 1165 3552; x_wconf 89' lang='lat' dir='ltr'>immu-</span> 
     </span>
     <span class='ocr_line' id='line_1_34' title="bbox 59 3593 571 3673; baseline -0.01 -15"><span class='ocrx_word' id='word_1_266' title='bbox 59 3597 202 3660; x_wconf 82' lang='lat' dir='ltr'>nitatem</span> <span class='ocrx_word' id='word_1_267' title='bbox 218 3594 260 3656; x_wconf 86' lang='lat' dir='ltr'>ab</span> <span class='ocrx_word' id='word_1_268' title='bbox 275 3593 571 3673; x_wconf 75' lang='lat' dir='ltr'>imperfectionibus.</span> 
     </span>
    </p>
   </div>
   <div class='ocr_carea' id='block_1_8' title="bbox 55 3770 1165 4358">
    <p class='ocr_par' dir='ltr' id='par_1_9' title="bbox 58 3770 1165 4015">
     <span class='ocr_line' id='line_1_35' title="bbox 93 3770 1165 3845; baseline -0.006 -15"><span class='ocrx_word' id='word_1_269' title='bbox 93 3777 102 3800; x_wconf 91' lang='lat'>¹</span> <span class='ocrx_word' id='word_1_270' title='bbox 116 3773 148 3831; x_wconf 78' lang='lat' dir='ltr'><em>S</em></span> <span class='ocrx_word' id='word_1_271' title='bbox 165 3772 217 3829; x_wconf 73' lang='lat' dir='ltr'>Tr.</span> <span class='ocrx_word' id='word_1_272' title='bbox 234 3791 260 3845; x_wconf 90' lang='lat' dir='ltr'>q.</span> <span class='ocrx_word' id='word_1_273' title='bbox 280 3789 319 3827; x_wconf 90' lang='lat'>12.</span> <span class='ocrx_word' id='word_1_274' title='bbox 332 3790 357 3827; x_wconf 90' lang='lat' dir='ltr'>a.</span> <span class='ocrx_word' id='word_1_275' title='bbox 377 3787 398 3827; x_wconf 91' lang='lat'>1.</span> <span class='ocrx_word' id='word_1_276' title='bbox 412 3803 447 3810; x_wconf 90' lang='lat'><em>-</em></span> <span class='ocrx_word' id='word_1_277' title='bbox 459 3770 469 3799; x_wconf 70' lang='lat'><strong>²</strong></span> <span class='ocrx_word' id='word_1_278' title='bbox 481 3773 574 3825; x_wconf 72' lang='grc' dir='ltr'><em>Μανε,</em></span> <span class='ocrx_word' id='word_1_279' title='bbox 592 3773 677 3834; x_wconf 85' lang='lat' dir='ltr'><strong>XIII,</strong></span> <span class='ocrx_word' id='word_1_280' title='bbox 692 3786 734 3839; x_wconf 86' lang='lat'>32.</span> <span class='ocrx_word' id='word_1_281' title='bbox 750 3770 898 3824; x_wconf 68' lang='lat' dir='ltr'>-3Matt.</span> <span class='ocrx_word' id='word_1_282' title='bbox 916 3773 1119 3826; x_wconf 90' lang='lat' dir='ltr'><strong>XXIV-XXV.</strong></span> <span class='ocrx_word' id='word_1_283' title='bbox 1131 3805 1165 3811; x_wconf 88' lang='lat'>-—</span> 
     </span>
     <span class='ocr_line' id='line_1_36' title="bbox 58 3852 1165 3929; baseline -0.004 -13"><span class='ocrx_word' id='word_1_284' title='bbox 58 3864 193 3927; x_wconf 72' lang='lat' dir='ltr'>‘Petav.,</span> <span class='ocrx_word' id='word_1_285' title='bbox 212 3861 296 3928; x_wconf 77' lang='lat' dir='ltr'>LXI,</span> <span class='ocrx_word' id='word_1_286' title='bbox 315 3878 340 3915; x_wconf 87' lang='lat' dir='ltr'>c.</span> <span class='ocrx_word' id='word_1_287' title='bbox 360 3875 382 3925; x_wconf 92' lang='lat'>1,</span> <span class='ocrx_word' id='word_1_288' title='bbox 400 3877 428 3912; x_wconf 90' lang='lat' dir='ltr'>n.</span> <span class='ocrx_word' id='word_1_289' title='bbox 448 3873 486 3928; x_wconf 82' lang='lat'>15.</span> <span class='ocrx_word' id='word_1_290' title='bbox 501 3890 536 3897; x_wconf 95' lang='lat'><em>-</em></span> <span class='ocrx_word' id='word_1_291' title='bbox 553 3852 689 3911; x_wconf 71' lang='lat' dir='ltr'>‘&#39;Novem</span> <span class='ocrx_word' id='word_1_292' title='bbox 708 3859 800 3911; x_wconf 89' lang='lat' dir='ltr'>varias</span> <span class='ocrx_word' id='word_1_293' title='bbox 820 3858 1064 3927; x_wconf 89' lang='lat' dir='ltr'>interpretationes</span> <span class='ocrx_word' id='word_1_294' title='bbox 1083 3860 1165 3929; x_wconf 93' lang='lat' dir='ltr'>hujus</span> 
     </span>
     <span class='ocr_line' id='line_1_37' title="bbox 58 3945 1083 4015; baseline -0.004 -13"><span class='ocrx_word' id='word_1_295' title='bbox 58 3947 150 4002; x_wconf 71' lang='lat' dir='ltr'>textus</span> <span class='ocrx_word' id='word_1_296' title='bbox 163 3951 293 4000; x_wconf 81' lang='lat' dir='ltr'>recenset</span> <span class='ocrx_word' id='word_1_297' title='bbox 305 3946 423 4009; x_wconf 74' lang='lat' dir='ltr'>poterell,</span> <span class='ocrx_word' id='word_1_298' title='bbox 439 3964 483 4015; x_wconf 90' lang='lat' dir='ltr'>op.</span> <span class='ocrx_word' id='word_1_299' title='bbox 498 3946 544 3999; x_wconf 88' lang='lat' dir='ltr'>cit.</span> <span class='ocrx_word' id='word_1_300' title='bbox 561 3963 586 4014; x_wconf 90' lang='lat' dir='ltr'>p.</span> <span class='ocrx_word' id='word_1_301' title='bbox 601 3961 725 4015; x_wconf 83' lang='lat'>424·433.</span> <span class='ocrx_word' id='word_1_302' title='bbox 766 3947 798 3998; x_wconf 91' lang='lat' dir='ltr'>In</span> <span class='ocrx_word' id='word_1_303' title='bbox 812 3947 899 3997; x_wconf 69' lang='lat' dir='ltr'>Mart.</span> <span class='ocrx_word' id='word_1_304' title='bbox 917 3946 1023 4012; x_wconf 90' lang='lat' dir='ltr'><strong>XXIV,</strong></span> <span class='ocrx_word' id='word_1_305' title='bbox 1041 3945 1083 4014; x_wconf 83' lang='lat'>36.</span> 
     </span>
    </p>

    <p class='ocr_par' dir='ltr' id='par_1_10' title="bbox 55 4032 1164 4358">
     <span class='ocr_line' id='line_1_38' title="bbox 91 4032 1161 4102; baseline -0.001 -16"><span class='ocrx_word' id='word_1_306' title='bbox 91 4033 158 4086; x_wconf 69' lang='lat' dir='ltr'>‘Ch</span> <span class='ocrx_word' id='word_1_307' title='bbox 174 4034 203 4086; x_wconf 80' lang='lat' dir='ltr'>S.</span> <span class='ocrx_word' id='word_1_308' title='bbox 217 4032 314 4086; x_wconf 80' lang='lat' dir='ltr'>Titum.</span> <span class='ocrx_word' id='word_1_309' title='bbox 326 4050 352 4102; x_wconf 91' lang='lat' dir='ltr'>q.</span> <span class='ocrx_word' id='word_1_310' title='bbox 368 4033 424 4102; x_wconf 84' lang='lat'><strong>7·8;</strong></span> <span class='ocrx_word' id='word_1_311' title='bbox 445 4035 561 4098; x_wconf 76' lang='lat' dir='ltr'>Suarea,</span> <span class='ocrx_word' id='word_1_312' title='bbox 576 4033 646 4100; x_wconf 89' lang='lat' dir='ltr'>disp.</span> <span class='ocrx_word' id='word_1_313' title='bbox 661 4033 896 4095; x_wconf 84' lang='lat' dir='ltr'>XV111-XX111;</span> <span class='ocrx_word' id='word_1_314' title='bbox 911 4033 1078 4086; x_wconf 79' lang='lat' dir='ltr'>Salmantir.</span> <span class='ocrx_word' id='word_1_315' title='bbox 1090 4032 1161 4101; x_wconf 92' lang='lat' dir='ltr'>disp.</span> 
     </span>
     <span class='ocr_line' id='line_1_39' title="bbox 56 4118 1162 4188; baseline -0.001 -15"><span class='ocrx_word' id='word_1_316' title='bbox 56 4118 216 4182; x_wconf 87' lang='lat' dir='ltr'>xt1-xv1;</span> <span class='ocrx_word' id='word_1_317' title='bbox 234 4119 381 4185; x_wconf 74' lang='lat' dir='ltr'>petavius,</span> <span class='ocrx_word' id='word_1_318' title='bbox 394 4119 409 4173; x_wconf 90' lang='grc' dir='ltr'>Ι,</span> <span class='ocrx_word' id='word_1_319' title='bbox 425 4122 478 4187; x_wconf 88' lang='lat' dir='ltr'>xl,</span> <span class='ocrx_word' id='word_1_320' title='bbox 497 4137 519 4173; x_wconf 91' lang='lat' dir='ltr'>c.</span> <span class='ocrx_word' id='word_1_321' title='bbox 536 4133 609 4188; x_wconf 82' lang='lat'><strong>5·12;</strong></span> <span class='ocrx_word' id='word_1_322' title='bbox 629 4121 770 4188; x_wconf 76' lang='lat' dir='ltr'>Legrand,</span> <span class='ocrx_word' id='word_1_323' title='bbox 784 4120 850 4172; x_wconf 82' lang='lat' dir='ltr'>diss</span> <span class='ocrx_word' id='word_1_324' title='bbox 868 4120 916 4185; x_wconf 88' lang='lat' dir='ltr'>IX,</span> <span class='ocrx_word' id='word_1_325' title='bbox 937 4137 961 4172; x_wconf 90' lang='lat' dir='ltr'>a.</span> <span class='ocrx_word' id='word_1_326' title='bbox 976 4135 1003 4183; x_wconf 78' lang='lat'>23</span> <span class='ocrx_word' id='word_1_327' title='bbox 1024 4121 1162 4186; x_wconf 80' lang='lat' dir='ltr'>Billuart,</span> 
     </span>
     <span class='ocr_line' id='line_1_40' title="bbox 55 4204 1164 4277; baseline -0.001 -16"><span class='ocrx_word' id='word_1_328' title='bbox 55 4207 131 4275; x_wconf 89' lang='lat' dir='ltr'>disp.</span> <span class='ocrx_word' id='word_1_329' title='bbox 149 4204 303 4274; x_wconf 88' lang='lat' dir='ltr'><strong>VIII-IX;</strong></span> <span class='ocrx_word' id='word_1_330' title='bbox 323 4207 468 4277; x_wconf 73' lang='lat' dir='ltr'>Stenlrup,</span> <span class='ocrx_word' id='word_1_331' title='bbox 488 4207 525 4259; x_wconf 90' lang='lat' dir='ltr'>th.</span> <span class='ocrx_word' id='word_1_332' title='bbox 548 4221 590 4271; x_wconf 77' lang='lat'>74,</span> <span class='ocrx_word' id='word_1_333' title='bbox 610 4208 711 4272; x_wconf 83' lang='lat'>77·84;</span> <span class='ocrx_word' id='word_1_334' title='bbox 730 4207 893 4272; x_wconf 79' lang='lat' dir='ltr'>Franaelin,</span> <span class='ocrx_word' id='word_1_335' title='bbox 913 4208 950 4260; x_wconf 90' lang='lat' dir='ltr'>th.</span> <span class='ocrx_word' id='word_1_336' title='bbox 972 4222 1025 4272; x_wconf 75' lang='lat'>413</span> <span class='ocrx_word' id='word_1_337' title='bbox 1045 4208 1164 4275; x_wconf 83' lang='lat' dir='ltr'>Hrrrter,</span> 
     </span>
     <span class='ocr_line' id='line_1_41' title="bbox 56 4302 214 4358; baseline 0.006 -1"><span class='ocrx_word' id='word_1_338' title='bbox 56 4307 85 4342; x_wconf 83' lang='lat'>¹¹·</span> <span class='ocrx_word' id='word_1_339' title='bbox 106 4302 158 4357; x_wconf 83' lang='lat'>579</span> <span class='ocrx_word' id='word_1_340' title='bbox 172 4305 214 4358; x_wconf 74' lang='lat' dir='ltr'>Sq-</span> 
     </span>
    </p>
   </div>
   <div class='ocr_carea' id='block_1_9' title="bbox 0 0 1346 4634">
    <p class='ocr_par' dir='ltr' id='par_1_11' title="bbox 0 0 1346 4634">
     <span class='ocr_line' id='line_1_42' title="bbox 0 0 1346 4634; baseline 0 2"><span class='ocrx_word' id='word_1_341' title='bbox 0 0 1346 4634; x_wconf 95' lang='lat' dir='ltr'> </span> 
     </span>
    </p>
   </div>
  </div>
 </body>
</html>
