2684 4634
131 193 197 245 610
575 189 715 240 caput·
729 189 785 238 ut.

131 373 318 450 concurrit;
341 373 433 453 atqui
450 374 497 433 ita
511 374 554 434 de
571 372 607 433 B.
624 372 783 452 Virgine;
806 391 885 432 nam
905 372 1083 434 concurrit
1100 373 1145 433 ad
1162 372 1237 432 salu-

132 489 201 541 tem
224 491 374 542 nostram
395 477 513 557 triplici
538 477 661 538 modo:
686 476 737 555 (a)
761 495 828 536 non
851 475 961 536 solum
975 475 1117 556 physice
1138 477 1236 538 conci-

133 579 256 662 piendo
265 590 299 642 et
311 579 474 661 pariendo
485 578 694 641 Salvatorem
706 588 866 650 nostrum,
875 578 934 638 sed
947 579 1055 638 etiam
1066 578 1235 650 moraliter,

132 693 203 744 tum
234 701 434 744 consensum
464 681 646 761 praebendo
674 679 915 741 lncarnationis
943 681 1122 759 mysterio,
1146 680 1233 760 juxta

132 783 234 846 illud:
256 791 272 814 ‘⁴
286 783 375 845 Ecce
390 783 512 845 ancilla
528 783 666 844 Domini
680 805 688 857 ;
711 781 769 843 fiat
792 781 874 843 mihi
896 784 1089 845 secundum
1106 785 1229 846 verbum

132 896 226 948 tuum
240 888 280 965 '';
310 899 381 949 tum
413 886 546 949 Christo
576 887 609 947 in
641 905 739 947 cruce
769 884 944 946 immolato
978 887 1229 966 compatiend0;

132 989 182 1069 (b)
199 990 296 1052 nobis
319 989 480 1051 merendo
493 990 535 1051 de
545 1010 684 1069 congruo
706 989 830 1069 gratias
851 988 895 1049 ad
918 988 1067 1050 salutern
1093 1011 1226 1052 necessa-

132 1092 204 1153 rias.
252 1093 366 1154 Patres
381 1093 471 1153 enim
486 1092 610 1154 docent
626 1091 769 1152 Mariam
781 1089 825 1151 ad
837 1099 988 1152 nostram
1001 1091 1150 1153 salutem
1165 1112 1224 1154 con·
1260 1094 1262 1137 ἰ

132 1196 280 1269 currisse,
317 1195 402 1256 sicut
440 1194 514 1255 Eva
551 1195 593 1256 ad
634 1203 781 1255 nostram
827 1193 958 1254 ruinam
1002 1205 1224 1257 concurrerat?

131 1293 302 1358 “Audirix
333 1297 461 1376 peccati
493 1295 575 1370 Eva,
602 1293 733 1358 audirix
764 1295 872 1357 meriti
902 1295 1014 1357 Maria
1026 1296 1067 1374 ”3
1099 1297 1148 1378 (c)
1170 1296 1222 1358 effi-

130 1398 253 1460 caciter
280 1399 524 1479 interpellando
551 1400 583 1460 in
612 1398 697 1460 coelo
722 1399 765 1460 ad
796 1397 999 1459 obtinendas
1026 1401 1153 1480 gratias
1176 1419 1221 1480 pro

131 1500 228 1563 nobis
242 1521 251 1577 ;
281 1502 371 1582 quod
403 1501 513 1581 colligi
545 1512 656 1582 potest
687 1521 731 1561 ex
763 1500 959 1580 Evangelio
989 1522 1035 1562 ex
1067 1523 1110 1564 eo
1140 1501 1219 1583 quod.
1260 1533 1262 1537 r

131 1605 233 1685 ipsius
246 1605 423 1685 praesentia
436 1604 608 1666 Elisabeth
621 1614 655 1666 et
666 1604 699 1667 S.
711 1605 859 1685 Joannes
871 1603 1028 1684 Baptista
1040 1604 1218 1668 sanctificati

131 1705 252 1768 suerint
266 1719 287 1781 ¹,
310 1718 353 1781 et,
375 1707 493 1768 eadem
516 1717 665 1787 rogante,
681 1707 825 1787 primum
849 1707 1048 1768 miraculum
1072 1716 1219 1789 patratum

132 1808 226 1872 suerit
237 1822 272 1886 2;
294 1830 372 1872 nam
389 1811 416 1872 si
433 1819 529 1872 tanta
552 1820 701 1891 potestas
717 1809 780 1889 ipsi
796 1809 875 1870 data
891 1807 990 1870 suerit
1007 1810 1041 1871 in
1059 1815 1153 1885 terra,
1168 1827 1217 1870 non

133 1913 250 1974 minori
273 1923 361 1976 certe
381 1913 506 1994 gaudet
530 1914 563 1974 in
585 1912 679 1974 coelo.
728 1912 801 1973 lmo
822 1911 918 1972 multi
941 1911 1093 1992 theologi
1117 1913 1217 1974 docent

133 2014 257 2076 nullam
274 2016 417 2096 gratiam
434 2016 504 2077 dari
521 2016 565 2077 de
581 2013 670 2077 facto
686 2015 756 2076 sine
772 2014 844 2093 ejus
863 2015 1102 2078 intercessione
1113 2029 1136 2092 3,
1150 2016 1217 2097 quia,

132 2119 299 2199 inquiunt,
322 2119 476 2181 convenit
499 2128 536 2181 ut
560 2119 666 2193 Deus,
688 2117 744 2199 qui
768 2137 826 2198 per
849 2117 992 2178 Mariam
1021 2119 1119 2181 nobis
1145 2117 1218 2182 dedit

132 2217 310 2293 Christum,
326 2218 453 2280 fontem
470 2219 594 2298 gratiae,
612 2238 670 2298 per
689 2219 801 2299 Ipsam
825 2219 927 2280 etiam
951 2221 1078 2299 gratias
1095 2215 1217 2302 particu-

133 2321 215 2381 lares
231 2320 411 2399 dispenset,
427 2340 502 2399 quae
518 2321 656 2400 singulis
672 2321 863 2383 hominibus
879 2324 1130 2387 conceduntur:
1153 2323 1218 2387 “Sic
1260 2357 1262 2409 ;

132 2432 182 2482 est
194 2421 347 2483 voluntas
360 2422 439 2500 ejus,
449 2422 504 2503 qui
517 2432 624 2484 totum
638 2444 699 2485 nos
709 2424 831 2486 habere
843 2425 948 2486 voluit
961 2446 1020 2505 per
1033 2427 1173 2490 Mariam
1183 2427 1218 2484 '’4.
1260 2412 1262 2417 ¹

133 2524 294 2586 Attamen
312 2524 458 2587 latentur
473 2526 717 2588 invocationem
732 2527 766 2589 B.
781 2527 898 2588 Mariae
912 2548 977 2590 non
996 2549 1069 2591 csse
1086 2531 1219 2593 absolute

132 2628 351 2689 necessariam
368 2629 411 2689 ad
428 2627 580 2701 salutem,
593 2649 695 2709 quum
712 2630 819 2709 gratia
835 2627 959 2690 dircite
976 2651 995 2691 a
1013 2631 1149 2695 Christo
1165 2633 1219 2695 Me-

131 2733 259 2794 diatore
283 2731 442 2812 postulari
467 2733 594 2812 possit;
627 2732 684 2791 sed
709 2731 816 2791 solum
841 2731 937 2792 valde
961 2733 1088 2808 utilem,
1114 2736 1220 2797 scilicet

117 2855 203 2923 ‚esse
218 2835 306 2895 viam
324 2834 466 2908 brevem,
483 2843 673 2914 promptam
698 2842 731 2893 ct
754 2852 904 2893 securam
921 2834 962 2895 ad
980 2837 1125 2913 gratiam
1148 2839 1221 2900 ideo·

131 2958 195 3016 que
211 2936 353 2998 salutem
371 2937 589 2998 obtinendam
602 2948 622 2996 5.

166 3087 173 3107 ¹
188 3076 253 3126 Luc.
271 3075 291 3139 1,
306 3086 395 3141 39-45.
412 3104 446 3110 —
459 3070 540 3138 Ἴσα,
558 3072 597 3132 ΙΙ,
614 3085 685 3136 3-10.

90 3205 99 3210 -
165 3159 175 3187 ⁵²
189 3158 277 3212 Recte
290 3158 488 3211 animadvertit
495 3158 528 3224 J.
545 3157 584 3208 H.
601 3156 742 3208 Neminem
761 3171 795 3208 ex
812 3155 867 3209 hoc
883 3173 939 3209 non
958 3159 1038 3226 sequi
1057 3162 1165 3215 nullam
1176 3179 1227 3231 gra-

131 3248 198 3299 tiam
212 3245 272 3298 dari
286 3245 347 3298 sine
360 3262 474 3303 recursu
487 3245 524 3296 ad
540 3244 679 3296 Mariam:
699 3243 759 3294 haec
774 3243 850 3295 enim
863 3242 1037 3300 intercedere
1048 3259 1143 3316 potest
1153 3251 1228 3304 etiam

131 3350 180 3402 pro
191 3332 231 3384 eis
246 3332 290 3401 qui
306 3332 419 3384 adeam
433 3347 490 3383 non
504 3340 672 3398 precantur:
693 3330 710 3355 “
725 3330 864 3382 Dominus
881 3341 976 3385 noster
989 3350 1040 3401 pro
1055 3338 1176 3404 paganis
1189 3336 1229 3406 qui

130 3436 195 3474 eum
209 3419 376 3486 ignorabant
389 3427 515 3470 mortuus
529 3427 580 3478 est,
595 3427 622 3468 et
641 3416 701 3484 ejus
723 3417 817 3469 Mater
835 3433 885 3484 pro
905 3418 1065 3474 christianis
1079 3435 1176 3478 exorat
1189 3425 1230 3494 qui

130 3523 194 3560 eam
209 3505 346 3573 ignorant.
389 3506 454 3572 Ipsa
464 3504 544 3573 juxta
558 3503 604 3555 filii
625 3503 667 3555 sui
687 3503 860 3556 voluntatem
880 3504 1028 3560 intercedit
1047 3520 1075 3562 et
1095 3526 1161 3564 curn
1182 3513 1233 3565 Hic

130 3593 252 3646 animant
266 3593 292 3644 in
307 3591 466 3660 particulari
480 3591 537 3644 vult
552 3591 660 3643 salvam
672 3590 775 3652 iacere,
792 3589 887 3643 statim
902 3609 951 3660 pro
970 3594 1005 3646 ea
1024 3612 1123 3661 preces
1137 3598 1232 3653 fundit,

132 3679 209 3732 Licet
223 3679 346 3740 obvium,
360 3678 446 3730 immo
460 3678 583 3747 prudens
598 3676 633 3730 sit
647 3677 709 3744 (pro
723 3676 755 3729 iis
770 3676 816 3744 qui
830 3678 867 3730 ab
881 3679 1010 3733 Ecclesia
1023 3681 1100 3736 dotti
1115 3686 1176 3753 ejus
1190 3705 1234 3755 po·

131 3768 247 3820 tentiam
261 3764 382 3830 norunt),
397 3764 434 3817 ad
447 3765 506 3833 ejus
521 3763 707 3831 patrocinium
722 3763 884 3831 confugere,
897 3765 1081 3821 nihilominus
1101 3771 1236 3838 pietatem

131 3854 157 3905 in
175 3852 295 3905 Mariam
308 3870 370 3906 esse
382 3851 573 3905 conditionem
584 3854 643 3904 sine
653 3851 709 3919 quil
720 3869 776 3903 non
787 3853 884 3904 salutis
895 3862 1018 3915 aeternae,
1031 3855 1167 3911 affirmari
1181 3876 1235 3913 non

131 3951 222 4007 potest
233 3941 252 3991 ''.
290 3938 396 4005 (ltiffic.
414 3939 444 3990 of
454 3939 573 4005 Anghc„
590 3939 642 3990 vol.
660 3941 697 4005 ll,
718 3938 793 3999 1888,
808 3955 833 4006 p.
853 3938 988 4006 105·106.)

164 4022 212 4074 ⁴8.
230 4022 403 4086 inmoratus,
422 4022 509 4073 Serm.
528 4020 555 4073 in
572 4022 637 4074 Nat.
657 4024 688 4074 B.
707 4022 815 4077 Mariae.

164 4105 255 4159 lSunt
269 4108 314 4175 qui
329 4108 503 4159 contendant
518 4106 690 4174 impossibile
704 4110 820 4163 omnino
834 4127 897 4165 esse
912 4113 943 4164 B.
960 4113 1086 4180 Virginis
1100 4119 1237 4174 cultorem

128 4194 271 4259 ‹lamnari3
285 4205 328 4248 est
342 4193 456 4263 quidem
469 4199 528 4264 spes
543 4211 645 4264 Μαρια
659 4197 810 4262 neminem,
821 4198 867 4266 qui
882 4199 906 4251 ei
919 4198 964 4266 pie
978 4217 1011 4253 ac
1022 4218 1239 4270 perseveranter

116 4284 281 4351 tnnnlarnr,
299 4285 458 4358 petiturum
472 4303 479 4355 ¹,
499 4284 552 4341 sed
567 4283 732 4351 t'rtfrtllibilt's
745 4284 1168 4350 resipiscentiaapeccatorvel
1179 4312 1238 4360 per.

17 4548 171 4588 A
