2684 4634
438 165 772 216 PROLEGOMENA.
1099 168 1159 216 177

49 353 174 408 natura
189 345 353 427 siquidem
370 346 450 409 nihil
467 346 556 410 aliud
573 357 624 409 est
640 348 701 409 nisi
717 340 862 410 essentia
878 347 940 410 sub
956 348 1087 411 diverso
1111 369 1158 410 re-

50 447 170 530 spedtu
187 450 406 526 considerata,
421 450 576 514 videlicet
593 452 736 513 essentia
752 460 802 514 est
810 452 1012 532 principium
1028 452 1159 527 essendi,
1186 443 1187 447 ¹

51 563 85 614 et
102 561 225 615 natura
241 562 291 615 est
299 553 499 634 principium
515 554 676 634 operandi.

98 669 145 736 15.
193 656 243 738 (c)
260 657 454 720 Substantia
468 657 502 738 (a
517 658 653 720 vocibus
668 657 726 719 snb
741 657 841 738 stare)
858 666 908 719 est
924 679 973 721 res
988 659 1041 719 cni
1054 679 1159 719 conve-

54 758 106 821 nit
126 779 193 821 esse
216 759 251 821 in
272 781 313 835 se,
334 770 365 823 et
386 782 448 823 non
473 762 506 822 in
529 761 602 823 alio,
650 763 687 822 In
713 762 809 823 rebus
832 763 950 823 creatis
974 763 1159 824 substantia

54 863 238 943 opponitur
251 863 471 940 accidentibus,
483 863 603 944 quibus
615 865 771 925 convenit
785 884 857 925 esse
873 865 904 926 in
919 864 984 926 alio
1000 874 1158 944 tanquam
1193 861 1206 882 ⁶

56 965 88 1025 in
104 963 277 1044 subjett03
303 987 330 1028 v.
347 987 376 1047 g,
395 967 427 1027 in
444 966 580 1028 homine
602 967 790 1028 substantia
814 976 865 1028 est
890 966 970 1028 illud
996 967 1160 1041 intimum,

58 1069 146 1148 quod
172 1068 406 1130 absconditum
433 1069 599 1131 invenitur
621 1069 683 1130 sub
710 1069 935 1131 accidentibus
959 1069 1103 1149 corporis
1127 1078 1161 1130 et

58 1172 180 1235 animae
196 1180 230 1233 et
245 1192 284 1233 ea
299 1181 473 1235 sustentat.
521 1172 558 1232 ln
577 1171 651 1232 Deo
667 1182 778 1234 autem
796 1171 886 1232 nulla
909 1181 986 1234 sunt
1010 1171 1159 1232 acciden-

59 1274 112 1350 tia,
129 1295 170 1337 ac
183 1275 324 1355 proinde
347 1275 534 1338 substantia
559 1256 639 1335 nihil
663 1274 752 1337 aliud
778 1285 829 1337 est
854 1276 915 1337 nisi
941 1277 1093 1350 essentia,
1108 1272 1160 1335 vel

59 1388 187 1453 natura,
211 1388 372 1458 quatenus
394 1380 622 1443 consideratur
644 1386 680 1439 ut
702 1378 736 1440 in
760 1399 792 1439 se
815 1379 975 1440 exsistens.
1023 1378 1061 1438 In
1087 1377 1161 1438 Deo

59 1481 200 1560 proinde
216 1483 367 1559 essentia,
383 1491 501 1544 natura
516 1490 549 1543 et
565 1481 751 1544 substantia
768 1502 833 1543 non
850 1481 1006 1544 differunt
1023 1481 1160 1552 realiter,

58 1584 115 1645 sed
132 1583 243 1645 solum
261 1585 380 1647 diversi
397 1595 474 1647 sunt
486 1581 639 1665 aspeitus
651 1583 713 1646 sub
725 1585 844 1665 quibus
856 1585 1083 1646 consideratur
1095 1603 1161 1644 una

58 1697 91 1749 et
107 1689 229 1750 eadem
246 1708 317 1766 res;
344 1690 440 1752 unica
457 1690 556 1770 igitur
571 1695 621 1750 est
637 1689 789 1763 essentia,
806 1689 904 1749 unica
921 1697 1048 1763 natura,
1064 1687 1161 1748 unica

58 1791 256 1855 substantia.

103 1928 150 1992 16.
198 1929 260 2011 (B)
275 1931 354 1992 Tria
370 1939 447 1992 sunt
462 1931 644 2012 praesertim
660 1928 861 2010 explicanda
877 1928 978 1990 relate
994 1928 1035 1989 ad
1052 1939 1161 2008 perso·
1204 1917 1205 1921 ¹

59 2031 256 2095 nalitatnn:
278 2034 371 2095 notio
386 2033 638 2115 personalitatis,
655 2029 824 2095 distinttio
845 2033 929 2093 inter
951 2041 1103 2094 naturam
1128 2041 1161 2093 et

60 2154 249 2217 personam,
265 2138 358 2199 notio
373 2158 523 2219 personae
539 2139 572 2199 in
590 2138 672 2199 Deo.

62 2236 111 2318 (a)
127 2237 339 2303 Vocabulum
348 2250 488 2320 persona
503 2240 691 2304 traduttum
708 2242 838 2304 videtur
860 2262 904 2303 ex
929 2240 979 2302 his
1003 2243 1160 2322 personis,

60 2357 136 2417 quae
153 2342 186 2402 in
203 2343 376 2405 comoediis
392 2345 630 2427 tragoediisque
646 2345 791 2407 famosos
807 2344 959 2406 homines
982 2365 1160 2424 repraesen-

60 2443 190 2520 tabant,
205 2455 239 2507 et
254 2467 274 2508 a
290 2446 414 2510 Graecis
431 2445 576 2532 πρόσωπα
588 2449 806 2524 vocabantur;
830 2449 953 2510 exinde
963 2447 1025 2509 hoc
1039 2468 1159 2508 nomen

61 2546 257 2628 impositum
273 2559 324 2612 est
340 2552 382 2613 ad
399 2549 655 2631 significandum
672 2551 800 2631 aliquos
816 2551 1014 2630 dignitatem
1037 2550 1160 2611 haben-

60 2659 127 2728 tes;
154 2661 188 2713 et
203 2653 280 2732 quia
297 2673 427 2735 magnae
443 2654 616 2735 dignitatis
632 2665 682 2717 est
696 2654 881 2718 dominium
894 2654 1016 2715 habere
1028 2673 1159 2714 suorum

60 2751 208 2832 attuum,
224 2756 299 2820 ideo
314 2778 413 2829 omne
430 2758 636 2820 individuum
654 2757 822 2841 rationalis
835 2766 1003 2825 naturaeet
1016 2757 1064 2817 sui
1078 2755 1160 2835 juris

60 2877 206 2938 persona
220 2858 346 2924 diuum
362 2871 440 2945 est1.
486 2862 632 2923 Persona
647 2862 747 2942 igitur
768 2870 818 2922 est
842 2860 1038 2940 principium
1062 2861 1160 2920 ratio-

61 2961 138 3024 nale
154 2963 242 3042 qnod
252 2966 330 3046 agit,
345 2975 378 3039 et
392 2966 447 3027 cui
459 2966 649 3029 tribuuntur
664 2973 697 3026 et
713 2965 919 3043 imputantur
933 2982 1048 3023 omnes
1061 2961 1160 3024 aitio-

61 3085 121 3127 nes
138 3067 182 3128 ab
198 3068 270 3150 ipso
285 3053 412 3146 elicitae,
429 3071 476 3132 ita
492 3079 528 3132 ut
543 3088 619 3131 vere
635 3068 678 3129 sit
693 3065 917 3128 attributionis
932 3075 963 3127 et
976 3065 1160 3144 imputatio.

61 3167 113 3230 nis
145 3179 296 3234 centrum.
343 3172 508 3234 Definitur
538 3191 557 3232 a
586 3171 738 3233 Bonna·
772 3174 926 3230 “naturae
956 3169 1160 3230 rationabilis

61 3271 235 3334 individua
251 3273 467 3350 substantia'',
483 3273 538 3337 ubi
563 3295 630 3335 vox
656 3257 830 3335 individua
849 3273 1070 3334 substantiam
1095 3274 1160 3333 sin-

60 3373 222 3453 gularem,
231 3376 432 3459 completam
441 3387 476 3439 et
488 3376 538 3439 sui
546 3376 628 3457 juris
638 3377 797 3458 designat
845 3378 989 3438 Persona
998 3376 1159 3456 siquidem

61 3477 144 3539 nihil
161 3478 252 3543 aliud
267 3489 318 3543 est
334 3480 396 3542 nisi
411 3481 609 3563 suppositum
626 3479 790 3541 rationale.
836 3480 993 3560 Jamvero
1010 3480 1160 3559 supposi-

60 3591 134 3643 tum
152 3591 203 3644 est
218 3583 405 3649 substantia
421 3582 606 3664 singularis,
619 3581 795 3671 completa,
811 3591 844 3644 et
868 3583 1160 3645 incommunicabi-

60 3685 138 3748 liter
152 3686 345 3763 subsistenS,
360 3708 417 3751 seu
434 3688 484 3753 sui
497 3687 587 3769 juris.
636 3687 725 3749 Hinc
738 3708 879 3768 persona
891 3685 1018 3748 definiri
1031 3696 1160 3768 potest:

58 3790 246 3861 substantia
259 3791 446 3872 singnlan's,
460 3792 618 3872 conzpletn,
629 3791 790 3871 suijuris,
801 3799 833 3852 et
843 3790 1001 3852 intelleiin
1009 3791 1160 3870 prndita.

61 3893 197 3961 Dicitur
213 3894 405 3961 'substantia
428 3894 617 3975 singularis,
632 3895 710 3974 quia
733 3894 928 3957 substantiae
953 3893 1161 3970 universales,

60 4011 97 4062 ut
114 3998 317 4074 humanitas
332 3999 464 4063 nonnisi
488 3999 520 4060 in
546 3996 716 4060 abstraito
740 3997 916 4071 exsistunt,
940 4017 999 4057 nec
1023 3998 1161 4077 proinde

94 4204 102 4228 ¹
117 4195 163 4249 Cf.
181 4197 210 4249 S.
229 4195 324 4250 Thone.
340 4195 363 4264 Ι,
376 4213 402 4266 q.
419 4209 460 4264 29,
477 4213 502 4249 a.
520 4211 544 4264 3,
560 4195 595 4249 ad
611 4211 635 4250 2.

93 4279 105 4313 ⁸
120 4283 183 4336 Lib.
200 4283 236 4337 de
249 4283 357 4347 duabus
370 4283 484 4350 naturis,
498 4283 514 4336 l.
530 4284 563 4349 V,
577 4299 601 4336 c.
617 4283 640 4336 8.

183 4402 308 4449 Sinonis
319 4401 351 4448 11.
364 4425 389 4436 -
403 4414 432 4447 τε
507 4441 510 4446 .
