2684 4634
524 202 578 250 DE
597 203 709 251 FIDE.
1147 207 1168 257 5

64 372 114 428 siae
128 372 283 430 intellecta
295 383 324 430 et
337 375 469 446 exposita
482 393 543 431 non
557 375 670 446 fuerint,
687 375 732 432 vel
746 374 923 446 opinionum
934 387 1102 440 commenta
1113 395 1167 449 pro

64 459 189 517 rationis
203 461 298 518 effatis
307 461 481 518 habeantur.
520 462 650 520 Omnem
664 462 751 533 igitur
763 462 963 529 assertionem,
978 462 1091 520 veritati
1104 464 1168 520 illu-

65 547 188 604 minatae
208 548 279 605 'fidei
300 547 485 616 contrariam,
509 548 632 606 omnino
652 550 752 606 falsam
773 568 838 606 esse
858 549 1037 608 definimus.¹
1078 551 1167 609 Porro

65 633 214 703 Ecclesia,
238 651 395 705 quaesuna
411 651 480 688 cum
503 635 668 704 apostolico
687 654 810 693 munere
830 637 967 704 docendi,
991 639 1165 696 mandatum

66 719 185 801 accepit
198 718 269 776 fidei
282 718 452 790 depositum
465 721 663 793 custodiendi,
679 725 726 794 jus
739 724 827 781 etiam
842 734 871 781 et
883 724 1012 781 officium
1025 725 1167 783 divinitus

63 805 158 862 habet
171 805 237 862 falsi
251 806 379 863 nominis
394 806 547 863 scientiam
561 811 774 879 proscribendi,
790 830 827 869 ne
847 813 912 884 quis
931 814 1096 887 decipiatur
1114 833 1167 887 per

66 893 301 965 philosophiam,
317 905 346 951 et
359 894 478 950 inanem
493 895 661 955 fallaciam.²
697 900 887 972 Quapropter
899 919 1003 959 omnes
1016 902 1166 959 christiani

65 979 170 1037 fideles
193 981 365 1051 hujusmodi
387 981 551 1053 opiniones
574 1001 641 1054 quae
662 985 731 1043 fidei
757 987 900 1048 doctrinae
923 993 1077 1050 contrariae
1101 1011 1166 1050 esse

65 1069 298 1140 cognoscuntur,
315 1069 441 1140 maxime
454 1070 477 1125 si
490 1069 528 1127 ab
542 1070 676 1129 Ecclesia
689 1075 852 1145 reprobatae
866 1078 979 1150 fuerint,
997 1097 1056 1135 non
1070 1080 1166 1136 solum

66 1155 265 1225 prohibentur
285 1166 426 1228 tanquam
448 1156 594 1227 legitimas
616 1159 747 1218 scientiae
770 1165 975 1223 conclusiones
994 1165 1164 1235 defendere,

66 1244 118 1302 sed
138 1263 199 1317 pro
222 1246 369 1303 erroribus
392 1247 500 1317 potiuS,
521 1245 571 1316 qui
594 1246 728 1304 fallacem
753 1249 881 1308 veritatis
905 1251 1035 1323 speciem
1055 1271 1115 1325 prae
1133 1272 1165 1310 se

67 1332 168 1402 ferant,
182 1333 294 1391 habere
307 1344 444 1391 tenentur
456 1334 586 1390 omnino.
961 1400 963 1405 k

101 1419 214 1491 Neque
226 1421 323 1477 solum
337 1420 411 1479 fides
424 1431 453 1478 et
465 1421 539 1477 ratio
553 1420 628 1477 inter
646 1439 677 1477 se
696 1421 838 1481 dissidere
858 1443 1010 1496 nunquam
1030 1436 1161 1498 possunt,
1192 1462 1226 1492 10,
1243 1447 1340 1492 arderet

68 1505 118 1563 sed
131 1500 225 1578 o'pem
238 1525 360 1579 quoque
374 1505 430 1564 sibi
443 1516 577 1564 mutuam
592 1507 696 1578 ferunt,
713 1526 780 1565 cum
795 1510 874 1567 recta
886 1513 960 1569 ratio
973 1512 1042 1570 fidei
1061 1513 1164 1570 funda·
1191 1508 1265 1608 litatio
1276 1520 1328 1550 mu-

10 1630 14 1669 ς
68 1604 167 1652 menta
179 1596 373 1665 demonstret,
385 1597 508 1666 ejusque
520 1595 633 1652 lumine
642 1595 783 1654 illustrata
792 1615 888 1655 rerum
897 1599 1060 1656 divinarum
1072 1600 1164 1658 scien·
1189 1572 1338 1683 ,filiam

10 1674 15 1751 i
68 1681 136 1738 tiam
150 1684 283 1750 excolat;
302 1683 376 1741 fides
389 1700 458 1740 vero
477 1682 619 1739 rationem
640 1683 678 1739 ab
697 1685 843 1742 erroribus
862 1686 965 1744 liberet
984 1704 1019 1743 ac
1037 1696 1161 1758 tueatur,

10 1762 14 1807 ἓ
31 1804 34 1811 ,
68 1786 195 1841 eamque
208 1770 364 1842 multiplici
378 1770 549 1841 cognitione
562 1770 693 1828 instruat.
731 1772 922 1844 Quapropter
934 1783 1048 1830 tantum
1068 1774 1161 1842 abest,

10 1862 13 1915 ζ
69 1867 98 1913 ut
111 1857 251 1915 Ecclesia
261 1858 460 1916 humanarum
479 1857 584 1914 artium
604 1867 633 1914 et
652 1857 874 1930 disciplinarum
893 1861 1014 1918 culturae
1032 1861 1164 1929 obsistat,

10 1946 19 1977 ²
69 1955 98 2002 ut
110 1945 191 2001 hane
204 1945 305 2002 multis
318 1944 415 2002 modis
427 1946 509 2017 juvet
519 1955 607 2018 atque
617 1957 796 2016 promoveat.
836 1947 905 2004 Non
916 1948 995 2004 enim
1004 1949 1164 2007 commoda

68 2029 150 2089 abiis
164 2032 205 2090 ad
216 2031 370 2088 hominum
383 2032 473 2089 vitam
487 2031 670 2088 dimanantia
682 2043 733 2090 aut
746 2033 860 2104 ignorat
872 2044 923 2092 aut
936 2035 1075 2106 despicit;
1094 2035 1164 2091 fate·

12 2150 23 2203 ἱ
69 2126 110 2174 tur
122 2118 197 2189 imo,
213 2136 271 2188 eas,
284 2119 540 2190 quemadmodum
553 2136 570 2174 a
585 2119 658 2188 Deo,
671 2121 859 2178 scientiarum
875 2122 1014 2191 Domin0,
1023 2123 1164 2195 profectae

10 2210 25 2389 t
68 2216 139 2276 sunt,
158 2206 201 2263 ita
214 2206 237 2262 si
251 2207 305 2264 rite
318 2207 539 2280 pertractentur,
553 2205 592 2262 ad
607 2206 715 2270 Deum,
729 2205 850 2274 juvante
863 2206 926 2275 ejus
945 2205 1044 2277 gratia,
1058 2205 1164 2278 perdu-

66 2378 181 2436 amhitu
194 2379 321 2450 propriis
335 2389 455 2437 utantur
467 2378 619 2452 principiis
633 2388 662 2435 et
675 2377 793 2449 propria
805 2379 950 2436 methodo
958 2399 965 2450 ;
984 2380 1036 2437 sed
1054 2381 1162 2451 justam

67 2463 141 2522 hanc
164 2464 332 2524 libertatem
356 2484 530 2537 agnoscens
551 2465 581 2523 id
600 2464 705 2522 sedulo
723 2473 814 2533 cavet,
838 2482 875 2521 ne
893 2464 1001 2522 divinae
1020 2465 1162 2524 doctrinae

10 2554 14 2587 ²
66 2554 264 2624 repugnando
278 2571 389 2612 errores
403 2555 432 2610 in
446 2573 477 2612 se
491 2552 661 2625 suscipiant,
677 2560 727 2606 aut
741 2550 814 2607 fines
824 2551 958 2622 proprios
969 2562 1162 2623 transgressae,

65 2657 182 2711 eaquae
195 2649 264 2697 sunt
274 2638 355 2709 fidei,
367 2650 515 2713 occupent
528 2651 557 2698 et
570 2638 750 2712 perturbent.

99 2726 211 2797 Neque
224 2726 304 2800 enim
317 2728 386 2785 fidei
408 2727 550 2799 doctrina,
564 2745 654 2799 quam
676 2727 757 2783 Deus
776 2725 922 2794 revelavit,
936 2727 1014 2784 velut
1033 2722 1161 2798 philoso-
1190 2762 1223 2792 11,
1249 2747 1337 2803 Qualis

64 2812 190 2884 phicum
204 2811 357 2871 inventum
371 2815 522 2886 proposita
535 2825 589 2879 est,
604 2814 741 2870 humanis
761 2813 885 2885 ingeniis
904 2815 1094 2886 perficienda,
1110 2813 1163 2875 sed
1192 2815 1328 2911 l’mffe'j'

64 2910 210 2971 tanquam
224 2900 357 2958 divinum
370 2901 547 2973 depositum,
557 2901 667 2960 Christi
678 2902 801 2972 Sponsae
811 2899 924 2971 tradita,
934 2900 1163 2961 fidelitercusto·
1197 2881 1308 2971 enixus,

64 2986 177 3045 dienda
189 2998 220 3045 et
233 2987 421 3053 infallibiliter
433 2988 619 3047 declaranda.
660 2989 743 3044 Hinc
753 3005 901 3044 sacrorum
912 3007 1032 3060 quoque
1043 2989 1163 3062 dogma-

63 3085 126 3131 tum
141 3075 167 3130 is
180 3092 284 3132 sensus
297 3087 441 3147 perpetuo
454 3088 497 3135 est
510 3076 690 3143 retinendus,
703 3093 793 3147 quem
812 3075 904 3134 semel
923 3076 1080 3136 declaravit
1099 3097 1163 3136 san-

63 3160 112 3218 c‘la
125 3161 228 3219 Mater
241 3162 382 3234 Ecclesia,
399 3183 454 3222 nec
468 3182 599 3236 unquam
613 3164 700 3220 abeo
720 3181 817 3232 sensu,
833 3161 942 3219 altioris
962 3163 1163 3235 intelligentiae

63 3248 166 3320 specie
177 3258 206 3306 et
217 3250 346 3318 nomine,
356 3252 565 3311 recedendum.
604 3251 724 3310 Crescat
736 3249 823 3321 igitur
831 3260 859 3306 et
870 3250 996 3308 multum
1005 3251 1162 3311 vehemen-

64 3346 170 3408 terque
184 3336 327 3408 proficr'at,
341 3348 401 3395 tam
415 3339 607 3411 singulorum,
621 3357 710 3409 quam
724 3336 867 3406 omnium,
884 3347 944 3394 tam
963 3338 1050 3395 unius
1070 3339 1162 3397 homi-

63 3424 117 3495 nis,
135 3441 228 3496 quam
242 3424 331 3482 totius
345 3421 495 3498 Ecclesiae,
511 3435 629 3483 aetatum
649 3443 685 3481 ac
703 3425 878 3482 saeculorum
897 3425 1046 3496 gradihus,
1059 3426 1162 3484 intelli-

62 3509 175 3581 gentia,
192 3509 324 3577 scientia,
340 3511 497 3584 sapientia;
517 3512 570 3570 sed
584 3512 613 3569 in
627 3532 680 3571 suo
700 3513 853 3571 dumtaxat
871 3531 987 3584 genere,
1004 3514 1033 3570 in
1054 3517 1162 3574 eodem
1242 3557 1246 3566 -

63 3596 179 3654 scilicet
192 3595 340 3667 dogmate,
355 3597 463 3655 eodem
477 3617 574 3671 sensu,
592 3599 757 3670 eademque
770 3597 936 3657 sententia.³

362 3775 416 3827 12.
438 3752 618 3828 Canones
644 3778 651 3826 :
675 3751 737 3827 De
760 3752 867 3829 Fide.

98 3914 124 3951 r.
166 3893 197 3951 Si
210 3894 277 3965 quis
289 3894 402 3964 dixerit,
414 3894 558 3954 rationem
572 3896 732 3953 humanam
753 3897 792 3954 ita
812 3897 1065 3967 independentem
1085 3918 1158 3971 esse,

65 3992 97 4039 ut
109 3981 186 4040 fides
198 3981 226 4040 ei
239 3999 257 4039 a
271 3983 336 4041 Deo
350 3984 485 4055 imperari
499 4002 559 4040 non
573 3984 680 4055 possit3
694 3985 851 4042 anathema
865 3986 908 4042 sit.

100 4186 107 4208 ¹
123 4179 206 4236 Conc.
215 4181 291 4248 Lar,
306 4181 387 4234 Bulla
399 4183 558 4251 apostolici
568 4184 732 4253 Regr'rnr'nis.
745 4214 778 4220 --
791 4187 801 4210 ²
813 4183 915 4236 Colosr.
932 4185 969 4251 ΙΙ,
982 4185 1006 4237 8.
1020 4191 1071 4221 —³
1086 4186 1159 4238 Vinc.

68 4271 174 4338 Lirin„
188 4265 366 4328 Commonit..
380 4286 406 4322 n.
420 4271 461 4322 28.
