2684 4634
479 190 533 240 DE
553 188 747 238 ANGELIS.
1094 181 1157 231 295

12 380 16 417 ³
90 372 160 454 Quos
174 374 272 438 etiam
290 382 530 437 commemorat
545 373 643 435 Plato
660 372 692 432 in
715 371 745 432 T
743 370 833 432 r'raceo
845 368 983 448 aliisque
996 365 1158 447 operibus

88 478 246 544 lllaautem
258 480 372 561 opinio
384 479 544 559 originem
557 496 651 538 suam
665 476 763 538 duxit
776 495 795 535 a
806 472 971 554 primitiva
982 469 1159 531 traditione

84 580 114 644 de
126 584 300 646 existentia
317 582 544 663 Angelorum:
569 599 748 642 consensus
770 578 858 640 enirn
882 586 950 638 tam
972 574 1158 635 communis

82 694 106 746 et
117 665 267 749 constans
284 687 325 747 de
342 707 376 748 re
392 705 500 765 perse
517 704 582 745 non
600 682 756 755 evidenti,
773 680 903 743 nonnisi
925 678 1071 757 antiquae
1094 687 1157 738 tra·

79 789 196 851 ditionis
211 789 387 869 vestigium
405 809 476 850 esse
493 797 611 870 potest.

107 929 149 1006 58.
197 928 247 1010 (b)
269 928 393 990 Tradit.
410 925 597 990 clrrz'str'anrl.
623 928 657 988 S.
668 926 841 1008 surtinus1
859 924 958 985 dicit:
982 922 1158 986 “Colimus

74 1033 245 1095 exercitum
261 1029 451 1094 sanctorum
466 1031 685 1112 Angelorum,
701 1029 756 1111 qui
775 1028 849 1089 Deo
865 1026 1033 1101 obediunt,
1047 1036 1080 1088 et
1096 1027 1158 1108 ipsi

72 1136 183 1199 similes
194 1130 274 1199 sunt
282 1137 305 1198 ’'.
350 1137 425 1217 Jarn
438 1136 611 1216 praeiverat
624 1135 658 1196 S.
673 1133 852 1198 Clemerrs².·
875 1129 1158 1192 “Consideremus

70 1241 186 1302 exercit
189 1260 245 1301 um
263 1238 478 1319 Angelorum,
492 1258 548 1318 qur
541 1238 676 1298 'Deum
690 1234 903 1309 circumdant,
916 1242 949 1295 et
961 1232 1031 1312 ejus
1043 1233 1157 1294 volun-

67 1344 119 1404 tati
136 1341 397 1423 obtemperant'l
448 1342 536 1404 Hrnc
555 1341 588 1403 S
605 1339 833 1424 Augustarum
849 1357 917 1400 rem
934 1357 1005 1399 esse
1029 1337 1070 1399 de
1094 1336 1158 1399 fide

11 1504 18 1531 ᾗ
65 1448 197 1509 asserit:
222 1445 400 1526 Angelos
411 1466 482 1506 esse
496 1464 650 1506 novimus
660 1464 705 1507 ex
716 1442 789 1516 fide
799 1450 832 1502 et
845 1439 957 1503 multis
968 1459 1159 1520 apparuisse

11 1544 16 1627 J
64 1548 230 1630 legimus''
277 1548 438 1612 CMLarer
455 1547 515 1610 IV
527 1547 577 1609 hrs
595 1547 701 1609 verbis
714 1566 781 1609 rem
795 1544 1081 1625 definivitz‘Qur
1099 1550 1158 1607 sua

62 1652 283 1733 omnipotenti
299 1651 420 1713 virtute
436 1650 533 1712 simul
559 1650 602 1711 ab
626 1650 719 1710 initio
744 1648 902 1728 temporis
924 1657 1097 1728 utramque
1116 1648 1158 1709 de

61 1751 162 1817 nihilo
180 1753 330 1817 condidit
342 1763 535 1828 creaturam,
548 1751 751 1833 spiritualem
765 1761 798 1814 et
811 1751 1014 1833 corporalem
1029 1775 1034 1812 :
1058 1772 1157 1832 ange-

61 1856 155 1920 licam
174 1856 328 1919 videlicet
350 1865 384 1919 et
405 1856 629 1917 mundanam:
653 1875 691 1916 ac
713 1855 834 1916 deinde
858 1854 1047 1929 humanam,
1064 1856 1157 1934 quasi

10 1952 15 1971 '
62 1980 273 2024 communem
290 1982 333 2022 ex
351 1962 466 2042 spiritu
485 1969 518 2023 et
534 1979 671 2041 corpore
684 1959 928 2021 constitutam''.
976 1960 1013 2021 In
1028 1957 1089 2021 hac
1102 1961 1157 2022 de-

62 2063 219 2139 finitione,
235 2084 254 2124 a
270 2063 383 2126 concil.
410 2063 563 2127 Vaticano
585 2061 787 2135 confirmata,
805 2062 866 2123 tria
889 2072 966 2124 sunt
990 2063 1158 2125 notanda:

62 2167 107 2248 (a)
124 2178 240 2248 aperte
262 2166 416 2231 definitur
437 2158 618 2230 existentia
643 2165 860 2245 Angelorum,
877 2185 914 2226 ac
938 2166 1078 2247 proinde
1102 2166 1158 2229 illa

63 2272 181 2333 veritas
198 2281 249 2334 est
264 2273 307 2334 de
327 2271 409 2348 fide;
432 2270 482 2352 (b)
499 2292 542 2333 ex
567 2270 684 2332 eadem
709 2269 903 2332 delinitione
926 2279 1016 2330 certo
1035 2271 1159 2332 eruitur

10 2354 13 2385 ³
63 2374 213 2455 Angelos
223 2394 294 2436 esse
305 2394 393 2436 mere
403 2373 589 2456 spirituales
598 2397 605 2452 ;
629 2393 705 2433 nam
717 2373 872 2434 asseritur
883 2371 1157 2452 Angelosdistin-

61 2480 114 2557 gui
139 2487 212 2538 tum
233 2494 258 2543 ¹a
279 2479 436 2539 creaturis
462 2476 695 2558 corporalibus,
713 2485 782 2538 tum
808 2477 851 2538 ab
872 2476 1014 2552 homine,
1031 2479 1086 2558 qui
1109 2488 1158 2539 est

61 2580 158 2643 simul
176 2581 356 2661 corporalis
372 2590 406 2643 et
422 2580 617 2662 spiritualis3
641 2580 732 2660 atqui
750 2581 825 2641 talis
838 2578 1008 2643 distinetio
1021 2580 1159 2643 fundata

61 2706 126 2746 non
156 2694 251 2760 esset,
280 2685 306 2746 si
335 2685 457 2767 Angeli
487 2705 552 2745 non
581 2696 692 2745 essent
720 2704 808 2744 mere
836 2683 1037 2764 spirituales;
1071 2706 1157 2765 ergo

61 2789 225 2850 Attamen
238 2789 293 2851 illa
304 2789 422 2851 ultima
432 2810 508 2870 pars
519 2809 584 2849 non
598 2798 648 2850 est
658 2788 700 2849 de
711 2786 784 2862 fide,
795 2788 873 2867 quia
884 2787 1069 2850 Concilium
1080 2789 1157 2850 nihil

59 2892 151 2953 aliud
168 2912 325 2972 expresse
342 2892 446 2954 voluit
458 2891 595 2953 definire
607 2910 708 2971 quam
723 2890 883 2951 unitatem
898 2891 993 2969 primi
1008 2892 1157 2971 principii

58 3004 177 3058 contra
188 2994 399 3057 Manichaeos.
433 2996 480 3076 (c)
493 2995 547 3056 Ex
559 2995 619 3056 hac
631 3004 741 3055 autem
759 2993 950 3055 definitione
966 2995 1030 3055 erui
1046 2997 1158 3075 nequit

60 3095 213 3176 Angelos
230 3097 345 3157 eodem
371 3105 521 3176 tempore
546 3094 646 3157 fuisse
668 3107 795 3158 creatos
820 3116 857 3158 ac
876 3096 1036 3172 homines
1054 3108 1089 3160 ut
1114 3120 1157 3160 ex

57 3199 157 3261 nats
186 3196 216 3261 C.
254 3198 405 3262 Vaticani
430 3198 552 3278 liquet:
587 3218 689 3278 quum
718 3201 805 3261 enim
836 3199 984 3261 nonnulli
1018 3201 1156 3264 Concilii

61 3305 177 3365 Patres
193 3311 393 3382 quaererent:
418 3307 433 3333 ⁸⁶
444 3322 508 3382 quo
521 3300 594 3381 jure
611 3312 775 3363 asseratur
794 3302 941 3382 Angelos
958 3312 991 3363 et
1008 3303 1157 3365 homines

58 3404 158 3467 simul
181 3424 251 3465 esse
271 3413 398 3466 creatos
410 3404 433 3479 ’',
458 3403 637 3466 Consultor
658 3405 835 3466 Frarraelr'a
857 3406 1038 3484 explicavit
1059 3407 1162 3468 simut

58 3506 220 3588 temporis
237 3505 530 3568 simultaneitatem
550 3526 614 3566 non
633 3508 817 3587 importare.
866 3509 993 3568 Revera
1010 3508 1088 3569 illud
1103 3531 1157 3570 vo-

56 3611 214 3677 cabulum
231 3607 415 3688 significare
432 3617 542 3688 potest
552 3611 729 3688 paritatem
745 3610 922 3686 creatiam's,
936 3612 981 3672 ita
994 3620 1030 3672 ut
1043 3632 1157 3673 sensus

56 3715 99 3775 sit
118 3712 230 3774 Deum
246 3730 333 3791 aque
348 3710 499 3790 Angelos
516 3722 548 3772 et
566 3712 717 3774 homines
731 3715 900 3786 creavisse,
917 3723 953 3775 ut
977 3713 1053 3774 alibi
1079 3715 1158 3775 dici-

55 3828 132 3879 tur:
157 3814 250 3896 “Qui
270 3814 348 3875 vivit
366 3815 397 3875 in
415 3825 576 3876 aeternum
594 3817 717 3877 creavit
739 3817 852 3876 omnia
872 3815 976 3876 sirau!
994 3816 1056 3896 (gr.
1075 3819 1157 3893 anui,

55 3923 71 3981 i.
90 3941 118 3982 e.
135 3916 368 3998 aequaliter)'’4.
410 3918 571 3979 Praeterea
588 3921 716 3980 etiamsi
733 3920 835 3980 sr'rrarl
849 3930 883 3980 ut
901 3920 1058 3998 particula
1075 3929 1156 3981 tern-

54 4021 145 4105 poris
162 4020 303 4100 accipiat
307 4040 351 4093 ur,
369 4019 432 4081 hoc
448 4032 498 4083 est
518 4022 653 4083 verbum
672 4023 821 4084 incidens
846 4024 935 4102 quod
959 4022 1020 4082 sub
1043 4022 1156 4083 defini-

522 4148 541 4153 -.
546 4149 751 4156 ----.-..---.
759 4150 878 4156 —...-..
891 4150 969 4156 ——--
984 4149 1001 4154 --
1017 4149 1038 4154 --
1048 4149 1140 4155 ——....

88 4201 273 4271 ¹l.,Apoog
252 4202 261 4252 l
288 4199 365 4254 6.-
576 4205 739 4255 -³Serm.
757 4205 778 4271 Ι,
796 4203 824 4256 in
840 4204 884 4256 l’s.
899 4204 982 4257 Clll.
997 4201 1057 4241 --⁴
1077 4205 1164 4256 Errli.

50 4290 163 4349 >tvm
179 4303 200 4338 1.
