2684 4634
236 132 240 143 ¹
344 179 399 228 DE
420 173 1000 229 MYSTERIOINCARNATIONIS.
1119 205 1120 208 =
1154 168 1212 219 571

118 356 187 429 ipso
201 357 244 427 (in
254 356 386 427 Christo)
399 356 521 415 condita
533 364 602 413 sunt
615 354 750 412 universa
763 354 793 411 in
807 353 890 411 coelis
903 362 932 410 et
945 352 976 408 in
991 350 1076 416 terri,
1091 346 1216 407 visibilia

116 454 147 502 et
161 445 330 512 invisibilia,
345 444 405 504 sive
417 444 532 501 Throni
545 430 605 500 sive
620 439 847 498 Dominationes
860 439 953 510 etc.”;
979 438 1059 495 unde
1072 436 1115 493 sic
1133 451 1215 505 argu-

117 537 292 585 mentantur
307 549 313 585 :
332 545 368 585 ex
380 526 439 584 hoc
451 537 531 585 textu
545 529 652 600 Angeli
666 527 779 586 conditi
792 527 900 584 suntin
911 525 1046 592 Christo;
1064 522 1145 595 atqui
1160 520 1216 578 hoc

117 613 195 671 nihil
214 613 297 672 aliud
318 614 464 685 significat
490 614 546 671 nisi
567 615 700 687 Angelos
721 614 872 686 accepisse
890 631 908 669 a
930 612 1050 671 Christo
1070 609 1216 682 gratiam:

117 720 200 773 ergo.
237 703 330 776 Quod
349 701 527 760 confirmant
546 720 581 761 ex
594 703 673 775 Eph.
691 703 715 772 Ι,
732 711 806 760 roet
822 701 963 772 Colossi,
980 719 1023 772 20,
1039 699 1091 758 ubi
1111 697 1218 757 dicitur

117 789 222 846 omnia
231 789 386 847 instaurari
398 799 427 846 et
439 789 588 862 pacificari
602 791 631 847 ln
645 789 773 860 Christo,
786 789 847 846 sive
860 806 927 860 quae
939 789 970 845 in
983 786 1065 845 coelis
1077 785 1139 844 sive
1151 799 1218 856 quae

118 878 149 934 in
168 876 253 935 terris
271 886 347 937 sunt.
360 911 395 919 -
408 877 524 935 Revera
542 877 566 935 si
579 878 714 937 Christus
726 887 796 935 ante
809 894 913 935 omnes
926 875 997 934 alias
1017 881 1163 933 creaturas
1177 872 1218 928 in·

118 974 220 1023 tentus
238 964 332 1035 luerit,
348 964 472 1022 omnino
485 965 570 1023 decet
585 974 617 1023 ut
629 964 763 1022 omnium
778 964 814 1022 sit
827 973 925 1036 caput,
938 982 991 1037 pro
1005 961 1144 1020 omnibus
1156 978 1218 1032 gra-

118 1053 193 1111 tiam
205 1053 356 1111 merendo.

156 1159 188 1201 20
211 1139 332 1210 Negant
356 1148 456 1196 autem
485 1139 639 1196 Thontistae
664 1148 694 1198 et
719 1139 853 1211 plerique
879 1137 929 1195 alii
955 1135 1095 1207 theologi.
1141 1135 1218 1191 Nam

120 1228 160 1298 (a)
174 1235 272 1284 textus
285 1244 321 1284 ex
337 1225 442 1284 Coloss.
458 1225 497 1285 de
511 1225 631 1285 Christo
644 1226 705 1297 agit
719 1235 751 1283 ut
766 1226 849 1284 Deus
863 1234 915 1296 est,
932 1234 961 1283 et
973 1223 1098 1280 affirmat
1111 1222 1220 1280 solum-

120 1313 216 1372 modo
232 1313 366 1384 Angelos
377 1323 493 1371 creatos
512 1313 600 1370 luisse
620 1331 637 1370 a
651 1312 771 1370 Christo
792 1322 824 1370 ut
839 1312 914 1383 Deo,
931 1327 983 1369 seu
997 1328 1049 1383 per
1063 1309 1196 1367 Verbum
1213 1329 1219 1365 :

121 1399 300 1458 nullomodo
319 1399 423 1458 asserit
435 1399 567 1471 Angelos
587 1400 710 1471 gratiam
729 1399 881 1471 accepisse
900 1417 953 1471 per
967 1397 1219 1470 Redemptionem

124 1486 253 1555 Christi;
279 1485 340 1551 duo
352 1496 452 1544 autem
466 1485 515 1543 alii
528 1494 624 1543 textus
641 1485 735 1543 audiri
750 1495 875 1558 possunt
890 1504 926 1544 eo
940 1503 1028 1543 sensu
1042 1485 1124 1556 quod
1138 1483 1221 1542 Chri-

125 1584 189 1633 stus
211 1573 320 1632 coelum
338 1591 407 1631 cum
431 1574 506 1630 terrai
527 1571 736 1638 reconciliavit,
752 1572 798 1630 vel
816 1573 948 1645 Angelos
972 1570 1139 1644 pacificavit
1161 1571 1220 1639 lato

122 1679 221 1731 sensu,
235 1661 305 1734 ipsis
318 1660 441 1733 gloriam
455 1660 647 1718 solummodo
660 1660 874 1718 accidentalem
889 1658 1050 1730 largiendo.

122 1749 205 1820 (b)E
224 1757 325 1806 contra
339 1748 489 1820 Scriptura
511 1766 566 1806 nos
590 1748 698 1806 edocet
711 1746 844 1804 Verbum
868 1747 1051 1824 incarnatum
1075 1745 1164 1802 luisse
1183 1744 1221 1801 ad

124 1835 284 1894 salvandos
298 1841 487 1906 peccatores¹
501 1856 507 1893 :
534 1836 552 1864 “
564 1851 624 1895 non
638 1833 718 1891 enim
732 1834 798 1892 veni
813 1852 918 1892 vocare
931 1835 1025 1905 justos
1045 1833 1098 1892 sed
1117 1851 1221 1906 pecca-

123 1934 203 1982 tores
211 1921 247 1990 '';
264 1922 346 1994 atqui
361 1921 469 1994 Angeli
482 1919 554 1980 boni
568 1931 740 1993 peccatores
753 1939 813 1979 non
827 1931 910 1989 sunt;
930 1939 1000 1992 ergo
1013 1920 1147 1978 Verbum
1161 1939 1221 1976 non

126 2019 251 2085 propter
263 2026 314 2066 eos
328 2008 513 2065 incarnatum
526 2017 579 2065 est.
620 2007 747 2078 Insuper
760 2007 896 2066 Christus
915 2007 1023 2066 dicitur
1046 2007 1221 2064 “mediator

117 2097 188 2161 ¹Dei
201 2105 231 2155 et
240 2095 396 2154 hominum
407 2095 451 2162 '’²,
466 2113 526 2152 non
540 2104 640 2152 autem
653 2095 846 2166 Angelorum.

128 2189 169 2258 (c)
183 2184 277 2257 Cujus
291 2184 331 2242 rei
345 2183 489 2241 rationem
500 2182 598 2242 reddit
610 2182 764 2253 Angelicus
773 2183 886 2240 Ductor
898 2183 926 2253 (l.
941 2183 1000 2253 cit.)
1018 2205 1024 2241 :
1044 2187 1062 2213 “
1074 2183 1149 2240 sicut
1164 2201 1221 2240 me-

126 2273 184 2332 reri
198 2281 243 2332 est
253 2271 381 2338 viatoris,
391 2271 432 2328 ita
444 2271 535 2329 etiam
549 2289 608 2328 non
623 2269 679 2327 nisi
693 2288 747 2341 pro
761 2270 870 2328 viatore
880 2270 987 2342 aliquis
1001 2271 1104 2329 mereri
1115 2281 1224 2345 potest;

124 2361 198 2435 quia
211 2369 329 2433 oportet
341 2368 373 2417 ut
386 2358 422 2430 ei,
439 2376 494 2432 pro
507 2376 568 2430 quo
581 2358 648 2430 quis
661 2367 798 2429 meretur,
811 2359 925 2430 aliquid
939 2359 1016 2417 desit
1034 2377 1135 2417 eorum
1156 2378 1224 2432 quae

123 2449 183 2508 sub
196 2446 302 2505 merito
325 2446 446 2504 cadunt.
486 2445 593 2517 Angeli
611 2453 711 2503 autem
724 2462 786 2503 non
799 2454 868 2502 sunt
880 2445 1007 2503 viatores
1020 2455 1166 2517 quantum
1186 2447 1225 2504 ad

125 2533 284 2608 praemium
304 2532 470 2599 essentiale,
494 2542 523 2590 et
545 2531 613 2590 ideo
636 2540 781 2602 quantum
806 2532 845 2589 ad
868 2531 925 2588 hoc
949 2532 1021 2588 nihil
1044 2533 1086 2590 eis
1111 2533 1224 2590 meruit.

125 2624 204 2683 Sunt
215 2630 315 2680 autem
333 2620 530 2692 aliquomodo
543 2620 669 2678 viatores
690 2618 827 2690 respectu
846 2618 957 2689 praemii
978 2618 1179 2684 accidentalis,
1196 2620 1224 2676 in

125 2718 274 2784 quantum
287 2707 374 2767 nobis
387 2707 555 2765 ministrant
572 2729 578 2765 :
597 2707 637 2765 ad
650 2725 725 2778 quos
739 2706 816 2764 valet
829 2706 870 2764 eis
885 2706 1021 2763 meritum
1037 2706 1147 2765 Christi
1158 2708 1180 2762 ''.

164 4291 264 4345 ’Mara
284 4293 333 4358 IX,
350 4305 389 4357 13.
408 4323 442 4330 -
455 4295 495 4346 2l
507 4295 577 4347 Tala.
598 4296 638 4364 ll,
655 4307 675 4363 5.
