2684 4634
203 161 269 209 222
661 161 801 212 CAPUT
818 162 843 212 1.

201 342 402 426 praecipites!
448 344 559 426 Quare
575 363 640 405 non
654 341 765 422 potius
781 341 840 405 SS.
853 342 1052 408 Trinitatem
1069 347 1203 410 curiose
1217 368 1295 410 scru-

202 448 262 510 tari
289 446 448 520 desinitis,
474 429 614 526 eamque
636 446 708 508 esse
734 445 902 508 duntaxat
932 448 1077 524 creditis
1105 446 1296 531 magistrum

204 550 520 632 Apostolorum'hac
542 551 573 611 in
591 571 624 612 re
641 549 771 623 imitati,
787 548 876 629 cujus
900 549 971 612 haec
992 561 1072 614 sunt
1084 550 1214 616 verba:
1236 574 1296 616 cre·

202 655 279 717 dere
294 655 382 716 enim
398 662 530 734 oportet
545 654 688 734 primum
707 652 781 714 Deo
796 652 874 732 quia
890 662 941 715 est
951 653 986 717 ”i
1088 708 1091 713 .

201 756 258 838 (b)¹
270 757 459 820 Declaravit
485 756 676 819 Vaticanum
699 756 854 836 quaedam
872 757 1127 836 mysteria-*esse
1148 780 1226 840 quae
1246 778 1298 841 per

202 862 363 923 rationem
382 881 478 940 neque
493 859 635 938 intelligi
648 879 744 939 neque
758 859 977 920 deinonstrari
991 859 1170 939 poisiiirl,·¹
1203 864 1298 943 atqui,

200 985 244 1025 ex
260 963 408 1024 omnium
426 961 585 1036 confesso,
602 961 797 1042 mysterium
814 961 988 1023 Trinitatis
1004 972 1054 1024 est
1070 965 1225 1027 omnium
1242 965 1298 1028 dis-

201 1064 399 1141 ficillimum3
425 1084 504 1144 ergo
519 1083 578 1144 per
593 1064 753 1125 rationem
761 1083 874 1144 neque
887 1064 1025 1127 inveniri
1041 1085 1152 1147 neque
1164 1069 1298 1131 demon-

188 1166 294 1230 strari
312 1176 429 1248 potest.
477 1166 577 1228 Unde
593 1175 740 1228 recenter
756 1166 915 1230 damnata
935 1167 998 1230 suit
1013 1186 1159 1248 sequens
1183 1191 1299 1252 propo-

201 1271 277 1332 sitio
299 1268 478 1331 Rosmini:
510 1268 698 1330 “Revelato
726 1271 884 1349 mysterio
909 1269 968 1334 SS.
985 1270 1171 1349 Trinitatis,
1192 1283 1299 1354 potest
1337 1312 1340 1349 5

201 1374 304 1454 ipsius
319 1372 499 1433 existentia
515 1371 736 1434 demonstrari
752 1373 957 1452 argumentis
974 1382 1062 1434 mere
1079 1367 1299 1455 speculativis
1337 1366 1340 1425 ἶ

201 1475 364 1557 negativis
380 1475 514 1554 quidem
531 1483 564 1535 et
581 1472 757 1549 indiret'tis,
772 1474 1089 1555 hujusmoditamen
1107 1487 1144 1538 ut
1161 1498 1221 1559 per
1232 1479 1299 1558 ipsa

200 1581 321 1643 veritas
334 1579 390 1640 illa
405 1579 446 1640 ad
460 1577 707 1659 philosophicas
722 1577 914 1659 disciplinas
931 1587 1111 1655 revocetur,
1126 1588 1230 1662 atque
1245 1580 1300 1644 liat

200 1681 383 1764 propositio
399 1679 577 1743 scientifica
588 1681 674 1742 sicut
689 1689 807 1742 ceterae
819 1681 835 1705 ''
845 1693 867 1745 2.
970 1712 973 1716 ·
1203 1691 1207 1697 ”
1338 1682 1340 1689 ’

242 1797 290 1878 96.
338 1797 399 1885 (C)
415 1799 560 1860 Ratione.
613 1789 733 1861 Omnis
760 1799 1000 1862 demonstratio
1023 1798 1060 1862 fit
1077 1799 1129 1862 vel
1154 1822 1175 1863 a
1194 1802 1299 1882 priori,

201 1904 251 1966 vel
269 1894 508 1976 asimultaneo,
524 1901 574 1964 vel
592 1923 611 1963 a
628 1903 818 1983 posteriori3
844 1904 936 1985 atqui
952 1904 1133 1967 existentia
1153 1902 1219 1969 SS.
1230 1906 1299 1967 Tri-

202 2008 314 2069 nitatis
331 2026 396 2067 non
415 2014 524 2086 potest
537 2005 757 2067 demonstrari
772 2000 982 2085 oprimiseu
999 2027 1058 2087 per
1073 2027 1220 2085 causam,
1229 2009 1300 2089 quia
1338 2012 1340 2019 '

203 2111 295 2171 Deus
317 2108 442 2170 nullam
460 2128 596 2170 causam
620 2108 721 2171 habet
731 2129 738 2185 ;
765 2129 825 2170 nec
840 2129 862 2171 a
877 2109 1077 2186 simultanco,
1094 2131 1152 2173 seu
1168 2133 1213 2175 ex
1231 2112 1299 2193 ipsa
1338 2178 1340 2187 ,

202 2213 337 2273 notione
354 2212 427 2286 Dei,
444 2211 522 2291 quia
538 2210 614 2273 talis
630 2211 722 2273 notio
739 2211 878 2274 involvit
898 2212 1033 2296 quidem
1057 2212 1205 2296 infinitas
1231 2215 1299 2297 ejus
1338 2218 1340 2223 ’

202 2312 428 2396 perfectiones,
441 2315 497 2375 sed
515 2314 707 2376 nullomodo
723 2315 829 2396 exigit
844 2316 937 2391 duas,
946 2315 997 2378 vel
1010 2325 1085 2393 treS,
1094 2316 1146 2379 vel
1160 2327 1301 2399 quatuor

201 2438 272 2478 csse
302 2436 460 2498 personas
488 2417 519 2477 in
549 2418 632 2493 Deo,
658 2417 775 2479 saltem
799 2416 897 2498 juxta
929 2418 1065 2481 modum
1091 2420 1298 2502 concipiendi

203 2529 370 2596 nostrum;
393 2539 501 2600 neque
523 2541 544 2580 o
558 2520 739 2599 posteriori,
756 2541 812 2582 seu
830 2541 888 2601 per
902 2519 1049 2597 edatius
1065 2523 1144 2602 quia
1164 2521 1298 2587 effedtus

201 2647 219 2687 a
236 2624 310 2686 Deo
326 2621 477 2704 produiti
499 2633 677 2685 causantur
700 2645 720 2684 a
737 2624 820 2699 Deo,
836 2622 902 2685 non
928 2626 1091 2706 quatenus
1113 2616 1230 2704 trinus
1243 2627 1296 2688 sed

201 2736 365 2810 quatenus
382 2747 465 2788 unus
482 2735 540 2800 est,
557 2737 735 2790 causantur
758 2726 883 2789 scilicet
899 2727 941 2789 ab
957 2728 1204 2812 omnipotenti&
1227 2750 1298 2811 quae

202 2834 243 2894 ad
262 2841 423 2906 naturam,
439 2852 505 2892 non
522 2832 564 2893 ad
582 2852 739 2912 personas
755 2833 907 2915 pertinet.
952 2830 1075 2895 Merito
1098 2832 1201 2914 igitur
1224 2855 1297 2896 con·

203 2937 307 2999 cludit
326 2936 360 2998 S.
383 2932 522 2996 Tliooios
545 2934 574 3015 (l
593 2957 622 3016 p.
640 2955 669 3016 q.
688 2953 737 3014 32,
753 2957 779 2997 a.
801 2936 831 3017 1)
856 2959 862 2997 :
899 2935 989 2998 “Per
1012 2935 1176 2998 rationem
1204 2936 1298 3020 igitur

203 3033 386 3101 naturalem
415 3039 570 3120 cognosci
598 3047 739 3119 possunt
764 3040 805 3101 de
822 3039 897 3101 Deo
916 3059 956 3102 ea
974 3058 1049 3119 quae
1067 3039 1237 3120 pertinent
1259 3039 1297 3102 ad

203 3145 364 3206 unitatem
389 3145 550 3219 essentiae,
566 3164 633 3204 non
659 3139 771 3204 autem
788 3163 828 3204 ea
844 3163 915 3223 quae
932 3143 1100 3225 pertinent
1122 3141 1167 3205 ad
1190 3143 1298 3206 distin·

203 3245 347 3310 ctionem
375 3266 597 3326 personarum.
645 3245 711 3327 Qui
733 3255 844 3308 autem
869 3244 1009 3326 probare
1025 3244 1140 3307 nititur
1157 3246 1297 3308 Trinita-

203 3360 269 3413 tem
287 3341 520 3430 personarum
541 3349 680 3412 naturali
705 3349 839 3424 ratione,
855 3346 931 3409 fidei
954 3347 1128 3428 dupliciter
1154 3349 1298 3431 derogat.

208 3468 238 3515 10
261 3453 404 3535 Quidem
421 3463 583 3533 quantum
601 3454 641 3515 ad
659 3453 857 3533 dignitatem
873 3450 975 3532 ipsius
992 3449 1078 3526 fidei,
1093 3470 1169 3532 quae
1190 3460 1240 3514 est
1266 3461 1298 3514 ut

203 3556 244 3618 sit
254 3556 296 3617 de
306 3555 403 3619 rebus
414 3553 641 3629 invisibilibus
654 3574 728 3634 quae
739 3554 899 3616 rationem
908 3553 1089 3616 humanam
1101 3556 1290 3619 excedunt..

204 3673 238 3722 20
254 3659 425 3740 Quantum
443 3658 484 3718 ad
510 3656 687 3719 utilitatem
710 3657 863 3720 trahendi
890 3659 971 3721 alios
994 3660 1035 3722 ad
1061 3659 1172 3725 fidem.
1217 3662 1298 3727 Cum

203 3765 289 3825 enim
307 3761 426 3842 aliquis
442 3762 484 3822 ad
498 3760 706 3841 probandam
723 3746 823 3822 iidem
842 3761 969 3825 inducit
986 3763 1129 3826 rationes
1146 3785 1222 3847 quae
1233 3786 1296 3828 non

238 3960 270 4000 1“
282 3959 311 4012 Si
326 3957 388 4028 quis
402 3956 501 4010 dixerit
521 3957 548 4008 in
568 3956 740 4010 revelatione
761 3957 856 4011 divina
875 3959 952 4011 nulla
965 3975 1031 4012 vera
1048 3969 1077 4013 et
1095 3960 1209 4029 proprie
1227 3958 1300 4013 dida

202 4047 336 4116 mysteria
350 4043 495 4111 contineri,
511 4043 560 4097 sed
575 4042 704 4097 universa
718 4044 783 4097 fidei
798 4045 932 4112 dogmata
944 4062 1028 4114 posse
1042 4062 1092 4114 per
1104 4045 1242 4101 rationem
1251 4047 1300 4100 rite

201 4135 341 4189 excultam
356 4149 371 4185 e
385 4131 558 4185 naturalibus
572 4130 717 4200 principiis
731 4131 848 4200 intelligi
862 4142 890 4186 et
903 4132 1100 4200 demonstrari,
1113 4134 1145 4186 A.
1157 4134 1185 4189 S.
1194 4131 1209 4186 '.'
1245 4134 1300 4201 (De

205 4224 274 4276 Fide
287 4236 314 4275 et
330 4223 391 4273 Rat.
407 4237 467 4272 can.
487 4218 523 4284 ι.)

236 4309 300 4363 'JCi
319 4310 346 4361 S.
366 4306 418 4360 Off.
434 4307 578 4360 decretum
595 4320 626 4370 14
640 4306 698 4360 dee.
716 4307 791 4371 1887.

245 4574 385 4602 ...a-ss
609 4580 666 4601 1....
