2684 4634
444 160 501 212 DE
519 160 602 212 ΒΕΘ
618 161 760 212 TRINO.
1097 171 1154 221 173

85 353 110 406 4.
154 340 216 398 Sed
231 340 332 408 Patris,
347 351 376 399 et
390 342 463 413 Filii,
477 352 506 401 et
519 342 643 415 Spiritus
657 344 756 402 Sancti
772 363 829 402 una
843 354 885 403 est
897 345 1044 417 divinitas,
1057 365 1154 418 aequa·

50 427 86 484 lis
99 427 205 498 gloria,
217 438 364 487 coaeterna
376 430 522 502 majestas.

88 514 197 587 Qualis
211 516 305 586 Pater,
322 516 387 574 talis
399 516 501 586 Filius,
514 517 579 575 talis
594 517 719 590 Spiritus
733 518 868 575 Sanetus

88 602 246 660 increatus
260 605 355 671 Pater,
370 605 516 663 increatus
530 605 629 676 Filius,
645 605 792 663 increatus
806 606 932 677 Spiritus
946 606 1081 664 Sanctus.

89 690 261 748 Immensus
276 691 369 762 Pater,
385 691 547 750 immensus
562 692 661 758 Filius,
678 692 841 750 immensus
854 693 980 765 Spiritus
994 693 1128 751 Sanetus

88 778 235 835 AEternus
248 779 342 851 Pater,
358 789 484 838 aetemus
498 780 599 851 Filius,
614 789 740 837 aeternus
754 780 878 852 Spiritus
892 781 1026 838 Sanetus

91 865 130 922 Et
142 876 244 924 tamen
258 885 319 924 non
332 877 389 925 tres
402 867 512 938 aeterni,
528 867 582 924 sed
595 885 671 923 unus
685 876 819 924 aeternus.

89 953 174 1011 Sicut
186 972 249 1011 non
262 964 320 1013 tres
332 954 461 1025 increati,
478 972 534 1013 nec
548 964 606 1013 tres
625 954 773 1020 immensi,
789 955 842 1012 sed
861 973 938 1012 unus
958 957 1113 1027 increatus,
1127 967 1156 1014 et

58 1059 131 1098 unus
144 1041 319 1100 immensus

89 1127 233 1186 Similiter
250 1129 440 1203 omnipotens
461 1131 555 1199 Pater,
568 1129 759 1200 omnipotens
773 1129 873 1200 Filius,
889 1130 1079 1202 omnipotens
1093 1130 1155 1202 Spi-

58 1217 125 1275 ritus
140 1216 277 1275 Sanetus.

91 1304 129 1362 Et
142 1313 245 1362 tamen
260 1323 319 1362 uon
332 1315 390 1363 tres
403 1306 631 1378 omnipotentes
647 1306 701 1363 sed
715 1322 790 1361 unus
803 1305 1002 1377 omnipotens.

90 1393 138 1450 Ita
153 1392 238 1450 Deus
252 1394 348 1459 Pater,
365 1394 447 1451 Deus
460 1393 561 1462 Filius,
575 1395 658 1451 Deus
672 1392 795 1465 Spiritus
809 1394 944 1451 Saucius.

91 1481 130 1538 Et
143 1488 247 1538 tamen
261 1498 322 1538 non
336 1490 393 1539 tres
406 1481 456 1551 dii,
467 1481 526 1540 sed
540 1499 615 1538 unus
629 1490 673 1539 est
688 1481 777 1538 Deus.

90 1568 138 1624 lta
153 1567 305 1625 Dominus
319 1568 412 1638 Pater,
427 1567 575 1625 Dominus
589 1567 688 1637 Filius,
707 1567 855 1624 Dominus
869 1568 994 1640 Spiritus
1008 1568 1142 1626 Sanctus.

58 1665 60 1668 ·
90 1655 130 1712 Et
144 1663 247 1711 tamen
263 1672 323 1711 non
337 1664 395 1712 tres
408 1653 531 1724 domini,
548 1654 601 1713 sed
615 1671 691 1711 unus
704 1663 748 1710 est
762 1654 920 1712 Dominus.

91 1740 174 1813 Quia
187 1740 264 1798 sicut
277 1740 446 1812 singillatim
460 1758 703 1812 unamquamque
716 1758 883 1812 personam,
896 1743 993 1799 Deum
1007 1760 1043 1798 ac
1056 1743 1158 1799 Domi-

58 1846 129 1885 num
144 1828 280 1887 confiteri
294 1827 451 1886 christiana
464 1828 585 1887 veritate
598 1829 815 1899 compellimur;
835 1830 874 1886 ita
887 1839 944 1887 tres
958 1830 1031 1888 deos
1043 1839 1094 1886 aut
1106 1830 1157 1888 do·

57 1916 156 1973 minos
169 1916 270 1974 dicere
282 1915 428 1974 catholica
440 1915 581 1987 religione
594 1909 797 1988 prohibemurJ

90 2013 115 2068 5
159 2003 246 2061 Pater
258 2021 276 2060 a
288 2004 371 2060 nullo
384 2012 428 2062 est
441 2003 545 2074 laetus,
562 2021 617 2061 nec
630 2012 754 2073 creatus,
772 2020 827 2060 nec
836 2003 963 2074 genitus

92 2088 187 2145 Filius
200 2106 219 2144 a
232 2093 316 2146 Patre
329 2089 393 2146 solo
406 2098 458 2159 est,
473 2106 533 2146 non
548 2087 651 2159 sactus,
668 2106 723 2147 nec
737 2097 861 2155 creatus
876 2089 930 2146 sed
942 2089 1068 2160 genitus.

93 2175 221 2247 Spiritus
235 2175 360 2234 Saucius
372 2194 390 2233 a
401 2177 486 2234 Patre
499 2186 528 2234 et
542 2176 617 2233 Filio
631 2193 691 2233 non
705 2176 808 2246 sacius,
825 2193 881 2234 nec
894 2186 1018 2242 creatus,
1034 2194 1089 2234 nec
1108 2194 1157 2247 ge-

57 2263 147 2334 nitus,
161 2263 215 2320 sed
228 2262 402 2334 procedens.
1020 2275 1022 2279 ’

91 2357 115 2408 (a
157 2351 246 2410 Unus
259 2368 329 2422 ergo
344 2350 438 2416 Pater,
453 2367 514 2407 non
528 2358 585 2407 tres
600 2350 718 2406 Patres:
738 2366 814 2405 unus
826 2349 925 2418 Filius,
935 2368 995 2406 non
1006 2359 1063 2407 tres
1074 2348 1157 2405 Filii:

57 2455 136 2495 unus
150 2437 276 2510 Spiritus
290 2437 424 2509 Saucius,
440 2455 501 2494 non
514 2446 571 2495 tres
585 2437 711 2510 Spiritus
725 2438 834 2495 Sancti.

93 2533 115 2588 7.
156 2523 195 2580 Et
208 2522 238 2578 in
251 2523 307 2580 hac
319 2525 464 2584 Trinitate
477 2525 550 2582 nihil
563 2526 643 2598 prius
662 2535 712 2583 aut
732 2525 885 2597 posterius,
903 2526 975 2582 nihil
995 2526 1089 2595 majus
1109 2534 1159 2582 aut

56 2610 170 2680 minus;
188 2609 242 2667 sed
253 2619 324 2670 totae
335 2620 393 2669 tres
406 2629 540 2684 personae
552 2621 707 2670 coaeternae
719 2611 775 2669 sibi
789 2621 856 2669 sunt
869 2623 898 2670 et
912 2611 1086 2683 coaequales.

94 2696 143 2754 Ita
155 2705 187 2754 ut
200 2714 253 2768 per
264 2697 373 2769 omnia,
385 2698 465 2762 sicut
477 2699 537 2775 jam
551 2717 639 2771 supra
653 2699 766 2757 dietum
781 2709 834 2765 est,
850 2709 879 2756 et
892 2699 1000 2758 Unitas
1015 2698 1044 2753 in
1063 2697 1090 2752 T
1092 2697 1158 2752 rini-

55 2795 127 2850 tate‚
143 2793 174 2842 et
186 2784 314 2843 Trinitas
327 2785 356 2843 in
373 2784 495 2845 Unitate
507 2786 674 2844 veneranda
687 2785 733 2843 sit.

93 2872 156 2948 Qui
169 2873 231 2930 vult
244 2890 314 2945 ergo
326 2872 423 2931 salvus
436 2891 509 2945 esse,
525 2873 565 2931 ita
578 2872 616 2932 de
629 2873 775 2931 Trinitate
788 2873 904 2931 sentiat.

195 3054 488 3155 oujeorum,
519 3055 722 3135 utilitas
751 3060 807 3136 et
839 3055 1029 3135 divisio

464 3171 756 3255 Tractatus

100 3354 127 3418 8.
176 3354 410 3435 Postquamde
421 3355 571 3418 Deouno
582 3353 718 3436 ejusque
729 3354 896 3418 attributis
908 3354 1160 3435 disputavimus

57 3461 99 3521 de
117 3459 194 3520 Deo
210 3457 297 3520 trino
312 3460 495 3521 secundum
511 3479 679 3540 personas,
696 3480 752 3520 seu
769 3458 811 3520 de
828 3457 986 3520 ineflabili
1012 3455 1070 3520 SS.
1088 3456 1159 3516 Tri-

57 3563 174 3626 nitatis
191 3561 350 3642 mysterio
366 3581 463 3643 agere
479 3562 649 3638 debemus
664 3571 707 3638 et,
723 3562 848 3625 lumine
864 3560 940 3623 fidei
957 3559 1072 3642 adjuti,
1088 3559 1161 3638 ipsa

58 3666 123 3728 Dei
142 3683 244 3746 opera
258 3664 306 3725 ad
316 3664 415 3741 intra,
423 3666 527 3728 vitam
538 3667 609 3747 ejus
627 3666 816 3728 interiorem
833 3684 1011 3745 exponere,
1024 3663 1161 3743 ipsaque

57 3769 225 3852 profunda
241 3769 314 3844 Dei,
329 3789 405 3850 quae
421 3769 531 3833 nullus
546 3770 720 3833 hominum
744 3770 837 3844 vidit,
853 3770 911 3831 sed
937 3767 1040 3830 Filius
1064 3765 1159 3827 nobis

56 3875 243 3938 enarravit:
265 3875 355 3955 quod
373 3874 604 3950 praestabimus
621 3884 733 3937 tamen
750 3894 825 3936 cum
844 3872 1006 3935 modestia
1022 3879 1056 3932 et
1072 3889 1161 3930 reve-

55 3982 164 4044 rentia
178 4002 185 4044 :
212 3999 289 4041 nam
304 3981 322 4010 “
331 3978 388 4060 qui
404 3987 567 4042 scrutator
579 3987 629 4041 est
642 3977 827 4059 majestatis
841 3976 1047 4058 opprimetur
1059 3994 1078 4035 a
1091 3973 1160 4053 glo-

55 4086 154 4147 ria'’¹.
203 4082 343 4145 Modum
359 4081 556 4164 procedendi
582 4082 732 4162 inhujus
754 4080 903 4162 mysterii
922 4076 1161 4158 explanatione

90 4243 102 4307 ¹⁸
115 4278 202 4332 Prov.
216 4275 308 4341 XXV,
323 4289 365 4343 27.
416 4349 418 4354 Ι
