<?xml version="1.0" encoding="UTF-8"?>
<!DOCTYPE html PUBLIC "-//W3C//DTD XHTML 1.0 Transitional//EN"
    "http://www.w3.org/TR/xhtml1/DTD/xhtml1-transitional.dtd">
<html xmlns="http://www.w3.org/1999/xhtml" xml:lang="en" lang="en">
 <head>
  <title>
</title>
<meta http-equiv="Content-Type" content="text/html;charset=utf-8" />
  <meta name='ocr-system' content='tesseract 3.04.00' />
  <meta name='ocr-capabilities' content='ocr_page ocr_carea ocr_par ocr_line ocrx_word'/>
</head>
<body>
  <div class='ocr_page' id='page_1' title='image "./synopsistheolog00tanqgoog_0288.png"; bbox 0 0 2684 4634; ppageno 0'>
   <div class='ocr_carea' id='block_1_1' title="bbox 403 183 1171 238">
    <p class='ocr_par' dir='ltr' id='par_1_1' title="bbox 403 183 1171 238">
     <span class='ocr_line' id='line_1_1' title="bbox 403 183 1171 238; baseline -0.004 -3"><span class='ocrx_word' id='word_1_1' title='bbox 403 187 459 235; x_wconf 88' lang='lat' dir='ltr'>DE</span> <span class='ocrx_word' id='word_1_2' title='bbox 477 185 662 238; x_wconf 82' lang='lat' dir='ltr'>OPIFICIO</span> <span class='ocrx_word' id='word_1_3' title='bbox 681 185 839 237; x_wconf 87' lang='lat' dir='ltr'><strong>MUNDI.</strong></span> <span class='ocrx_word' id='word_1_4' title='bbox 1107 183 1171 233; x_wconf 91' lang='grc'>267</span> 
     </span>
    </p>
   </div>
   <div class='ocr_carea' id='block_1_2' title="bbox 57 360 1255 4166">
    <p class='ocr_par' dir='ltr' id='par_1_2' title="bbox 62 360 1255 1996">
     <span class='ocr_line' id='line_1_2' title="bbox 62 360 1170 451; baseline -0.005 -18"><span class='ocrx_word' id='word_1_5' title='bbox 62 368 185 433; x_wconf 65' lang='lat' dir='ltr'>audior</span> <span class='ocrx_word' id='word_1_6' title='bbox 201 389 293 433; x_wconf 85' lang='lat' dir='ltr'>sacer</span> <span class='ocrx_word' id='word_1_7' title='bbox 299 368 446 451; x_wconf 79' lang='lat' dir='ltr'><em>primam</em></span> <span class='ocrx_word' id='word_1_8' title='bbox 464 390 571 433; x_wconf 90' lang='lat' dir='ltr'>rerum</span> <span class='ocrx_word' id='word_1_9' title='bbox 589 369 750 450; x_wconf 85' lang='lat' dir='ltr'>originem</span> <span class='ocrx_word' id='word_1_10' title='bbox 767 360 960 444; x_wconf 79' lang='lat' dir='ltr'><strong>describere,</strong></span> <span class='ocrx_word' id='word_1_11' title='bbox 973 376 1010 430; x_wconf 88' lang='lat' dir='ltr'>ut</span> <span class='ocrx_word' id='word_1_12' title='bbox 1024 375 1115 448; x_wconf 88' lang='lat' dir='ltr'>patet</span> <span class='ocrx_word' id='word_1_13' title='bbox 1128 387 1170 428; x_wconf 89' lang='lat' dir='ltr'>ex</span> 
     </span>
     <span class='ocr_line' id='line_1_3' title="bbox 62 470 1170 555; baseline -0.004 -19"><span class='ocrx_word' id='word_1_14' title='bbox 62 495 149 536; x_wconf 91' lang='lat' dir='ltr'>voce</span> <span class='ocrx_word' id='word_1_15' title='bbox 167 478 182 505; x_wconf 90' lang='lat'><strong>“</strong></span> <span class='ocrx_word' id='word_1_16' title='bbox 192 474 234 535; x_wconf 84' lang='lat' dir='ltr'>In</span> <span class='ocrx_word' id='word_1_17' title='bbox 238 470 428 555; x_wconf 76' lang='lat' dir='ltr'>principio”,</span> <span class='ocrx_word' id='word_1_18' title='bbox 441 496 524 555; x_wconf 84' lang='lat' dir='ltr'>quae,</span> <span class='ocrx_word' id='word_1_19' title='bbox 536 471 685 555; x_wconf 68' lang='lat' dir='ltr'>inspecto</span> <span class='ocrx_word' id='word_1_20' title='bbox 695 483 867 549; x_wconf 85' lang='lat' dir='ltr'>contextu,</span> <span class='ocrx_word' id='word_1_21' title='bbox 877 473 1030 553; x_wconf 86' lang='lat' dir='ltr'>designat</span> <span class='ocrx_word' id='word_1_22' title='bbox 1042 471 1170 533; x_wconf 90' lang='lat' dir='ltr'>initium</span> 
     </span>
     <span class='ocr_line' id='line_1_4' title="bbox 63 565 1169 656; baseline -0.005 -17"><span class='ocrx_word' id='word_1_23' title='bbox 63 578 246 642; x_wconf 87' lang='lat' dir='ltr'>creationis</span> <span class='ocrx_word' id='word_1_24' title='bbox 260 598 367 640; x_wconf 89' lang='lat' dir='ltr'>rerum</span> <span class='ocrx_word' id='word_1_25' title='bbox 380 565 568 653; x_wconf 63' lang='lat' dir='ltr'>nisibiliu&#39;rm</span> <span class='ocrx_word' id='word_1_26' title='bbox 592 596 652 638; x_wconf 91' lang='lat' dir='ltr'>nec</span> <span class='ocrx_word' id='word_1_27' title='bbox 663 585 775 638; x_wconf 90' lang='lat' dir='ltr'>tamen</span> <span class='ocrx_word' id='word_1_28' title='bbox 786 567 1169 656; x_wconf 55' lang='lat' dir='ltr'>ullam&#39;praeexistentem</span> 
     </span>
     <span class='ocr_line' id='line_1_5' title="bbox 64 677 1168 761; baseline -0.004 -20"><span class='ocrx_word' id='word_1_29' title='bbox 64 680 254 756; x_wconf 86' lang='lat' dir='ltr'>materiam,</span> <span class='ocrx_word' id='word_1_30' title='bbox 266 701 310 742; x_wconf 90' lang='lat' dir='ltr'>ex</span> <span class='ocrx_word' id='word_1_31' title='bbox 326 683 392 761; x_wconf 73' lang='lat' dir='ltr'>qua</span> <span class='ocrx_word' id='word_1_32' title='bbox 404 681 546 743; x_wconf 89' lang='lat' dir='ltr'>mundus</span> <span class='ocrx_word' id='word_1_33' title='bbox 560 679 720 741; x_wconf 86' lang='lat' dir='ltr'>formatus</span> <span class='ocrx_word' id='word_1_34' title='bbox 734 678 838 755; x_wconf 87' lang='lat' dir='ltr'>suerit,</span> <span class='ocrx_word' id='word_1_35' title='bbox 851 688 1099 753; x_wconf 84' lang='lat' dir='ltr'>commemorat,</span> <span class='ocrx_word' id='word_1_36' title='bbox 1112 677 1168 738; x_wconf 89' lang='lat' dir='ltr'>sed</span> 
     </span>
     <span class='ocr_line' id='line_1_6' title="bbox 63 781 1170 864; baseline -0.005 -20"><span class='ocrx_word' id='word_1_37' title='bbox 63 804 82 844; x_wconf 95' lang='lat' dir='ltr'>e</span> <span class='ocrx_word' id='word_1_38' title='bbox 99 792 220 845; x_wconf 89' lang='lat' dir='ltr'>contra</span> <span class='ocrx_word' id='word_1_39' title='bbox 236 783 394 864; x_wconf 88' lang='lat' dir='ltr'>implicite</span> <span class='ocrx_word' id='word_1_40' title='bbox 406 782 524 846; x_wconf 91' lang='lat' dir='ltr'>saltem</span> <span class='ocrx_word' id='word_1_41' title='bbox 535 803 609 844; x_wconf 91' lang='lat' dir='ltr'>eam</span> <span class='ocrx_word' id='word_1_42' title='bbox 621 782 787 860; x_wconf 89' lang='lat' dir='ltr'>excludit;</span> <span class='ocrx_word' id='word_1_43' title='bbox 811 803 887 845; x_wconf 91' lang='lat' dir='ltr'>nam</span> <span class='ocrx_word' id='word_1_44' title='bbox 901 783 1036 864; x_wconf 87' lang='lat' dir='ltr'>quando</span> <span class='ocrx_word' id='word_1_45' title='bbox 1046 783 1087 844; x_wconf 88' lang='lat' dir='ltr'>de</span> <span class='ocrx_word' id='word_1_46' title='bbox 1099 781 1170 842; x_wconf 93' lang='lat' dir='ltr'>aliis</span> 
     </span>
     <span class='ocr_line' id='line_1_7' title="bbox 63 883 1169 968; baseline -0.004 -19"><span class='ocrx_word' id='word_1_47' title='bbox 63 886 225 968; x_wconf 87' lang='lat' dir='ltr'>operibus</span> <span class='ocrx_word' id='word_1_48' title='bbox 242 885 395 966; x_wconf 91' lang='lat' dir='ltr'>loquitur,</span> <span class='ocrx_word' id='word_1_49' title='bbox 409 887 581 949; x_wconf 88' lang='lat' dir='ltr'>materiam</span> <span class='ocrx_word' id='word_1_50' title='bbox 595 907 639 948; x_wconf 90' lang='lat' dir='ltr'>ex</span> <span class='ocrx_word' id='word_1_51' title='bbox 653 889 718 966; x_wconf 73' lang='lat' dir='ltr'>qua</span> <span class='ocrx_word' id='word_1_52' title='bbox 730 883 882 949; x_wconf 63' lang='lat' dir='ltr'>constitu</span> <span class='ocrx_word' id='word_1_53' title='bbox 895 886 1024 949; x_wconf 88' lang='lat' dir='ltr'>fuerant</span> <span class='ocrx_word' id='word_1_54' title='bbox 1037 885 1169 958; x_wconf 90' lang='lat' dir='ltr'>indicat,</span> 
     </span>
     <span class='ocr_line' id='line_1_8' title="bbox 63 988 1168 1070; baseline 0 -20"><span class='ocrx_word' id='word_1_55' title='bbox 63 1011 92 1051; x_wconf 90' lang='lat' dir='ltr'>v.</span> <span class='ocrx_word' id='word_1_56' title='bbox 110 1009 141 1070; x_wconf 88' lang='lat' dir='ltr'>g.</span> <span class='ocrx_word' id='word_1_57' title='bbox 160 993 177 1020; x_wconf 87' lang='lat'>“</span> <span class='ocrx_word' id='word_1_58' title='bbox 189 989 217 1050; x_wconf 90' lang='lat' dir='ltr'>F</span> <span class='ocrx_word' id='word_1_59' title='bbox 218 990 360 1051; x_wconf 91' lang='lat' dir='ltr'>ormavit</span> <span class='ocrx_word' id='word_1_60' title='bbox 376 989 472 1070; x_wconf 82' lang='lat' dir='ltr'>igitur</span> <span class='ocrx_word' id='word_1_61' title='bbox 487 991 655 1051; x_wconf 68' lang='lat' dir='ltr'>‘Dominus</span> <span class='ocrx_word' id='word_1_62' title='bbox 673 989 765 1051; x_wconf 90' lang='lat' dir='ltr'>Deus</span> <span class='ocrx_word' id='word_1_63' title='bbox 781 988 949 1052; x_wconf 88' lang='lat' dir='ltr'>hominem</span> <span class='ocrx_word' id='word_1_64' title='bbox 966 989 1004 1050; x_wconf 81' lang='lat' dir='ltr'>de</span> <span class='ocrx_word' id='word_1_65' title='bbox 1020 988 1096 1050; x_wconf 82' lang='lat' dir='ltr'>limo</span> <span class='ocrx_word' id='word_1_66' title='bbox 1109 997 1168 1050; x_wconf 80' lang='lat' dir='ltr'>ter-</span> 
     </span>
     <span class='ocr_line' id='line_1_9' title="bbox 64 1089 1255 1172; baseline -0.001 -19"><span class='ocrx_word' id='word_1_67' title='bbox 64 1113 136 1154; x_wconf 77' lang='lat' dir='ltr'>rae...</span> <span class='ocrx_word' id='word_1_68' title='bbox 156 1091 307 1153; x_wconf 80' lang='lat' dir='ltr'>formatis</span> <span class='ocrx_word' id='word_1_69' title='bbox 331 1092 439 1172; x_wconf 81' lang='lat' dir='ltr'>igitur,</span> <span class='ocrx_word' id='word_1_70' title='bbox 457 1092 623 1154; x_wconf 89' lang='lat' dir='ltr'>Dominus</span> <span class='ocrx_word' id='word_1_71' title='bbox 648 1092 750 1168; x_wconf 77' lang='lat' dir='ltr'>DeuS,</span> <span class='ocrx_word' id='word_1_72' title='bbox 773 1093 812 1154; x_wconf 83' lang='lat' dir='ltr'>de</span> <span class='ocrx_word' id='word_1_73' title='bbox 833 1092 931 1155; x_wconf 77' lang='lat' dir='ltr'>leurno</span> <span class='ocrx_word' id='word_1_74' title='bbox 953 1089 1077 1154; x_wconf 66' lang='lat' dir='ltr'>cunctis</span> <span class='ocrx_word' id='word_1_75' title='bbox 1101 1092 1168 1153; x_wconf 92' lang='lat' dir='ltr'>ani·</span> <span class='ocrx_word' id='word_1_76' title='bbox 1252 1129 1255 1135; x_wconf 92' lang='lat'>-</span> 
     </span>
     <span class='ocr_line' id='line_1_10' title="bbox 65 1194 1169 1277; baseline 0 -21"><span class='ocrx_word' id='word_1_77' title='bbox 65 1194 239 1256; x_wconf 87' lang='lat' dir='ltr'>mantibus</span> <span class='ocrx_word' id='word_1_78' title='bbox 255 1195 404 1271; x_wconf 84' lang='lat' dir='ltr'>terrae&#39;&#39;1;</span> <span class='ocrx_word' id='word_1_79' title='bbox 429 1197 486 1258; x_wconf 91' lang='lat' dir='ltr'>sed</span> <span class='ocrx_word' id='word_1_80' title='bbox 504 1196 638 1276; x_wconf 87' lang='lat' dir='ltr'>quando</span> <span class='ocrx_word' id='word_1_81' title='bbox 655 1196 764 1277; x_wconf 86' lang='lat' dir='ltr'>agitur</span> <span class='ocrx_word' id='word_1_82' title='bbox 784 1197 1014 1258; x_wconf 86' lang='lat' dir='ltr'>decreatione</span> <span class='ocrx_word' id='word_1_83' title='bbox 1038 1195 1112 1257; x_wconf 89' lang='lat' dir='ltr'>coeli</span> <span class='ocrx_word' id='word_1_84' title='bbox 1136 1205 1169 1257; x_wconf 95' lang='lat' dir='ltr'>et</span> 
     </span>
     <span class='ocr_line' id='line_1_11' title="bbox 65 1295 1168 1380; baseline 0.003 -23"><span class='ocrx_word' id='word_1_85' title='bbox 65 1306 172 1371; x_wconf 86' lang='lat' dir='ltr'>terrae,</span> <span class='ocrx_word' id='word_1_86' title='bbox 190 1296 232 1357; x_wconf 91' lang='lat' dir='ltr'>de</span> <span class='ocrx_word' id='word_1_87' title='bbox 250 1296 387 1358; x_wconf 71' lang='lat' dir='ltr'>materia</span> <span class='ocrx_word' id='word_1_88' title='bbox 405 1295 605 1377; x_wconf 86' lang='lat' dir='ltr'>praejacente</span> <span class='ocrx_word' id='word_1_89' title='bbox 622 1317 755 1377; x_wconf 90' lang='lat' dir='ltr'>prorsus</span> <span class='ocrx_word' id='word_1_90' title='bbox 773 1297 857 1374; x_wconf 90' lang='lat' dir='ltr'>silet,</span> <span class='ocrx_word' id='word_1_91' title='bbox 869 1318 1009 1380; x_wconf 90' lang='lat' dir='ltr'>eamque</span> <span class='ocrx_word' id='word_1_92' title='bbox 1026 1299 1168 1380; x_wconf 85' lang='lat' dir='ltr'>aequiva-</span> 
     </span>
     <span class='ocr_line' id='line_1_12' title="bbox 64 1397 1168 1483; baseline 0.005 -24"><span class='ocrx_word' id='word_1_93' title='bbox 64 1399 175 1461; x_wconf 90' lang='lat' dir='ltr'>lenter</span> <span class='ocrx_word' id='word_1_94' title='bbox 191 1397 309 1461; x_wconf 90' lang='lat' dir='ltr'>saltem</span> <span class='ocrx_word' id='word_1_95' title='bbox 327 1399 486 1464; x_wconf 87' lang='lat' dir='ltr'>excludit.</span> <span class='ocrx_word' id='word_1_96' title='bbox 533 1399 682 1463; x_wconf 82' lang='lat' dir='ltr'>Aliunde</span> <span class='ocrx_word' id='word_1_97' title='bbox 698 1401 724 1461; x_wconf 93' lang='lat' dir='ltr'>si</span> <span class='ocrx_word' id='word_1_98' title='bbox 741 1402 867 1483; x_wconf 92' lang='lat' dir='ltr'>primus</span> <span class='ocrx_word' id='word_1_99' title='bbox 883 1424 996 1465; x_wconf 88' lang='lat' dir='ltr'>versus</span> <span class='ocrx_word' id='word_1_100' title='bbox 1020 1423 1095 1465; x_wconf 91' lang='lat' dir='ltr'>cum</span> <span class='ocrx_word' id='word_1_101' title='bbox 1119 1423 1168 1465; x_wconf 88' lang='lat' dir='ltr'>se-</span> 
     </span>
     <span class='ocr_line' id='line_1_13' title="bbox 64 1500 1169 1587; baseline 0.004 -24"><span class='ocrx_word' id='word_1_102' title='bbox 64 1500 247 1583; x_wconf 91' lang='lat' dir='ltr'>quentibus</span> <span class='ocrx_word' id='word_1_103' title='bbox 278 1501 475 1578; x_wconf 83' lang='lat' dir='ltr'>conseratur,</span> <span class='ocrx_word' id='word_1_104' title='bbox 499 1512 592 1585; x_wconf 90' lang='lat' dir='ltr'>patet</span> <span class='ocrx_word' id='word_1_105' title='bbox 623 1504 657 1565; x_wconf 92' lang='lat' dir='ltr'>in</span> <span class='ocrx_word' id='word_1_106' title='bbox 682 1503 738 1564; x_wconf 93' lang='lat' dir='ltr'>illo</span> <span class='ocrx_word' id='word_1_107' title='bbox 761 1505 814 1585; x_wconf 88' lang='lat' dir='ltr'>agi</span> <span class='ocrx_word' id='word_1_108' title='bbox 838 1506 880 1568; x_wconf 92' lang='lat' dir='ltr'>de</span> <span class='ocrx_word' id='word_1_109' title='bbox 904 1507 1010 1587; x_wconf 69' lang='lat' dir='ltr'>prima</span> <span class='ocrx_word' id='word_1_110' title='bbox 1033 1506 1169 1568; x_wconf 88' lang='lat' dir='ltr'>omnino</span> 
     </span>
     <span class='ocr_line' id='line_1_14' title="bbox 64 1604 1165 1693; baseline 0.005 -27"><span class='ocrx_word' id='word_1_111' title='bbox 64 1625 176 1667; x_wconf 90' lang='lat' dir='ltr'>rerum</span> <span class='ocrx_word' id='word_1_112' title='bbox 201 1605 337 1688; x_wconf 86' lang='lat' dir='ltr'>origine,</span> <span class='ocrx_word' id='word_1_113' title='bbox 360 1626 401 1669; x_wconf 92' lang='lat' dir='ltr'>sc.</span> <span class='ocrx_word' id='word_1_114' title='bbox 427 1607 469 1669; x_wconf 92' lang='lat' dir='ltr'>de</span> <span class='ocrx_word' id='word_1_115' title='bbox 493 1607 564 1688; x_wconf 73' lang='lat' dir='ltr'>ipsa</span> <span class='ocrx_word' id='word_1_116' title='bbox 588 1607 736 1669; x_wconf 82' lang='lat' dir='ltr'>materiae</span> <span class='ocrx_word' id='word_1_117' title='bbox 760 1606 988 1688; x_wconf 68' lang='lat' dir='ltr'>produitione,</span> <span class='ocrx_word' id='word_1_118' title='bbox 1013 1626 1090 1671; x_wconf 90' lang='lat' dir='ltr'>nam</span> <span class='ocrx_word' id='word_1_119' title='bbox 1110 1604 1165 1693; x_wconf 85' lang='lat'>(2)</span> 
     </span>
     <span class='ocr_line' id='line_1_15' title="bbox 63 1708 1167 1791; baseline 0.001 -20"><span class='ocrx_word' id='word_1_120' title='bbox 63 1718 153 1771; x_wconf 91' lang='lat' dir='ltr'>terra</span> <span class='ocrx_word' id='word_1_121' title='bbox 170 1708 291 1771; x_wconf 88' lang='lat' dir='ltr'>dicitur</span> <span class='ocrx_word' id='word_1_122' title='bbox 307 1708 417 1770; x_wconf 78' lang='lat' dir='ltr'>z‘nam&#39;s</span> <span class='ocrx_word' id='word_1_123' title='bbox 432 1717 463 1773; x_wconf 83' lang='lat' dir='ltr'>et</span> <span class='ocrx_word' id='word_1_124' title='bbox 476 1729 595 1783; x_wconf 65' lang='lat' dir='ltr'>vacum·</span> <span class='ocrx_word' id='word_1_125' title='bbox 619 1710 698 1772; x_wconf 92' lang='lat' dir='ltr'>dum</span> <span class='ocrx_word' id='word_1_126' title='bbox 716 1710 748 1771; x_wconf 90' lang='lat' dir='ltr'>in</span> <span class='ocrx_word' id='word_1_127' title='bbox 766 1709 816 1772; x_wconf 90' lang='lat' dir='ltr'>his</span> <span class='ocrx_word' id='word_1_128' title='bbox 829 1713 970 1791; x_wconf 86' lang='lat' dir='ltr'>quaestio</span> <span class='ocrx_word' id='word_1_129' title='bbox 982 1721 1033 1774; x_wconf 90' lang='lat' dir='ltr'>est</span> <span class='ocrx_word' id='word_1_130' title='bbox 1045 1713 1086 1776; x_wconf 88' lang='lat' dir='ltr'>de</span> <span class='ocrx_word' id='word_1_131' title='bbox 1100 1732 1167 1773; x_wconf 90' lang='lat' dir='ltr'>ma-</span> 
     </span>
     <span class='ocr_line' id='line_1_16' title="bbox 63 1811 1167 1896; baseline 0.003 -23"><span class='ocrx_word' id='word_1_132' title='bbox 63 1812 158 1874; x_wconf 84' lang='lat' dir='ltr'>teriae</span> <span class='ocrx_word' id='word_1_133' title='bbox 172 1811 244 1892; x_wconf 87' lang='lat' dir='ltr'>jam</span> <span class='ocrx_word' id='word_1_134' title='bbox 260 1811 438 1888; x_wconf 85' lang='lat' dir='ltr'>existentis</span> <span class='ocrx_word' id='word_1_135' title='bbox 454 1811 680 1876; x_wconf 87' lang='lat' dir='ltr'>elaboratione</span> <span class='ocrx_word' id='word_1_136' title='bbox 696 1833 733 1873; x_wconf 90' lang='lat' dir='ltr'>ac</span> <span class='ocrx_word' id='word_1_137' title='bbox 757 1813 970 1892; x_wconf 84' lang='lat' dir='ltr'>formatione;</span> <span class='ocrx_word' id='word_1_138' title='bbox 993 1834 1073 1896; x_wconf 88' lang='lat' dir='ltr'>ergo</span> <span class='ocrx_word' id='word_1_139' title='bbox 1096 1815 1167 1895; x_wconf 90' lang='lat' dir='ltr'>ipsa</span> 
     </span>
     <span class='ocr_line' id='line_1_17' title="bbox 63 1911 585 1996; baseline 0.002 -21"><span class='ocrx_word' id='word_1_140' title='bbox 63 1913 207 1977; x_wconf 87' lang='lat' dir='ltr'>materia</span> <span class='ocrx_word' id='word_1_141' title='bbox 224 1933 244 1974; x_wconf 88' lang='lat' dir='ltr'>a</span> <span class='ocrx_word' id='word_1_142' title='bbox 260 1914 338 1976; x_wconf 89' lang='lat' dir='ltr'>Deo</span> <span class='ocrx_word' id='word_1_143' title='bbox 351 1911 511 1996; x_wconf 69' lang='lat' dir='ltr'>produdta</span> <span class='ocrx_word' id='word_1_144' title='bbox 528 1925 585 1976; x_wconf 89' lang='lat' dir='ltr'>est.</span> 
     </span>
    </p>

    <p class='ocr_par' dir='ltr' id='par_1_3' title="bbox 57 2017 1231 4166">
     <span class='ocr_line' id='line_1_18' title="bbox 107 2017 1166 2103; baseline 0.002 -20"><span class='ocrx_word' id='word_1_145' title='bbox 107 2017 168 2101; x_wconf 86' lang='lat' dir='ltr'>(C)</span> <span class='ocrx_word' id='word_1_146' title='bbox 185 2021 337 2082; x_wconf 88' lang='lat' dir='ltr'>Tandem</span> <span class='ocrx_word' id='word_1_147' title='bbox 355 2041 399 2081; x_wconf 91' lang='lat' dir='ltr'>ex</span> <span class='ocrx_word' id='word_1_148' title='bbox 416 2019 490 2082; x_wconf 84' lang='lat' dir='ltr'>locis</span> <span class='ocrx_word' id='word_1_149' title='bbox 498 2018 672 2100; x_wconf 81' lang='lat' dir='ltr'>parallelis</span> <span class='ocrx_word' id='word_1_150' title='bbox 695 2039 745 2080; x_wconf 88' lang='lat' dir='ltr'>res</span> <span class='ocrx_word' id='word_1_151' title='bbox 769 2021 907 2083; x_wconf 88' lang='lat' dir='ltr'>omniuo</span> <span class='ocrx_word' id='word_1_152' title='bbox 930 2032 1020 2084; x_wconf 90' lang='lat' dir='ltr'>certa</span> <span class='ocrx_word' id='word_1_153' title='bbox 1041 2024 1166 2103; x_wconf 83' lang='lat' dir='ltr'>evadit3</span> 
     </span>
     <span class='ocr_line' id='line_1_19' title="bbox 63 2108 1166 2207; baseline 0.005 -22"><span class='ocrx_word' id='word_1_154' title='bbox 63 2133 174 2185; x_wconf 86' lang='lat' dir='ltr'>mater</span> <span class='ocrx_word' id='word_1_155' title='bbox 186 2123 272 2185; x_wconf 89' lang='lat' dir='ltr'>enim</span> <span class='ocrx_word' id='word_1_156' title='bbox 289 2108 557 2186; x_wconf 84' lang='lat' dir='ltr'>Machabaeorum</span> <span class='ocrx_word' id='word_1_157' title='bbox 572 2142 673 2183; x_wconf 90' lang='lat' dir='ltr'>unum</span> <span class='ocrx_word' id='word_1_158' title='bbox 688 2143 732 2184; x_wconf 88' lang='lat' dir='ltr'>ex</span> <span class='ocrx_word' id='word_1_159' title='bbox 746 2123 821 2186; x_wconf 87' lang='lat' dir='ltr'>filiis</span> <span class='ocrx_word' id='word_1_160' title='bbox 834 2125 957 2187; x_wconf 82' lang='lat' dir='ltr'>suissic</span> <span class='ocrx_word' id='word_1_161' title='bbox 970 2125 1166 2207; x_wconf 90' lang='lat' dir='ltr'>alloquitur:</span> 
     </span>
     <span class='ocr_line' id='line_1_20' title="bbox 63 2213 1167 2308; baseline 0.005 -20"><span class='ocrx_word' id='word_1_162' title='bbox 63 2233 78 2259; x_wconf 79' lang='lat'>‘⁸</span> <span class='ocrx_word' id='word_1_163' title='bbox 91 2229 186 2302; x_wconf 81' lang='lat' dir='ltr'>Petu,</span> <span class='ocrx_word' id='word_1_164' title='bbox 202 2213 288 2304; x_wconf 85' lang='lat' dir='ltr'>nate,</span> <span class='ocrx_word' id='word_1_165' title='bbox 305 2236 341 2289; x_wconf 92' lang='lat' dir='ltr'>ut</span> <span class='ocrx_word' id='word_1_166' title='bbox 358 2226 499 2308; x_wconf 83' lang='lat' dir='ltr'>aspicias</span> <span class='ocrx_word' id='word_1_167' title='bbox 516 2227 558 2288; x_wconf 88' lang='lat' dir='ltr'>ad</span> <span class='ocrx_word' id='word_1_168' title='bbox 583 2226 704 2288; x_wconf 87' lang='lat' dir='ltr'>coelum</span> <span class='ocrx_word' id='word_1_169' title='bbox 729 2237 762 2289; x_wconf 93' lang='lat' dir='ltr'>et</span> <span class='ocrx_word' id='word_1_170' title='bbox 786 2237 916 2306; x_wconf 89' lang='lat' dir='ltr'>terram,</span> <span class='ocrx_word' id='word_1_171' title='bbox 932 2239 965 2293; x_wconf 91' lang='lat' dir='ltr'>et</span> <span class='ocrx_word' id='word_1_172' title='bbox 989 2231 1031 2293; x_wconf 90' lang='lat' dir='ltr'>ad</span> <span class='ocrx_word' id='word_1_173' title='bbox 1055 2233 1167 2294; x_wconf 88' lang='lat' dir='ltr'>omnia</span> 
     </span>
     <span class='ocr_line' id='line_1_21' title="bbox 63 2328 1165 2410; baseline 0.007 -19"><span class='ocrx_word' id='word_1_174' title='bbox 63 2351 140 2410; x_wconf 86' lang='lat' dir='ltr'>quae</span> <span class='ocrx_word' id='word_1_175' title='bbox 158 2329 191 2390; x_wconf 89' lang='lat' dir='ltr'>in</span> <span class='ocrx_word' id='word_1_176' title='bbox 209 2329 255 2390; x_wconf 90' lang='lat' dir='ltr'>eis</span> <span class='ocrx_word' id='word_1_177' title='bbox 273 2338 359 2405; x_wconf 91' lang='lat' dir='ltr'>sunt,</span> <span class='ocrx_word' id='word_1_178' title='bbox 376 2338 409 2390; x_wconf 89' lang='lat' dir='ltr'>et</span> <span class='ocrx_word' id='word_1_179' title='bbox 426 2328 592 2409; x_wconf 82' lang='lat' dir='ltr'>intelligas</span> <span class='ocrx_word' id='word_1_180' title='bbox 609 2329 687 2408; x_wconf 90' lang='lat' dir='ltr'>quia</span> <span class='ocrx_word' id='word_1_181' title='bbox 703 2332 853 2394; x_wconf 77' lang='lat' dir='ltr'>exnz&#39;llilo</span> <span class='ocrx_word' id='word_1_182' title='bbox 866 2333 942 2395; x_wconf 87' lang='lat' dir='ltr'>fecit</span> <span class='ocrx_word' id='word_1_183' title='bbox 955 2333 1010 2395; x_wconf 84' lang='lat' dir='ltr'>illa</span> <span class='ocrx_word' id='word_1_184' title='bbox 1024 2335 1165 2399; x_wconf 82' lang='lat' dir='ltr'>Deus&#39;’&#39;².</span> 
     </span>
     <span class='ocr_line' id='line_1_22' title="bbox 64 2432 1166 2520; baseline 0.005 -25"><span class='ocrx_word' id='word_1_185' title='bbox 64 2433 152 2514; x_wconf 84' lang='lat' dir='ltr'>Quae</span> <span class='ocrx_word' id='word_1_186' title='bbox 169 2433 303 2513; x_wconf 91' lang='lat' dir='ltr'>quidem</span> <span class='ocrx_word' id='word_1_187' title='bbox 322 2433 421 2496; x_wconf 88' lang='lat' dir='ltr'>verba</span> <span class='ocrx_word' id='word_1_188' title='bbox 438 2432 524 2494; x_wconf 89' lang='lat' dir='ltr'>clare</span> <span class='ocrx_word' id='word_1_189' title='bbox 536 2433 718 2495; x_wconf 89' lang='lat' dir='ltr'>ostendunt</span> <span class='ocrx_word' id='word_1_190' title='bbox 730 2438 901 2514; x_wconf 90' lang='lat' dir='ltr'>quomodo</span> <span class='ocrx_word' id='word_1_191' title='bbox 912 2438 1090 2501; x_wconf 90' lang='lat' dir='ltr'>versiculus</span> <span class='ocrx_word' id='word_1_192' title='bbox 1103 2441 1166 2520; x_wconf 91' lang='lat' dir='ltr'>pri-</span> 
     </span>
     <span class='ocr_line' id='line_1_23' title="bbox 64 2535 1165 2620; baseline 0.005 -22"><span class='ocrx_word' id='word_1_193' title='bbox 64 2557 140 2598; x_wconf 89' lang='lat' dir='ltr'>mus</span> <span class='ocrx_word' id='word_1_194' title='bbox 158 2537 297 2599; x_wconf 91' lang='lat' dir='ltr'>Genesis</span> <span class='ocrx_word' id='word_1_195' title='bbox 314 2557 334 2597; x_wconf 91' lang='lat' dir='ltr'>a</span> <span class='ocrx_word' id='word_1_196' title='bbox 356 2536 482 2618; x_wconf 87' lang='lat' dir='ltr'>Judaeis</span> <span class='ocrx_word' id='word_1_197' title='bbox 506 2535 759 2616; x_wconf 86' lang='lat' dir='ltr'>intelligeretur;</span> <span class='ocrx_word' id='word_1_198' title='bbox 783 2548 815 2600; x_wconf 92' lang='lat' dir='ltr'>et</span> <span class='ocrx_word' id='word_1_199' title='bbox 839 2551 940 2620; x_wconf 88' lang='lat' dir='ltr'>quum</span> <span class='ocrx_word' id='word_1_200' title='bbox 957 2550 1079 2604; x_wconf 77' lang='lat' dir='ltr'>&#39;mater&#39;</span> <span class='ocrx_word' id='word_1_201' title='bbox 1094 2544 1165 2604; x_wconf 90' lang='lat' dir='ltr'>Ma-</span> 
     </span>
     <span class='ocr_line' id='line_1_24' title="bbox 62 2638 1166 2727; baseline 0.007 -26"><span class='ocrx_word' id='word_1_202' title='bbox 62 2640 277 2702; x_wconf 87' lang='lat' dir='ltr'>chabaeorum</span> <span class='ocrx_word' id='word_1_203' title='bbox 293 2638 453 2721; x_wconf 67' lang='lat' dir='ltr'>sapientiai</span> <span class='ocrx_word' id='word_1_204' title='bbox 469 2639 586 2719; x_wconf 77' lang='lat' dir='ltr'>repleta</span> <span class='ocrx_word' id='word_1_205' title='bbox 603 2640 821 2723; x_wconf 66' lang='lat' dir='ltr'>dicaturlzl),</span> <span class='ocrx_word' id='word_1_206' title='bbox 832 2644 904 2723; x_wconf 88' lang='lat' dir='ltr'>ejus</span> <span class='ocrx_word' id='word_1_207' title='bbox 916 2646 1015 2707; x_wconf 88' lang='lat' dir='ltr'>verba</span> <span class='ocrx_word' id='word_1_208' title='bbox 1024 2647 1166 2727; x_wconf 81' lang='lat' dir='ltr'>‘probare</span> 
     </span>
     <span class='ocr_line' id='line_1_25' title="bbox 63 2743 1166 2829; baseline 0.004 -23"><span class='ocrx_word' id='word_1_209' title='bbox 63 2743 210 2824; x_wconf 91' lang='lat' dir='ltr'>Spiritus</span> <span class='ocrx_word' id='word_1_210' title='bbox 227 2743 258 2807; x_wconf 88' lang='lat' dir='ltr'>S.</span> <span class='ocrx_word' id='word_1_211' title='bbox 276 2744 460 2805; x_wconf 88' lang='lat' dir='ltr'>censendus</span> <span class='ocrx_word' id='word_1_212' title='bbox 477 2751 534 2804; x_wconf 90' lang='lat' dir='ltr'>est.</span> <span class='ocrx_word' id='word_1_213' title='bbox 583 2743 700 2823; x_wconf 90' lang='lat' dir='ltr'>Neque</span> <span class='ocrx_word' id='word_1_214' title='bbox 716 2744 814 2826; x_wconf 90' lang='lat' dir='ltr'>objici</span> <span class='ocrx_word' id='word_1_215' title='bbox 833 2758 971 2827; x_wconf 87' lang='lat' dir='ltr'>possunt</span> <span class='ocrx_word' id='word_1_216' title='bbox 984 2749 1083 2815; x_wconf 82' lang='lat' dir='ltr'>verba</span> <span class='ocrx_word' id='word_1_217' title='bbox 1096 2751 1166 2829; x_wconf 91' lang='lat' dir='ltr'>qui-</span> 
     </span>
     <span class='ocr_line' id='line_1_26' title="bbox 63 2846 1164 2913; baseline 0.005 -6"><span class='ocrx_word' id='word_1_218' title='bbox 63 2846 126 2908; x_wconf 91' lang='lat' dir='ltr'>bus</span> <span class='ocrx_word' id='word_1_219' title='bbox 137 2847 233 2909; x_wconf 52' lang='lat' dir='ltr'>*orbis</span> <span class='ocrx_word' id='word_1_220' title='bbox 249 2856 410 2909; x_wconf 84' lang='lat' dir='ltr'>terrarum</span> <span class='ocrx_word' id='word_1_221' title='bbox 427 2846 548 2909; x_wconf 84' lang='lat' dir='ltr'>dicitur</span> <span class='ocrx_word' id='word_1_222' title='bbox 563 2866 603 2906; x_wconf 76' lang='lat' dir='ltr'>ex</span> <span class='ocrx_word' id='word_1_223' title='bbox 624 2846 761 2909; x_wconf 74' lang='lat' dir='ltr'>irralerz’cl</span> <span class='ocrx_word' id='word_1_224' title='bbox 783 2859 931 2911; x_wconf 90' lang='lat' dir='ltr'>creatus:</span> <span class='ocrx_word' id='word_1_225' title='bbox 955 2855 971 2882; x_wconf 89' lang='lat'><strong>“</strong></span> <span class='ocrx_word' id='word_1_226' title='bbox 984 2852 1013 2913; x_wconf 94' lang='lat' dir='ltr'>N</span> <span class='ocrx_word' id='word_1_227' title='bbox 1017 2871 1059 2911; x_wconf 90' lang='lat' dir='ltr'>on</span> <span class='ocrx_word' id='word_1_228' title='bbox 1077 2853 1164 2913; x_wconf 91' lang='lat' dir='ltr'>enim</span> 
     </span>
     <span class='ocr_line' id='line_1_27' title="bbox 61 2950 1164 3032; baseline 0.006 -21"><span class='ocrx_word' id='word_1_229' title='bbox 61 2951 280 3031; x_wconf 89' lang='lat' dir='ltr'>impossibilis</span> <span class='ocrx_word' id='word_1_230' title='bbox 297 2960 367 3013; x_wconf 86' lang='lat' dir='ltr'>erat</span> <span class='ocrx_word' id='word_1_231' title='bbox 384 2950 596 3031; x_wconf 90' lang='lat' dir='ltr'>omnipotens</span> <span class='ocrx_word' id='word_1_232' title='bbox 615 2969 731 3012; x_wconf 82' lang='lat' dir='ltr'>manus</span> <span class='ocrx_word' id='word_1_233' title='bbox 749 2959 814 3028; x_wconf 90' lang='lat' dir='ltr'>tua,</span> <span class='ocrx_word' id='word_1_234' title='bbox 825 2973 900 3032; x_wconf 85' lang='lat' dir='ltr'>quae</span> <span class='ocrx_word' id='word_1_235' title='bbox 913 2956 1035 3017; x_wconf 88' lang='lat' dir='ltr'>creavit</span> <span class='ocrx_word' id='word_1_236' title='bbox 1051 2955 1164 3017; x_wconf 90' lang='lat' dir='ltr'>orbem</span> 
     </span>
     <span class='ocr_line' id='line_1_28' title="bbox 61 3050 1166 3140; baseline 0.007 -26"><span class='ocrx_word' id='word_1_237' title='bbox 61 3063 225 3115; x_wconf 89' lang='lat' dir='ltr'>terrarum</span> <span class='ocrx_word' id='word_1_238' title='bbox 236 3074 276 3116; x_wconf 76' lang='lat' dir='ltr'>ex</span> <span class='ocrx_word' id='word_1_239' title='bbox 284 3050 423 3115; x_wconf 70' lang='lat' dir='ltr'>materali</span> <span class='ocrx_word' id='word_1_240' title='bbox 435 3051 618 3128; x_wconf 78' lang='lat' dir='ltr'>invz&#39;sl...”³;</span> <span class='ocrx_word' id='word_1_241' title='bbox 642 3074 719 3115; x_wconf 90' lang='lat' dir='ltr'>nam</span> <span class='ocrx_word' id='word_1_242' title='bbox 734 3055 861 3135; x_wconf 89' lang='lat' dir='ltr'>duplex</span> <span class='ocrx_word' id='word_1_243' title='bbox 874 3059 997 3120; x_wconf 91' lang='lat' dir='ltr'>creatio</span> <span class='ocrx_word' id='word_1_244' title='bbox 1007 3059 1166 3140; x_wconf 81' lang='lat' dir='ltr'>distingui</span> 
     </span>
     <span class='ocr_line' id='line_1_29' title="bbox 60 3153 1164 3238; baseline 0.006 -20"><span class='ocrx_word' id='word_1_245' title='bbox 60 3165 196 3238; x_wconf 91' lang='lat' dir='ltr'>potest:</span> <span class='ocrx_word' id='word_1_246' title='bbox 220 3156 317 3236; x_wconf 85' lang='lat' dir='ltr'>prior,</span> <span class='ocrx_word' id='word_1_247' title='bbox 333 3156 465 3237; x_wconf 91' lang='lat' dir='ltr'>proprie</span> <span class='ocrx_word' id='word_1_248' title='bbox 480 3153 578 3231; x_wconf 66' lang='lat' dir='ltr'>dicta,</span> <span class='ocrx_word' id='word_1_249' title='bbox 595 3160 661 3236; x_wconf 65' lang='lat' dir='ltr'>quel</span> <span class='ocrx_word' id='word_1_250' title='bbox 678 3178 729 3219; x_wconf 85' lang='lat' dir='ltr'>res</span> <span class='ocrx_word' id='word_1_251' title='bbox 742 3161 935 3238; x_wconf 86' lang='lat' dir='ltr'>producitur</span> <span class='ocrx_word' id='word_1_252' title='bbox 947 3183 989 3224; x_wconf 89' lang='lat' dir='ltr'>ex</span> <span class='ocrx_word' id='word_1_253' title='bbox 1001 3163 1104 3225; x_wconf 90' lang='lat' dir='ltr'>nihilo</span> <span class='ocrx_word' id='word_1_254' title='bbox 1116 3166 1164 3227; x_wconf 91' lang='lat' dir='ltr'>sui</span> 
     </span>
     <span class='ocr_line' id='line_1_30' title="bbox 60 3256 1229 3346; baseline 0.005 -24"><span class='ocrx_word' id='word_1_255' title='bbox 60 3271 94 3323; x_wconf 88' lang='lat' dir='ltr'>et</span> <span class='ocrx_word' id='word_1_256' title='bbox 110 3256 444 3341; x_wconf 63' lang='lat' dir='ltr'>subjectiposterior</span> <span class='ocrx_word' id='word_1_257' title='bbox 460 3260 640 3341; x_wconf 91' lang='lat' dir='ltr'>improprie</span> <span class='ocrx_word' id='word_1_258' title='bbox 657 3256 755 3335; x_wconf 64' lang='lat' dir='ltr'>dieta,</span> <span class='ocrx_word' id='word_1_259' title='bbox 772 3267 837 3340; x_wconf 73' lang='lat' dir='ltr'>qua</span> <span class='ocrx_word' id='word_1_260' title='bbox 855 3267 993 3326; x_wconf 89' lang='lat' dir='ltr'>materia</span> <span class='ocrx_word' id='word_1_261' title='bbox 1007 3266 1077 3346; x_wconf 89' lang='lat' dir='ltr'>jam</span> <span class='ocrx_word' id='word_1_262' title='bbox 1095 3267 1164 3328; x_wconf 87' lang='lat' dir='ltr'>exi·</span> <span class='ocrx_word' id='word_1_263' title='bbox 1226 3306 1229 3314; x_wconf 87' lang='lat'>-</span> 
     </span>
     <span class='ocr_line' id='line_1_31' title="bbox 60 3363 1231 3445; baseline -0.001 -19"><span class='ocrx_word' id='word_1_264' title='bbox 60 3375 154 3427; x_wconf 86' lang='lat' dir='ltr'>stens</span> <span class='ocrx_word' id='word_1_265' title='bbox 179 3363 352 3439; x_wconf 60' lang='lat' dir='ltr'>formatum</span> <span class='ocrx_word' id='word_1_266' title='bbox 375 3364 467 3443; x_wconf 88' lang='lat' dir='ltr'>atqui</span> <span class='ocrx_word' id='word_1_267' title='bbox 492 3364 524 3425; x_wconf 89' lang='lat' dir='ltr'>in</span> <span class='ocrx_word' id='word_1_268' title='bbox 550 3373 647 3425; x_wconf 89' lang='lat' dir='ltr'>textu</span> <span class='ocrx_word' id='word_1_269' title='bbox 672 3363 783 3437; x_wconf 79' lang='lat' dir='ltr'>allate,</span> <span class='ocrx_word' id='word_1_270' title='bbox 800 3363 842 3423; x_wconf 92' lang='lat' dir='ltr'>de</span> <span class='ocrx_word' id='word_1_271' title='bbox 859 3366 1031 3444; x_wconf 90' lang='lat' dir='ltr'>posteriori</span> <span class='ocrx_word' id='word_1_272' title='bbox 1049 3367 1165 3445; x_wconf 86' lang='lat' dir='ltr'>agitur,</span> <span class='ocrx_word' id='word_1_273' title='bbox 1227 3385 1231 3393; x_wconf 83' lang='grc'><em>’</em></span> 
     </span>
     <span class='ocr_line' id='line_1_32' title="bbox 59 3465 1164 3550; baseline 0.001 -20"><span class='ocrx_word' id='word_1_274' title='bbox 59 3487 166 3550; x_wconf 90' lang='lat' dir='ltr'>quum</span> <span class='ocrx_word' id='word_1_275' title='bbox 184 3465 349 3529; x_wconf 89' lang='lat' dir='ltr'>alludatur</span> <span class='ocrx_word' id='word_1_276' title='bbox 365 3467 406 3529; x_wconf 86' lang='lat' dir='ltr'>ad</span> <span class='ocrx_word' id='word_1_277' title='bbox 424 3487 505 3529; x_wconf 77' lang='lat' dir='ltr'>vers,</span> <span class='ocrx_word' id='word_1_278' title='bbox 523 3484 561 3527; x_wconf 91' lang='lat'>2:</span> <span class='ocrx_word' id='word_1_279' title='bbox 586 3471 601 3496; x_wconf 81' lang='lat'>“</span> <span class='ocrx_word' id='word_1_280' title='bbox 613 3467 714 3528; x_wconf 82' lang='lat' dir='ltr'>Terra</span> <span class='ocrx_word' id='word_1_281' title='bbox 730 3476 929 3529; x_wconf 73' lang='lat' dir='ltr'>autemurat</span> <span class='ocrx_word' id='word_1_282' title='bbox 945 3469 1051 3529; x_wconf 84' lang='lat' dir='ltr'>inanis</span> <span class='ocrx_word' id='word_1_283' title='bbox 1064 3478 1097 3531; x_wconf 90' lang='lat' dir='ltr'>et</span> <span class='ocrx_word' id='word_1_284' title='bbox 1109 3491 1164 3531; x_wconf 88' lang='lat' dir='ltr'>va-</span> 
     </span>
     <span class='ocr_line' id='line_1_33' title="bbox 59 3561 1163 3652; baseline -0.001 -19"><span class='ocrx_word' id='word_1_285' title='bbox 59 3572 158 3647; x_wconf 86' lang='lat' dir='ltr'>cua&#39;&#39;;</span> <span class='ocrx_word' id='word_1_286' title='bbox 182 3568 323 3650; x_wconf 90' lang='lat' dir='ltr'>ideoque</span> <span class='ocrx_word' id='word_1_287' title='bbox 340 3561 448 3650; x_wconf 86' lang='lat' dir='ltr'>agitur</span> <span class='ocrx_word' id='word_1_288' title='bbox 464 3571 506 3633; x_wconf 94' lang='lat' dir='ltr'>de</span> <span class='ocrx_word' id='word_1_289' title='bbox 523 3570 721 3631; x_wconf 86' lang='lat' dir='ltr'>formatione</span> <span class='ocrx_word' id='word_1_290' title='bbox 739 3590 845 3631; x_wconf 89' lang='lat' dir='ltr'>rerum</span> <span class='ocrx_word' id='word_1_291' title='bbox 858 3589 901 3629; x_wconf 90' lang='lat' dir='ltr'>ex</span> <span class='ocrx_word' id='word_1_292' title='bbox 916 3572 1051 3632; x_wconf 73' lang='lat' dir='ltr'>materia</span> <span class='ocrx_word' id='word_1_293' title='bbox 1064 3592 1163 3652; x_wconf 90' lang='lat' dir='ltr'>quam</span> 
     </span>
     <span class='ocr_line' id='line_1_34' title="bbox 60 3672 1164 3758; baseline 0.003 -23"><span class='ocrx_word' id='word_1_294' title='bbox 60 3674 156 3735; x_wconf 88' lang='lat' dir='ltr'>Deus</span> <span class='ocrx_word' id='word_1_295' title='bbox 180 3672 342 3734; x_wconf 90' lang='lat' dir='ltr'>creavisse</span> <span class='ocrx_word' id='word_1_296' title='bbox 365 3672 534 3734; x_wconf 81' lang='lat' dir='ltr'>diciturin</span> <span class='ocrx_word' id='word_1_297' title='bbox 559 3679 641 3737; x_wconf 88' lang='lat' dir='ltr'>vers.</span> <span class='ocrx_word' id='word_1_298' title='bbox 664 3694 691 3751; x_wconf 89' lang='lat'>1;</span> <span class='ocrx_word' id='word_1_299' title='bbox 713 3677 804 3756; x_wconf 89' lang='lat' dir='ltr'>quod</span> <span class='ocrx_word' id='word_1_300' title='bbox 829 3676 872 3737; x_wconf 86' lang='lat' dir='ltr'>ex</span> <span class='ocrx_word' id='word_1_301' title='bbox 897 3674 1039 3738; x_wconf 68' lang='lat' dir='ltr'>audioris</span> <span class='ocrx_word' id='word_1_302' title='bbox 1063 3698 1164 3758; x_wconf 85' lang='lat' dir='ltr'>scopo</span> 
     </span>
     <span class='ocr_line' id='line_1_35' title="bbox 58 3773 1162 3859; baseline 0.004 -23"><span class='ocrx_word' id='word_1_303' title='bbox 58 3774 244 3854; x_wconf 85' lang='lat' dir='ltr'>colligitur;</span> <span class='ocrx_word' id='word_1_304' title='bbox 261 3773 333 3835; x_wconf 89' lang='lat' dir='ltr'>vult</span> <span class='ocrx_word' id='word_1_305' title='bbox 343 3773 431 3834; x_wconf 84' lang='lat' dir='ltr'>enim</span> <span class='ocrx_word' id='word_1_306' title='bbox 444 3774 575 3854; x_wconf 88' lang='lat' dir='ltr'>sapiens</span> <span class='ocrx_word' id='word_1_307' title='bbox 587 3776 631 3838; x_wconf 92' lang='lat' dir='ltr'>ibi</span> <span class='ocrx_word' id='word_1_308' title='bbox 643 3778 783 3859; x_wconf 83' lang='lat' dir='ltr'>probare</span> <span class='ocrx_word' id='word_1_309' title='bbox 795 3779 868 3840; x_wconf 90' lang='lat' dir='ltr'>Deo</span> <span class='ocrx_word' id='word_1_310' title='bbox 883 3778 1086 3859; x_wconf 88' lang='lat' dir='ltr'>impossibile</span> <span class='ocrx_word' id='word_1_311' title='bbox 1098 3801 1162 3841; x_wconf 91' lang='lat' dir='ltr'>non</span> 
     </span>
     <span class='ocr_line' id='line_1_36' title="bbox 58 3876 1162 3957; baseline 0.003 -17"><span class='ocrx_word' id='word_1_312' title='bbox 58 3900 132 3941; x_wconf 91' lang='lat' dir='ltr'>esse</span> <span class='ocrx_word' id='word_1_313' title='bbox 146 3876 394 3940; x_wconf 89' lang='lat' dir='ltr'>multitudinem</span> <span class='ocrx_word' id='word_1_314' title='bbox 406 3896 557 3939; x_wconf 88' lang='lat' dir='ltr'>ursorum</span> <span class='ocrx_word' id='word_1_315' title='bbox 571 3888 629 3941; x_wconf 91' lang='lat' dir='ltr'>aut</span> <span class='ocrx_word' id='word_1_316' title='bbox 642 3883 783 3943; x_wconf 88' lang='lat' dir='ltr'>audaces</span> <span class='ocrx_word' id='word_1_317' title='bbox 797 3882 908 3943; x_wconf 89' lang='lat' dir='ltr'>leones</span> <span class='ocrx_word' id='word_1_318' title='bbox 922 3883 1108 3957; x_wconf 85' lang='lat' dir='ltr'>immittere,</span> <span class='ocrx_word' id='word_1_319' title='bbox 1122 3884 1162 3943; x_wconf 90' lang='lat' dir='ltr'>ad</span> 
     </span>
     <span class='ocr_line' id='line_1_37' title="bbox 58 3981 1162 4071; baseline 0 -26"><span class='ocrx_word' id='word_1_320' title='bbox 58 3981 248 4065; x_wconf 88' lang='lat' dir='ltr'>puniendos</span> <span class='ocrx_word' id='word_1_321' title='bbox 264 3981 465 4062; x_wconf 81' lang='lat' dir='ltr'>AEgyptios:</span> <span class='ocrx_word' id='word_1_322' title='bbox 489 4002 669 4062; x_wconf 83' lang='lat' dir='ltr'>provocare</span> <span class='ocrx_word' id='word_1_323' title='bbox 687 3985 786 4071; x_wconf 80' lang='lat' dir='ltr'>igitur</span> <span class='ocrx_word' id='word_1_324' title='bbox 802 3984 986 4047; x_wconf 86' lang='lat' dir='ltr'>sufficiebat</span> <span class='ocrx_word' id='word_1_325' title='bbox 1009 3985 1049 4045; x_wconf 89' lang='lat' dir='ltr'>ad</span> <span class='ocrx_word' id='word_1_326' title='bbox 1075 4006 1162 4046; x_wconf 87' lang='lat' dir='ltr'>crea-</span> 
     </span>
     <span class='ocr_line' id='line_1_38' title="bbox 57 4084 959 4166; baseline -0.001 -16"><span class='ocrx_word' id='word_1_327' title='bbox 57 4090 186 4150; x_wconf 86' lang='lat' dir='ltr'>tionem</span> <span class='ocrx_word' id='word_1_328' title='bbox 203 4086 393 4164; x_wconf 84' lang='lat' dir='ltr'>secundam,</span> <span class='ocrx_word' id='word_1_329' title='bbox 409 4106 466 4149; x_wconf 91' lang='lat' dir='ltr'>seu</span> <span class='ocrx_word' id='word_1_330' title='bbox 483 4084 739 4166; x_wconf 69' lang='lat' dir='ltr'>produdtionem</span> <span class='ocrx_word' id='word_1_331' title='bbox 757 4088 959 4161; x_wconf 84' lang='lat' dir='ltr'>animalium.</span> 
     </span>
    </p>
   </div>
   <div class='ocr_carea' id='block_1_3' title="bbox 94 4266 1098 4355">
    <p class='ocr_par' dir='ltr' id='par_1_4' title="bbox 94 4266 1098 4355">
     <span class='ocr_line' id='line_1_39' title="bbox 94 4266 1098 4355; baseline 0 -16"><span class='ocrx_word' id='word_1_332' title='bbox 94 4283 102 4306; x_wconf 83' lang='lat'>¹</span> <span class='ocrx_word' id='word_1_333' title='bbox 118 4286 186 4339; x_wconf 79' lang='lat' dir='ltr'>Gen.</span> <span class='ocrx_word' id='word_1_334' title='bbox 205 4285 281 4355; x_wconf 80' lang='lat'>11,7,</span> <span class='ocrx_word' id='word_1_335' title='bbox 298 4266 590 4350; x_wconf 68' lang='lat' dir='ltr'>19&#39;.-²r1Macial.</span> <span class='ocrx_word' id='word_1_336' title='bbox 608 4287 674 4352; x_wconf 81' lang='lat' dir='ltr'>vu,</span> <span class='ocrx_word' id='word_1_337' title='bbox 690 4287 730 4338; x_wconf 87' lang='lat'>28.</span> <span class='ocrx_word' id='word_1_338' title='bbox 746 4316 778 4322; x_wconf 86' lang='lat'>-</span> <span class='ocrx_word' id='word_1_339' title='bbox 791 4292 801 4322; x_wconf 78' lang='lat'><strong><em>³</em></strong></span> <span class='ocrx_word' id='word_1_340' title='bbox 815 4287 882 4354; x_wconf 74' lang='lat' dir='ltr'>sap.</span> <span class='ocrx_word' id='word_1_341' title='bbox 898 4287 950 4350; x_wconf 81' lang='lat' dir='ltr'>x1‚</span> <span class='ocrx_word' id='word_1_342' title='bbox 969 4284 1008 4340; x_wconf 73' lang='lat'>18.</span> <span class='ocrx_word' id='word_1_343' title='bbox 1096 4343 1098 4347; x_wconf 21' lang='lat' dir='ltr'>s</span> 
     </span>
    </p>
   </div>
   <div class='ocr_carea' id='block_1_4' title="bbox 0 0 1346 4634">
    <p class='ocr_par' dir='ltr' id='par_1_5' title="bbox 0 0 1346 4634">
     <span class='ocr_line' id='line_1_40' title="bbox 0 0 1346 4634; baseline 0 1"><span class='ocrx_word' id='word_1_344' title='bbox 0 0 1346 4634; x_wconf 95' lang='lat' dir='ltr'> </span> 
     </span>
    </p>
   </div>
  </div>
 </body>
</html>
