<?xml version="1.0" encoding="UTF-8"?>
<!DOCTYPE html PUBLIC "-//W3C//DTD XHTML 1.0 Transitional//EN"
    "http://www.w3.org/TR/xhtml1/DTD/xhtml1-transitional.dtd">
<html xmlns="http://www.w3.org/1999/xhtml" xml:lang="en" lang="en">
 <head>
  <title>
</title>
<meta http-equiv="Content-Type" content="text/html;charset=utf-8" />
  <meta name='ocr-system' content='tesseract 3.04.00' />
  <meta name='ocr-capabilities' content='ocr_page ocr_carea ocr_par ocr_line ocrx_word'/>
</head>
<body>
  <div class='ocr_page' id='page_1' title='image "./synopsistheolog00tanqgoog_0247.png"; bbox 0 0 2684 4634; ppageno 0'>
   <div class='ocr_carea' id='block_1_1' title="bbox 188 148 831 203">
    <p class='ocr_par' dir='ltr' id='par_1_1' title="bbox 188 148 831 203">
     <span class='ocr_line' id='line_1_1' title="bbox 188 148 831 203; baseline 0.008 -5"><span class='ocrx_word' id='word_1_1' title='bbox 188 148 253 200; x_wconf 83' lang='lat'>226</span> <span class='ocrx_word' id='word_1_2' title='bbox 651 151 790 203; x_wconf 73' lang='lat' dir='ltr'>CAPUT</span> <span class='ocrx_word' id='word_1_3' title='bbox 807 151 831 203; x_wconf 91' lang='lat'>1.</span> 
     </span>
    </p>
   </div>
   <div class='ocr_carea' id='block_1_2' title="bbox 187 329 1288 578">
    <p class='ocr_par' dir='ltr' id='par_1_2' title="bbox 187 329 1288 578">
     <span class='ocr_line' id='line_1_2' title="bbox 187 329 1288 404; baseline 0.005 -18"><span class='ocrx_word' id='word_1_4' title='bbox 187 329 255 388; x_wconf 92' lang='lat' dir='ltr'>licet</span> <span class='ocrx_word' id='word_1_5' title='bbox 274 330 389 388; x_wconf 85' lang='lat' dir='ltr'>realiter</span> <span class='ocrx_word' id='word_1_6' title='bbox 405 330 444 388; x_wconf 86' lang='lat' dir='ltr'>ab</span> <span class='ocrx_word' id='word_1_7' title='bbox 463 331 591 389; x_wconf 87' lang='lat' dir='ltr'>invicem</span> <span class='ocrx_word' id='word_1_8' title='bbox 610 332 767 404; x_wconf 68' lang='lat' dir='ltr'>distinctae,</span> <span class='ocrx_word' id='word_1_9' title='bbox 782 333 900 391; x_wconf 91' lang='lat' dir='ltr'>nonnisi</span> <span class='ocrx_word' id='word_1_10' title='bbox 918 330 1080 404; x_wconf 74' lang='lat' dir='ltr'>virtualiter</span> <span class='ocrx_word' id='word_1_11' title='bbox 1100 333 1141 394; x_wconf 90' lang='lat' dir='ltr'>ab</span> <span class='ocrx_word' id='word_1_12' title='bbox 1160 335 1288 393; x_wconf 70' lang='lat' dir='ltr'>essentia</span> 
     </span>
     <span class='ocr_line' id='line_1_3' title="bbox 187 417 1287 493; baseline 0.005 -19"><span class='ocrx_word' id='word_1_13' title='bbox 187 417 417 490; x_wconf 89' lang='lat' dir='ltr'>distinguuntur,</span> <span class='ocrx_word' id='word_1_14' title='bbox 433 437 459 476; x_wconf 89' lang='lat' dir='ltr'>v.</span> <span class='ocrx_word' id='word_1_15' title='bbox 476 435 504 490; x_wconf 89' lang='lat' dir='ltr'>g.</span> <span class='ocrx_word' id='word_1_16' title='bbox 530 419 617 476; x_wconf 89' lang='lat' dir='ltr'>Pater</span> <span class='ocrx_word' id='word_1_17' title='bbox 635 429 679 478; x_wconf 90' lang='lat' dir='ltr'>est</span> <span class='ocrx_word' id='word_1_18' title='bbox 698 421 781 478; x_wconf 89' lang='lat' dir='ltr'>Deus</span> <span class='ocrx_word' id='word_1_19' title='bbox 802 431 949 493; x_wconf 87' lang='lat' dir='ltr'>quatenus</span> <span class='ocrx_word' id='word_1_20' title='bbox 962 439 1116 493; x_wconf 79' lang='lat' dir='ltr'>generans,</span> <span class='ocrx_word' id='word_1_21' title='bbox 1131 421 1225 480; x_wconf 91' lang='lat' dir='ltr'>Filius</span> <span class='ocrx_word' id='word_1_22' title='bbox 1247 432 1287 481; x_wconf 90' lang='lat' dir='ltr'>est</span> 
     </span>
     <span class='ocr_line' id='line_1_4' title="bbox 189 506 676 578; baseline 0 -15"><span class='ocrx_word' id='word_1_23' title='bbox 189 507 271 563; x_wconf 91' lang='lat' dir='ltr'>Deus</span> <span class='ocrx_word' id='word_1_24' title='bbox 285 515 431 577; x_wconf 88' lang='lat' dir='ltr'>quatenus</span> <span class='ocrx_word' id='word_1_25' title='bbox 440 506 573 577; x_wconf 67' lang='lat' dir='ltr'>genitus,</span> <span class='ocrx_word' id='word_1_26' title='bbox 598 524 676 578; x_wconf 90' lang='lat' dir='ltr'>ergo.</span> 
     </span>
    </p>
   </div>
   <div class='ocr_carea' id='block_1_3' title="bbox 188 625 1287 1136">
    <p class='ocr_par' dir='ltr' id='par_1_3' title="bbox 188 625 1287 1047">
     <span class='ocr_line' id='line_1_5' title="bbox 224 625 1283 700; baseline 0.008 -20"><span class='ocrx_word' id='word_1_27' title='bbox 224 639 277 694; x_wconf 60' lang='grc' dir='ltr'>τος,</span> <span class='ocrx_word' id='word_1_28' title='bbox 316 626 364 697; x_wconf 83' lang='lat' dir='ltr'>(F)</span> <span class='ocrx_word' id='word_1_29' title='bbox 377 625 426 683; x_wconf 86' lang='lat' dir='ltr'>Sic</span> <span class='ocrx_word' id='word_1_30' title='bbox 438 626 552 682; x_wconf 83' lang='lat' dir='ltr'>tandem</span> <span class='ocrx_word' id='word_1_31' title='bbox 565 633 699 698; x_wconf 81' lang='lat' dir='ltr'>arguunt</span> <span class='ocrx_word' id='word_1_32' title='bbox 709 626 838 686; x_wconf 89' lang='lat' dir='ltr'>Unitarii</span> <span class='ocrx_word' id='word_1_33' title='bbox 851 647 857 684; x_wconf 79' lang='grc' dir='ltr'><strong>ε</strong></span> <span class='ocrx_word' id='word_1_34' title='bbox 886 627 923 685; x_wconf 94' lang='lat' dir='ltr'>Id</span> <span class='ocrx_word' id='word_1_35' title='bbox 937 644 998 699; x_wconf 88' lang='lat' dir='ltr'>quo</span> <span class='ocrx_word' id='word_1_36' title='bbox 1011 644 1150 700; x_wconf 85' lang='lat' dir='ltr'>personae</span> <span class='ocrx_word' id='word_1_37' title='bbox 1169 630 1283 690; x_wconf 87' lang='lat' dir='ltr'>realiter</span> 
     </span>
     <span class='ocr_line' id='line_1_6' title="bbox 188 711 1284 789; baseline 0.005 -19"><span class='ocrx_word' id='word_1_38' title='bbox 188 712 226 770; x_wconf 88' lang='lat' dir='ltr'>ab</span> <span class='ocrx_word' id='word_1_39' title='bbox 248 713 373 769; x_wconf 91' lang='lat' dir='ltr'>invicem</span> <span class='ocrx_word' id='word_1_40' title='bbox 387 711 527 770; x_wconf 88' lang='lat' dir='ltr'>differunt</span> <span class='ocrx_word' id='word_1_41' title='bbox 546 723 590 770; x_wconf 90' lang='lat' dir='ltr'>est</span> <span class='ocrx_word' id='word_1_42' title='bbox 606 714 653 771; x_wconf 89' lang='lat' dir='ltr'>vel</span> <span class='ocrx_word' id='word_1_43' title='bbox 669 713 820 785; x_wconf 68' lang='lat' dir='ltr'>perfedlio</span> <span class='ocrx_word' id='word_1_44' title='bbox 836 713 882 771; x_wconf 93' lang='lat' dir='ltr'>vel</span> <span class='ocrx_word' id='word_1_45' title='bbox 896 713 1097 786; x_wconf 69' lang='lat' dir='ltr'>imperiecti03</span> <span class='ocrx_word' id='word_1_46' title='bbox 1127 719 1212 789; x_wconf 90' lang='lat' dir='ltr'>atqui</span> <span class='ocrx_word' id='word_1_47' title='bbox 1226 737 1284 775; x_wconf 94' lang='lat' dir='ltr'>non</span> 
     </span>
     <span class='ocr_line' id='line_1_7' title="bbox 188 799 1287 875; baseline 0.004 -16"><span class='ocrx_word' id='word_1_48' title='bbox 188 812 232 859; x_wconf 88' lang='lat' dir='ltr'>est</span> <span class='ocrx_word' id='word_1_49' title='bbox 244 799 437 873; x_wconf 72' lang='lat' dir='ltr'>imperfedtio,</span> <span class='ocrx_word' id='word_1_50' title='bbox 446 818 540 872; x_wconf 89' lang='lat' dir='ltr'>quum</span> <span class='ocrx_word' id='word_1_51' title='bbox 554 801 634 857; x_wconf 92' lang='lat' dir='ltr'>nulla</span> <span class='ocrx_word' id='word_1_52' title='bbox 648 799 833 872; x_wconf 72' lang='lat' dir='ltr'>imperfedtio</span> <span class='ocrx_word' id='word_1_53' title='bbox 842 800 872 858; x_wconf 93' lang='lat' dir='ltr'>in</span> <span class='ocrx_word' id='word_1_54' title='bbox 882 801 949 859; x_wconf 91' lang='lat' dir='ltr'>Deo</span> <span class='ocrx_word' id='word_1_55' title='bbox 959 819 1024 859; x_wconf 89' lang='lat' dir='ltr'>esse</span> <span class='ocrx_word' id='word_1_56' title='bbox 1034 803 1146 874; x_wconf 92' lang='lat' dir='ltr'>possit;</span> <span class='ocrx_word' id='word_1_57' title='bbox 1165 804 1287 875; x_wconf 87' lang='lat' dir='ltr'>aliunde</span> 
     </span>
     <span class='ocr_line' id='line_1_8' title="bbox 189 886 1287 965; baseline 0.005 -21"><span class='ocrx_word' id='word_1_58' title='bbox 189 906 249 944; x_wconf 94' lang='lat' dir='ltr'>non</span> <span class='ocrx_word' id='word_1_59' title='bbox 262 897 305 946; x_wconf 92' lang='lat' dir='ltr'>est</span> <span class='ocrx_word' id='word_1_60' title='bbox 318 886 468 959; x_wconf 73' lang='lat' dir='ltr'>perfedliO,</span> <span class='ocrx_word' id='word_1_61' title='bbox 477 887 547 959; x_wconf 87' lang='lat' dir='ltr'>quia</span> <span class='ocrx_word' id='word_1_62' title='bbox 557 887 704 946; x_wconf 89' lang='lat' dir='ltr'>tuneduae</span> <span class='ocrx_word' id='word_1_63' title='bbox 717 887 782 946; x_wconf 90' lang='lat' dir='ltr'>aliae</span> <span class='ocrx_word' id='word_1_64' title='bbox 794 889 973 961; x_wconf 79' lang='lat' dir='ltr'>persunaeea</span> <span class='ocrx_word' id='word_1_65' title='bbox 985 889 1180 963; x_wconf 87' lang='lat' dir='ltr'>privarentur,</span> <span class='ocrx_word' id='word_1_66' title='bbox 1191 893 1287 965; x_wconf 91' lang='lat' dir='ltr'>proin-</span> 
     </span>
     <span class='ocr_line' id='line_1_9' title="bbox 189 974 618 1047; baseline -0.005 -15"><span class='ocrx_word' id='word_1_67' title='bbox 189 976 287 1047; x_wconf 88' lang='lat' dir='ltr'>deque</span> <span class='ocrx_word' id='word_1_68' title='bbox 300 974 481 1047; x_wconf 76' lang='lat' dir='ltr'>imperfedtae</span> <span class='ocrx_word' id='word_1_69' title='bbox 494 984 592 1032; x_wconf 85' lang='lat' dir='ltr'>essent</span> <span class='ocrx_word' id='word_1_70' title='bbox 601 975 618 1030; x_wconf 84' lang='lat'>¹.</span> 
     </span>
    </p>

    <p class='ocr_par' dir='ltr' id='par_1_4' title="bbox 223 1061 1154 1136">
     <span class='ocr_line' id='line_1_10' title="bbox 223 1061 1154 1136; baseline 0.005 -18"><span class='ocrx_word' id='word_1_71' title='bbox 223 1063 308 1134; x_wconf 79' lang='lat' dir='ltr'>Resp.</span> <span class='ocrx_word' id='word_1_72' title='bbox 325 1085 336 1118; x_wconf 92' lang='lat'>.·</span> <span class='ocrx_word' id='word_1_73' title='bbox 355 1062 432 1120; x_wconf 86' lang='lat' dir='ltr'>Haec</span> <span class='ocrx_word' id='word_1_74' title='bbox 444 1061 602 1120; x_wconf 85' lang='lat' dir='ltr'>difficultas</span> <span class='ocrx_word' id='word_1_75' title='bbox 615 1062 729 1134; x_wconf 89' lang='lat' dir='ltr'>duplici</span> <span class='ocrx_word' id='word_1_76' title='bbox 741 1062 833 1120; x_wconf 91' lang='lat' dir='ltr'>modo</span> <span class='ocrx_word' id='word_1_77' title='bbox 846 1063 919 1120; x_wconf 88' lang='lat' dir='ltr'>solvi</span> <span class='ocrx_word' id='word_1_78' title='bbox 933 1073 1033 1136; x_wconf 87' lang='lat' dir='ltr'>potest</span> <span class='ocrx_word' id='word_1_79' title='bbox 1048 1083 1056 1123; x_wconf 82' lang='lat' dir='ltr'><strong><em>z</em></strong></span> <span class='ocrx_word' id='word_1_80' title='bbox 1151 1129 1154 1134; x_wconf 56' lang='grc'><strong>,</strong></span> 
     </span>
    </p>
   </div>
   <div class='ocr_carea' id='block_1_4' title="bbox 158 1183 1291 2722">
    <p class='ocr_par' dir='ltr' id='par_1_5' title="bbox 158 1183 1291 2722">
     <span class='ocr_line' id='line_1_11' title="bbox 224 1183 1288 1257; baseline 0.007 -19"><span class='ocrx_word' id='word_1_81' title='bbox 224 1186 277 1239; x_wconf 87' lang='lat'><strong>106.</strong></span> <span class='ocrx_word' id='word_1_82' title='bbox 317 1186 356 1254; x_wconf 81' lang='lat' dir='ltr'>(a)</span> <span class='ocrx_word' id='word_1_83' title='bbox 378 1183 466 1256; x_wconf 86' lang='lat' dir='ltr'>Juxta</span> <span class='ocrx_word' id='word_1_84' title='bbox 486 1183 596 1240; x_wconf 91' lang='lat' dir='ltr'>multos</span> <span class='ocrx_word' id='word_1_85' title='bbox 613 1183 800 1253; x_wconf 42' lang='lat' dir='ltr'>Themisteas&amp;</span> <span class='ocrx_word' id='word_1_86' title='bbox 824 1183 1017 1256; x_wconf 84' lang='lat' dir='ltr'>proprietates</span> <span class='ocrx_word' id='word_1_87' title='bbox 1035 1185 1210 1257; x_wconf 86' lang='lat' dir='ltr'>personales</span> <span class='ocrx_word' id='word_1_88' title='bbox 1229 1205 1288 1245; x_wconf 93' lang='lat' dir='ltr'>non</span> 
     </span>
     <span class='ocr_line' id='line_1_12' title="bbox 188 1265 1289 1340; baseline 0.005 -18"><span class='ocrx_word' id='word_1_89' title='bbox 188 1266 301 1324; x_wconf 88' lang='lat' dir='ltr'>habent</span> <span class='ocrx_word' id='word_1_90' title='bbox 313 1266 527 1338; x_wconf 75' lang='lat' dir='ltr'>perfectionem</span> <span class='ocrx_word' id='word_1_91' title='bbox 545 1267 715 1324; x_wconf 75' lang='lat' dir='ltr'>distindtam</span> <span class='ocrx_word' id='word_1_92' title='bbox 729 1265 847 1338; x_wconf 73' lang='lat' dir='ltr'>abipsa</span> <span class='ocrx_word' id='word_1_93' title='bbox 865 1267 1048 1339; x_wconf 72' lang='lat' dir='ltr'>perfectione</span> <span class='ocrx_word' id='word_1_94' title='bbox 1061 1286 1129 1340; x_wconf 87' lang='lat' dir='ltr'>quae</span> <span class='ocrx_word' id='word_1_95' title='bbox 1143 1269 1243 1329; x_wconf 86' lang='lat' dir='ltr'>existit</span> <span class='ocrx_word' id='word_1_96' title='bbox 1260 1270 1289 1327; x_wconf 93' lang='lat' dir='ltr'>in</span> 
     </span>
     <span class='ocr_line' id='line_1_13' title="bbox 190 1353 1289 1424; baseline 0.003 -13"><span class='ocrx_word' id='word_1_97' title='bbox 190 1353 317 1411; x_wconf 72' lang='lat' dir='ltr'>essentia</span> <span class='ocrx_word' id='word_1_98' title='bbox 334 1353 435 1410; x_wconf 73' lang='lat' dir='ltr'>divina</span> <span class='ocrx_word' id='word_1_99' title='bbox 450 1374 456 1411; x_wconf 92' lang='lat'>:</span> <span class='ocrx_word' id='word_1_100' title='bbox 485 1372 510 1410; x_wconf 93' lang='lat' dir='ltr'>v.</span> <span class='ocrx_word' id='word_1_101' title='bbox 523 1371 549 1424; x_wconf 90' lang='lat' dir='ltr'>g.</span> <span class='ocrx_word' id='word_1_102' title='bbox 564 1353 725 1424; x_wconf 89' lang='lat' dir='ltr'>paternitas</span> <span class='ocrx_word' id='word_1_103' title='bbox 739 1353 813 1409; x_wconf 86' lang='lat' dir='ltr'>nihil</span> <span class='ocrx_word' id='word_1_104' title='bbox 825 1353 907 1411; x_wconf 87' lang='lat' dir='ltr'>aliud</span> <span class='ocrx_word' id='word_1_105' title='bbox 920 1363 964 1411; x_wconf 92' lang='lat' dir='ltr'>est</span> <span class='ocrx_word' id='word_1_106' title='bbox 978 1354 1033 1412; x_wconf 91' lang='lat' dir='ltr'>nisi</span> <span class='ocrx_word' id='word_1_107' title='bbox 1049 1356 1133 1413; x_wconf 89' lang='lat' dir='ltr'>Deus</span> <span class='ocrx_word' id='word_1_108' title='bbox 1153 1358 1289 1420; x_wconf 89' lang='lat' dir='ltr'>conside-</span> 
     </span>
     <span class='ocr_line' id='line_1_14' title="bbox 188 1437 1287 1508; baseline 0.002 -14"><span class='ocrx_word' id='word_1_109' title='bbox 188 1447 268 1495; x_wconf 89' lang='lat' dir='ltr'>ratus</span> <span class='ocrx_word' id='word_1_110' title='bbox 281 1448 313 1495; x_wconf 89' lang='lat' dir='ltr'>ut</span> <span class='ocrx_word' id='word_1_111' title='bbox 326 1455 479 1508; x_wconf 89' lang='lat' dir='ltr'>generans,</span> <span class='ocrx_word' id='word_1_112' title='bbox 492 1446 521 1494; x_wconf 90' lang='lat' dir='ltr'>et</span> <span class='ocrx_word' id='word_1_113' title='bbox 532 1437 575 1494; x_wconf 90' lang='lat' dir='ltr'>vis</span> <span class='ocrx_word' id='word_1_114' title='bbox 589 1437 637 1493; x_wconf 92' lang='lat' dir='ltr'>illa</span> <span class='ocrx_word' id='word_1_115' title='bbox 647 1438 809 1508; x_wconf 90' lang='lat' dir='ltr'>generandi</span> <span class='ocrx_word' id='word_1_116' title='bbox 820 1439 882 1508; x_wconf 90' lang='lat' dir='ltr'>jam</span> <span class='ocrx_word' id='word_1_117' title='bbox 897 1438 1062 1496; x_wconf 89' lang='lat' dir='ltr'>eminenter</span> <span class='ocrx_word' id='word_1_118' title='bbox 1074 1439 1248 1498; x_wconf 91' lang='lat' dir='ltr'>continetur</span> <span class='ocrx_word' id='word_1_119' title='bbox 1260 1441 1287 1496; x_wconf 92' lang='lat' dir='ltr'>in</span> 
     </span>
     <span class='ocr_line' id='line_1_15' title="bbox 189 1523 1289 1598; baseline 0 -16"><span class='ocrx_word' id='word_1_120' title='bbox 189 1524 317 1583; x_wconf 71' lang='lat' dir='ltr'>essentia</span> <span class='ocrx_word' id='word_1_121' title='bbox 325 1524 425 1582; x_wconf 76' lang='lat' dir='ltr'>divina</span> <span class='ocrx_word' id='word_1_122' title='bbox 437 1523 530 1582; x_wconf 89' lang='lat' dir='ltr'>tribus</span> <span class='ocrx_word' id='word_1_123' title='bbox 544 1525 676 1596; x_wconf 87' lang='lat' dir='ltr'>personis</span> <span class='ocrx_word' id='word_1_124' title='bbox 690 1524 843 1581; x_wconf 89' lang='lat' dir='ltr'>communi</span> <span class='ocrx_word' id='word_1_125' title='bbox 855 1547 861 1582; x_wconf 74' lang='grc' dir='ltr'><strong>ι</strong></span> <span class='ocrx_word' id='word_1_126' title='bbox 881 1525 947 1582; x_wconf 88' lang='lat' dir='ltr'>talis</span> <span class='ocrx_word' id='word_1_127' title='bbox 957 1525 1045 1597; x_wconf 88' lang='lat' dir='ltr'>igitur</span> <span class='ocrx_word' id='word_1_128' title='bbox 1055 1526 1222 1598; x_wconf 91' lang='lat' dir='ltr'>proprietas</span> <span class='ocrx_word' id='word_1_129' title='bbox 1230 1544 1289 1584; x_wconf 91' lang='lat' dir='ltr'>non</span> 
     </span>
     <span class='ocr_line' id='line_1_16' title="bbox 158 1611 1290 1685; baseline 0.003 -17"><span class='ocrx_word' id='word_1_130' title='bbox 158 1672 162 1679; x_wconf 67' lang='grc'><em>,</em></span> <span class='ocrx_word' id='word_1_131' title='bbox 190 1611 259 1669; x_wconf 83' lang='lat' dir='ltr'>lacit</span> <span class='ocrx_word' id='word_1_132' title='bbox 272 1621 304 1669; x_wconf 89' lang='lat' dir='ltr'>ut</span> <span class='ocrx_word' id='word_1_133' title='bbox 318 1612 404 1669; x_wconf 90' lang='lat' dir='ltr'>Pater</span> <span class='ocrx_word' id='word_1_134' title='bbox 417 1611 453 1668; x_wconf 91' lang='lat' dir='ltr'>sit</span> <span class='ocrx_word' id='word_1_135' title='bbox 470 1611 629 1683; x_wconf 79' lang='lat' dir='ltr'>persedlior</span> <span class='ocrx_word' id='word_1_136' title='bbox 642 1612 758 1669; x_wconf 90' lang='lat' dir='ltr'>realiter</span> <span class='ocrx_word' id='word_1_137' title='bbox 771 1629 860 1684; x_wconf 89' lang='lat' dir='ltr'>quam</span> <span class='ocrx_word' id='word_1_138' title='bbox 876 1611 968 1669; x_wconf 90' lang='lat' dir='ltr'>Filius</span> <span class='ocrx_word' id='word_1_139' title='bbox 981 1621 1010 1670; x_wconf 90' lang='lat' dir='ltr'>et</span> <span class='ocrx_word' id='word_1_140' title='bbox 1024 1612 1150 1685; x_wconf 86' lang='lat' dir='ltr'>Spiritus</span> <span class='ocrx_word' id='word_1_141' title='bbox 1169 1613 1212 1680; x_wconf 93' lang='lat' dir='ltr'>S.,</span> <span class='ocrx_word' id='word_1_142' title='bbox 1222 1614 1290 1671; x_wconf 88' lang='lat' dir='ltr'>licet</span> 
     </span>
     <span class='ocr_line' id='line_1_17' title="bbox 190 1697 1289 1774; baseline 0.002 -17"><span class='ocrx_word' id='word_1_143' title='bbox 190 1717 258 1757; x_wconf 90' lang='lat' dir='ltr'>eum</span> <span class='ocrx_word' id='word_1_144' title='bbox 272 1698 450 1756; x_wconf 82' lang='lat' dir='ltr'>sufficienter</span> <span class='ocrx_word' id='word_1_145' title='bbox 462 1698 500 1756; x_wconf 91' lang='lat' dir='ltr'>ab</span> <span class='ocrx_word' id='word_1_146' title='bbox 512 1707 639 1770; x_wconf 87' lang='lat' dir='ltr'>utroque</span> <span class='ocrx_word' id='word_1_147' title='bbox 652 1697 827 1770; x_wconf 56' lang='lat' dir='ltr'>distinguam</span> <span class='ocrx_word' id='word_1_148' title='bbox 846 1716 914 1755; x_wconf 88' lang='lat' dir='ltr'>nam</span> <span class='ocrx_word' id='word_1_149' title='bbox 929 1717 966 1757; x_wconf 91' lang='lat' dir='ltr'>ex</span> <span class='ocrx_word' id='word_1_150' title='bbox 978 1699 1038 1756; x_wconf 68' lang='lat' dir='ltr'>una</span> <span class='ocrx_word' id='word_1_151' title='bbox 1054 1709 1138 1771; x_wconf 88' lang='lat' dir='ltr'>parte</span> <span class='ocrx_word' id='word_1_152' title='bbox 1150 1709 1215 1758; x_wconf 93' lang='lat' dir='ltr'>tota</span> <span class='ocrx_word' id='word_1_153' title='bbox 1227 1719 1289 1774; x_wconf 91' lang='lat' dir='ltr'>per·</span> 
     </span>
     <span class='ocr_line' id='line_1_18' title="bbox 191 1785 1287 1857; baseline 0.001 -13"><span class='ocrx_word' id='word_1_154' title='bbox 191 1786 279 1844; x_wconf 75' lang='lat' dir='ltr'>lectio</span> <span class='ocrx_word' id='word_1_155' title='bbox 292 1804 359 1857; x_wconf 86' lang='lat' dir='ltr'>quae</span> <span class='ocrx_word' id='word_1_156' title='bbox 367 1785 536 1857; x_wconf 83' lang='lat' dir='ltr'>paternitati</span> <span class='ocrx_word' id='word_1_157' title='bbox 549 1785 633 1856; x_wconf 89' lang='lat' dir='ltr'>inest,</span> <span class='ocrx_word' id='word_1_158' title='bbox 652 1803 687 1843; x_wconf 87' lang='lat' dir='ltr'>ex</span> <span class='ocrx_word' id='word_1_159' title='bbox 699 1785 764 1857; x_wconf 73' lang='lat' dir='ltr'>ipsa</span> <span class='ocrx_word' id='word_1_160' title='bbox 777 1785 877 1843; x_wconf 73' lang='lat' dir='ltr'>divina</span> <span class='ocrx_word' id='word_1_161' title='bbox 891 1785 1018 1844; x_wconf 72' lang='lat' dir='ltr'>essentia</span> <span class='ocrx_word' id='word_1_162' title='bbox 1028 1786 1120 1844; x_wconf 90' lang='lat' dir='ltr'>oritur</span> <span class='ocrx_word' id='word_1_163' title='bbox 1132 1796 1161 1845; x_wconf 90' lang='lat' dir='ltr'>et</span> <span class='ocrx_word' id='word_1_164' title='bbox 1172 1806 1242 1845; x_wconf 90' lang='lat' dir='ltr'>cnm</span> <span class='ocrx_word' id='word_1_165' title='bbox 1255 1790 1287 1847; x_wconf 77' lang='lat' dir='ltr'>eri</span> 
     </span>
     <span class='ocr_line' id='line_1_19' title="bbox 190 1873 1288 1946; baseline 0.001 -15"><span class='ocrx_word' id='word_1_166' title='bbox 190 1875 305 1932; x_wconf 88' lang='lat' dir='ltr'>realiter</span> <span class='ocrx_word' id='word_1_167' title='bbox 318 1873 524 1943; x_wconf 87' lang='lat' dir='ltr'>identificatur,</span> <span class='ocrx_word' id='word_1_168' title='bbox 538 1883 567 1930; x_wconf 91' lang='lat' dir='ltr'>et</span> <span class='ocrx_word' id='word_1_169' title='bbox 580 1891 616 1930; x_wconf 90' lang='lat' dir='ltr'>ex</span> <span class='ocrx_word' id='word_1_170' title='bbox 628 1873 719 1930; x_wconf 73' lang='lat' dir='ltr'>altera</span> <span class='ocrx_word' id='word_1_171' title='bbox 733 1874 903 1946; x_wconf 71' lang='lat' dir='ltr'>paternitas</span> <span class='ocrx_word' id='word_1_172' title='bbox 914 1875 974 1945; x_wconf 71' lang='lat' dir='ltr'>qua</span> <span class='ocrx_word' id='word_1_173' title='bbox 984 1875 1042 1931; x_wconf 88' lang='lat' dir='ltr'>vita</span> <span class='ocrx_word' id='word_1_174' title='bbox 1052 1874 1288 1933; x_wconf 74' lang='lat' dir='ltr'>adlivecommu-</span> 
     </span>
     <span class='ocr_line' id='line_1_20' title="bbox 191 1957 1289 2030; baseline 0.001 -15"><span class='ocrx_word' id='word_1_175' title='bbox 191 1960 312 2028; x_wconf 88' lang='lat' dir='ltr'>nicatur,</span> <span class='ocrx_word' id='word_1_176' title='bbox 329 1978 346 2015; x_wconf 93' lang='lat' dir='ltr'>a</span> <span class='ocrx_word' id='word_1_177' title='bbox 358 1957 499 2015; x_wconf 89' lang='lat' dir='ltr'>filiatione</span> <span class='ocrx_word' id='word_1_178' title='bbox 513 1957 705 2028; x_wconf 87' lang='lat' dir='ltr'>distinguitur</span> <span class='ocrx_word' id='word_1_179' title='bbox 713 1959 773 2028; x_wconf 76' lang='lat' dir='ltr'>qual</span> <span class='ocrx_word' id='word_1_180' title='bbox 781 1957 841 2014; x_wconf 89' lang='lat' dir='ltr'>vita</span> <span class='ocrx_word' id='word_1_181' title='bbox 850 1957 999 2029; x_wconf 90' lang='lat' dir='ltr'>recipitur.</span> <span class='ocrx_word' id='word_1_182' title='bbox 1034 1958 1128 2030; x_wconf 87' lang='lat' dir='ltr'>Quod</span> <span class='ocrx_word' id='word_1_183' title='bbox 1141 1961 1184 2016; x_wconf 93' lang='lat' dir='ltr'>sic</span> <span class='ocrx_word' id='word_1_184' title='bbox 1193 1960 1289 2018; x_wconf 90' lang='lat' dir='ltr'>decla-</span> 
     </span>
     <span class='ocr_line' id='line_1_21' title="bbox 191 2044 1290 2117; baseline 0.003 -16"><span class='ocrx_word' id='word_1_185' title='bbox 191 2056 269 2103; x_wconf 88' lang='lat' dir='ltr'>ratur</span> <span class='ocrx_word' id='word_1_186' title='bbox 281 2064 298 2102; x_wconf 89' lang='lat' dir='ltr'>a</span> <span class='ocrx_word' id='word_1_187' title='bbox 313 2046 340 2103; x_wconf 89' lang='lat' dir='ltr'>S.</span> <span class='ocrx_word' id='word_1_188' title='bbox 360 2046 470 2102; x_wconf 77' lang='lat' dir='ltr'>Thomd</span> <span class='ocrx_word' id='word_1_189' title='bbox 480 2059 490 2090; x_wconf 78' lang='lat'>³</span> <span class='ocrx_word' id='word_1_190' title='bbox 501 2067 512 2101; x_wconf 91' lang='lat'><em>:</em></span> <span class='ocrx_word' id='word_1_191' title='bbox 537 2044 732 2102; x_wconf 88' lang='lat' dir='ltr'>“Paternitas</span> <span class='ocrx_word' id='word_1_192' title='bbox 745 2045 891 2117; x_wconf 88' lang='lat' dir='ltr'>igiturest</span> <span class='ocrx_word' id='word_1_193' title='bbox 903 2044 1032 2116; x_wconf 83' lang='lat' dir='ltr'>dignitas</span> <span class='ocrx_word' id='word_1_194' title='bbox 1046 2046 1148 2113; x_wconf 70' lang='lat' dir='ltr'>Patris</span> <span class='ocrx_word' id='word_1_195' title='bbox 1165 2047 1242 2106; x_wconf 91' lang='lat' dir='ltr'>sicut</span> <span class='ocrx_word' id='word_1_196' title='bbox 1261 2058 1290 2106; x_wconf 87' lang='lat' dir='ltr'>et</span> 
     </span>
     <span class='ocr_line' id='line_1_22' title="bbox 191 2131 1289 2206; baseline 0.002 -17"><span class='ocrx_word' id='word_1_197' title='bbox 191 2132 317 2190; x_wconf 86' lang='lat' dir='ltr'>essentia</span> <span class='ocrx_word' id='word_1_198' title='bbox 332 2133 432 2188; x_wconf 91' lang='lat' dir='ltr'>Patris.</span> <span class='ocrx_word' id='word_1_199' title='bbox 471 2132 547 2188; x_wconf 90' lang='lat' dir='ltr'>Nam</span> <span class='ocrx_word' id='word_1_200' title='bbox 561 2131 691 2202; x_wconf 82' lang='lat' dir='ltr'>dignitas</span> <span class='ocrx_word' id='word_1_201' title='bbox 705 2141 749 2189; x_wconf 90' lang='lat' dir='ltr'>est</span> <span class='ocrx_word' id='word_1_202' title='bbox 762 2131 908 2203; x_wconf 83' lang='lat' dir='ltr'>absoluta,</span> <span class='ocrx_word' id='word_1_203' title='bbox 925 2141 954 2190; x_wconf 89' lang='lat' dir='ltr'>et</span> <span class='ocrx_word' id='word_1_204' title='bbox 967 2131 1006 2189; x_wconf 88' lang='lat' dir='ltr'>ad</span> <span class='ocrx_word' id='word_1_205' title='bbox 1019 2133 1180 2191; x_wconf 89' lang='lat' dir='ltr'>essentiam</span> <span class='ocrx_word' id='word_1_206' title='bbox 1201 2135 1289 2206; x_wconf 90' lang='lat' dir='ltr'>perti-</span> 
     </span>
     <span class='ocr_line' id='line_1_23' title="bbox 191 2219 1290 2293; baseline 0.002 -17"><span class='ocrx_word' id='word_1_207' title='bbox 191 2230 248 2277; x_wconf 91' lang='lat' dir='ltr'>net.</span> <span class='ocrx_word' id='word_1_208' title='bbox 290 2219 372 2276; x_wconf 87' lang='lat' dir='ltr'>Sicut</span> <span class='ocrx_word' id='word_1_209' title='bbox 391 2219 477 2289; x_wconf 90' lang='lat' dir='ltr'>igitur</span> <span class='ocrx_word' id='word_1_210' title='bbox 495 2219 602 2276; x_wconf 88' lang='lat' dir='ltr'>eadem</span> <span class='ocrx_word' id='word_1_211' title='bbox 622 2219 750 2277; x_wconf 86' lang='lat' dir='ltr'>essentia</span> <span class='ocrx_word' id='word_1_212' title='bbox 769 2236 836 2290; x_wconf 85' lang='lat' dir='ltr'>quae</span> <span class='ocrx_word' id='word_1_213' title='bbox 855 2219 885 2275; x_wconf 92' lang='lat' dir='ltr'>in</span> <span class='ocrx_word' id='word_1_214' title='bbox 900 2219 986 2277; x_wconf 88' lang='lat' dir='ltr'>Patre</span> <span class='ocrx_word' id='word_1_215' title='bbox 1004 2228 1048 2278; x_wconf 88' lang='lat' dir='ltr'>est</span> <span class='ocrx_word' id='word_1_216' title='bbox 1068 2221 1243 2293; x_wconf 89' lang='lat' dir='ltr'>paternitas,</span> <span class='ocrx_word' id='word_1_217' title='bbox 1258 2222 1290 2281; x_wconf 81' lang='lat' dir='ltr'>¹in</span> 
     </span>
     <span class='ocr_line' id='line_1_24' title="bbox 191 2305 1289 2379; baseline 0.003 -16"><span class='ocrx_word' id='word_1_218' title='bbox 191 2306 266 2364; x_wconf 92' lang='lat' dir='ltr'>Filio</span> <span class='ocrx_word' id='word_1_219' title='bbox 283 2315 326 2363; x_wconf 92' lang='lat' dir='ltr'>est</span> <span class='ocrx_word' id='word_1_220' title='bbox 340 2305 442 2363; x_wconf 89' lang='lat' dir='ltr'>filiatio</span> <span class='ocrx_word' id='word_1_221' title='bbox 447 2326 455 2376; x_wconf 87' lang='lat'>;</span> <span class='ocrx_word' id='word_1_222' title='bbox 473 2305 514 2362; x_wconf 90' lang='lat' dir='ltr'>ita</span> <span class='ocrx_word' id='word_1_223' title='bbox 527 2306 633 2364; x_wconf 88' lang='lat' dir='ltr'>eadem</span> <span class='ocrx_word' id='word_1_224' title='bbox 647 2306 777 2378; x_wconf 83' lang='lat' dir='ltr'>dignitas</span> <span class='ocrx_word' id='word_1_225' title='bbox 791 2324 859 2378; x_wconf 87' lang='lat' dir='ltr'>quae</span> <span class='ocrx_word' id='word_1_226' title='bbox 872 2306 902 2362; x_wconf 89' lang='lat' dir='ltr'>in</span> <span class='ocrx_word' id='word_1_227' title='bbox 917 2307 1003 2365; x_wconf 87' lang='lat' dir='ltr'>Patre</span> <span class='ocrx_word' id='word_1_228' title='bbox 1016 2317 1061 2365; x_wconf 92' lang='lat' dir='ltr'>est</span> <span class='ocrx_word' id='word_1_229' title='bbox 1074 2309 1247 2379; x_wconf 87' lang='lat' dir='ltr'>paternitas,</span> <span class='ocrx_word' id='word_1_230' title='bbox 1260 2309 1289 2365; x_wconf 91' lang='lat' dir='ltr'>in</span> 
     </span>
     <span class='ocr_line' id='line_1_25' title="bbox 191 2392 1291 2466; baseline 0.004 -16"><span class='ocrx_word' id='word_1_231' title='bbox 191 2394 266 2451; x_wconf 90' lang='lat' dir='ltr'>Filio</span> <span class='ocrx_word' id='word_1_232' title='bbox 279 2404 323 2450; x_wconf 92' lang='lat' dir='ltr'>est</span> <span class='ocrx_word' id='word_1_233' title='bbox 336 2393 445 2450; x_wconf 85' lang='lat' dir='ltr'>filiatio.</span> <span class='ocrx_word' id='word_1_234' title='bbox 484 2392 562 2450; x_wconf 89' lang='lat' dir='ltr'>Vere</span> <span class='ocrx_word' id='word_1_235' title='bbox 573 2411 644 2464; x_wconf 89' lang='lat' dir='ltr'>ergo</span> <span class='ocrx_word' id='word_1_236' title='bbox 655 2393 764 2450; x_wconf 91' lang='lat' dir='ltr'>dicitur</span> <span class='ocrx_word' id='word_1_237' title='bbox 777 2394 860 2465; x_wconf 88' lang='lat' dir='ltr'>quod</span> <span class='ocrx_word' id='word_1_238' title='bbox 869 2393 1020 2466; x_wconf 89' lang='lat' dir='ltr'>quidquid</span> <span class='ocrx_word' id='word_1_239' title='bbox 1032 2394 1191 2466; x_wconf 84' lang='lat' dir='ltr'>dignitatis</span> <span class='ocrx_word' id='word_1_240' title='bbox 1200 2395 1291 2454; x_wconf 90' lang='lat' dir='ltr'>habet</span> 
     </span>
     <span class='ocr_line' id='line_1_26' title="bbox 191 2478 1289 2552; baseline 0.003 -15"><span class='ocrx_word' id='word_1_241' title='bbox 191 2482 286 2551; x_wconf 90' lang='lat' dir='ltr'>Pater,</span> <span class='ocrx_word' id='word_1_242' title='bbox 307 2478 397 2538; x_wconf 90' lang='lat' dir='ltr'>habet</span> <span class='ocrx_word' id='word_1_243' title='bbox 417 2479 515 2535; x_wconf 83' lang='lat' dir='ltr'>Filius</span> <span class='ocrx_word' id='word_1_244' title='bbox 563 2480 627 2537; x_wconf 93' lang='lat' dir='ltr'>Nee</span> <span class='ocrx_word' id='word_1_245' title='bbox 647 2480 804 2552; x_wconf 87' lang='lat' dir='ltr'>sequitur:</span> <span class='ocrx_word' id='word_1_246' title='bbox 837 2481 1046 2552; x_wconf 89' lang='lat' dir='ltr'>paternitatem</span> <span class='ocrx_word' id='word_1_247' title='bbox 1066 2479 1157 2540; x_wconf 89' lang='lat' dir='ltr'>habet</span> <span class='ocrx_word' id='word_1_248' title='bbox 1179 2483 1289 2540; x_wconf 90' lang='lat' dir='ltr'>Pater:</span> 
     </span>
     <span class='ocr_line' id='line_1_27' title="bbox 190 2563 1287 2637; baseline -0.001 -14"><span class='ocrx_word' id='word_1_249' title='bbox 190 2584 260 2637; x_wconf 92' lang='lat' dir='ltr'>ergo</span> <span class='ocrx_word' id='word_1_250' title='bbox 274 2563 481 2637; x_wconf 86' lang='lat' dir='ltr'>paternitatem</span> <span class='ocrx_word' id='word_1_251' title='bbox 500 2563 590 2620; x_wconf 88' lang='lat' dir='ltr'>habet</span> <span class='ocrx_word' id='word_1_252' title='bbox 604 2564 704 2621; x_wconf 88' lang='lat' dir='ltr'>Filius.</span> <span class='ocrx_word' id='word_1_253' title='bbox 746 2565 881 2622; x_wconf 82' lang='lat' dir='ltr'>Mutatur</span> <span class='ocrx_word' id='word_1_254' title='bbox 893 2564 973 2622; x_wconf 89' lang='lat' dir='ltr'>enirn</span> <span class='ocrx_word' id='word_1_255' title='bbox 987 2564 1060 2635; x_wconf 82' lang='lat' dir='ltr'>quid</span> <span class='ocrx_word' id='word_1_256' title='bbox 1069 2564 1098 2621; x_wconf 90' lang='lat' dir='ltr'>in</span> <span class='ocrx_word' id='word_1_257' title='bbox 1112 2566 1154 2621; x_wconf 83' lang='lat' dir='ltr'>ad</span> <span class='ocrx_word' id='word_1_258' title='bbox 1164 2566 1287 2637; x_wconf 83' lang='lat' dir='ltr'>aliquid.</span> 
     </span>
     <span class='ocr_line' id='line_1_28' title="bbox 191 2648 1290 2722; baseline -0.001 -11"><span class='ocrx_word' id='word_1_259' title='bbox 191 2648 305 2712; x_wconf 89' lang='lat' dir='ltr'>Eadem</span> <span class='ocrx_word' id='word_1_260' title='bbox 325 2652 404 2710; x_wconf 88' lang='lat' dir='ltr'>enim</span> <span class='ocrx_word' id='word_1_261' title='bbox 424 2661 468 2708; x_wconf 90' lang='lat' dir='ltr'>est</span> <span class='ocrx_word' id='word_1_262' title='bbox 487 2652 615 2708; x_wconf 90' lang='lat' dir='ltr'>essentia</span> <span class='ocrx_word' id='word_1_263' title='bbox 635 2661 664 2708; x_wconf 91' lang='lat' dir='ltr'>et</span> <span class='ocrx_word' id='word_1_264' title='bbox 683 2651 811 2722; x_wconf 90' lang='lat' dir='ltr'>dignitas</span> <span class='ocrx_word' id='word_1_265' title='bbox 832 2651 925 2708; x_wconf 88' lang='lat' dir='ltr'>Patris</span> <span class='ocrx_word' id='word_1_266' title='bbox 945 2660 973 2708; x_wconf 90' lang='lat' dir='ltr'>et</span> <span class='ocrx_word' id='word_1_267' title='bbox 993 2651 1067 2722; x_wconf 90' lang='lat' dir='ltr'>Filii,</span> <span class='ocrx_word' id='word_1_268' title='bbox 1084 2652 1138 2710; x_wconf 91' lang='lat' dir='ltr'>sed</span> <span class='ocrx_word' id='word_1_269' title='bbox 1157 2653 1189 2709; x_wconf 93' lang='lat' dir='ltr'>in</span> <span class='ocrx_word' id='word_1_270' title='bbox 1205 2655 1290 2710; x_wconf 87' lang='lat' dir='ltr'>Patre</span> 
     </span>
    </p>
   </div>
   <div class='ocr_carea' id='block_1_5' title="bbox 190 2737 1289 3075">
    <p class='ocr_par' dir='ltr' id='par_1_6' title="bbox 190 2737 1289 2901">
     <span class='ocr_line' id='line_1_29' title="bbox 190 2737 1289 2808; baseline -0.003 -8"><span class='ocrx_word' id='word_1_271' title='bbox 190 2752 235 2800; x_wconf 91' lang='lat' dir='ltr'>est</span> <span class='ocrx_word' id='word_1_272' title='bbox 253 2739 420 2798; x_wconf 89' lang='lat' dir='ltr'>secundum</span> <span class='ocrx_word' id='word_1_273' title='bbox 439 2738 613 2796; x_wconf 90' lang='lat' dir='ltr'>relationem</span> <span class='ocrx_word' id='word_1_274' title='bbox 637 2738 742 2808; x_wconf 88' lang='lat' dir='ltr'>dantis,</span> <span class='ocrx_word' id='word_1_275' title='bbox 768 2737 798 2793; x_wconf 92' lang='lat' dir='ltr'>in</span> <span class='ocrx_word' id='word_1_276' title='bbox 819 2738 894 2796; x_wconf 91' lang='lat' dir='ltr'>Filio</span> <span class='ocrx_word' id='word_1_277' title='bbox 914 2739 1080 2805; x_wconf 86' lang='lat' dir='ltr'>secundum</span> <span class='ocrx_word' id='word_1_278' title='bbox 1111 2739 1289 2799; x_wconf 87' lang='lat' dir='ltr'>relationem</span> 
     </span>
     <span class='ocr_line' id='line_1_30' title="bbox 190 2827 1125 2901; baseline -0.003 -15"><span class='ocrx_word' id='word_1_279' title='bbox 190 2827 361 2901; x_wconf 87' lang='lat' dir='ltr'>accipientis</span> <span class='ocrx_word' id='word_1_280' title='bbox 373 2827 397 2882; x_wconf 85' lang='lat'>&#39;&#39;.</span> <span class='ocrx_word' id='word_1_281' title='bbox 1123 2833 1125 2836; x_wconf 83' lang='lat'>&#39;</span> 
     </span>
    </p>

    <p class='ocr_par' dir='ltr' id='par_1_7' title="bbox 190 2912 1289 3075">
     <span class='ocr_line' id='line_1_31' title="bbox 227 2912 1289 2987; baseline 0 -14"><span class='ocrx_word' id='word_1_282' title='bbox 227 2918 261 2973; x_wconf 93' lang='lat' dir='ltr'>In</span> <span class='ocrx_word' id='word_1_283' title='bbox 275 2916 333 2973; x_wconf 92' lang='lat' dir='ltr'>hoc</span> <span class='ocrx_word' id='word_1_284' title='bbox 346 2922 504 2986; x_wconf 90' lang='lat' dir='ltr'>systemate</span> <span class='ocrx_word' id='word_1_285' title='bbox 512 2913 634 2970; x_wconf 87' lang='lat' dir='ltr'>solvitur</span> <span class='ocrx_word' id='word_1_286' title='bbox 647 2930 717 2983; x_wconf 89' lang='lat' dir='ltr'>ergo</span> <span class='ocrx_word' id='word_1_287' title='bbox 731 2912 888 2970; x_wconf 86' lang='lat' dir='ltr'>difficultas</span> <span class='ocrx_word' id='word_1_288' title='bbox 898 2912 1028 2971; x_wconf 91' lang='lat' dir='ltr'>dicendo</span> <span class='ocrx_word' id='word_1_289' title='bbox 1045 2936 1051 2972; x_wconf 90' lang='lat'>:</span> <span class='ocrx_word' id='word_1_290' title='bbox 1071 2913 1102 2971; x_wconf 94' lang='lat' dir='ltr'>id</span> <span class='ocrx_word' id='word_1_291' title='bbox 1115 2932 1178 2986; x_wconf 87' lang='lat' dir='ltr'>quo</span> <span class='ocrx_word' id='word_1_292' title='bbox 1191 2933 1289 2987; x_wconf 92' lang='lat' dir='ltr'>perso·</span> 
     </span>
     <span class='ocr_line' id='line_1_32' title="bbox 190 3000 1288 3075; baseline 0 -14"><span class='ocrx_word' id='word_1_293' title='bbox 190 3023 236 3061; x_wconf 84' lang='lat' dir='ltr'>nae</span> <span class='ocrx_word' id='word_1_294' title='bbox 249 3003 470 3074; x_wconf 88' lang='lat' dir='ltr'>distinguuntur</span> <span class='ocrx_word' id='word_1_295' title='bbox 492 3018 550 3056; x_wconf 92' lang='lat' dir='ltr'>non</span> <span class='ocrx_word' id='word_1_296' title='bbox 567 3010 611 3057; x_wconf 92' lang='lat' dir='ltr'>est</span> <span class='ocrx_word' id='word_1_297' title='bbox 630 3000 752 3071; x_wconf 85' lang='lat' dir='ltr'>quidem</span> <span class='ocrx_word' id='word_1_298' title='bbox 766 3000 962 3072; x_wconf 74' lang='lat' dir='ltr'>imperiedlio,</span> <span class='ocrx_word' id='word_1_299' title='bbox 979 3001 1032 3060; x_wconf 92' lang='lat' dir='ltr'>sed</span> <span class='ocrx_word' id='word_1_300' title='bbox 1044 3001 1191 3073; x_wconf 73' lang='lat' dir='ltr'>perfedlio</span> <span class='ocrx_word' id='word_1_301' title='bbox 1212 3021 1288 3075; x_wconf 90' lang='lat' dir='ltr'>quae,</span> 
     </span>
    </p>
   </div>
   <div class='ocr_carea' id='block_1_6' title="bbox 189 3089 1290 3333">
    <p class='ocr_par' dir='ltr' id='par_1_8' title="bbox 189 3089 1290 3333">
     <span class='ocr_line' id='line_1_33' title="bbox 190 3089 1290 3164; baseline 0.001 -16"><span class='ocrx_word' id='word_1_302' title='bbox 190 3101 335 3164; x_wconf 88' lang='lat' dir='ltr'>quatenus</span> <span class='ocrx_word' id='word_1_303' title='bbox 348 3089 492 3161; x_wconf 71' lang='lat' dir='ltr'>perfectio</span> <span class='ocrx_word' id='word_1_304' title='bbox 506 3099 558 3159; x_wconf 90' lang='lat' dir='ltr'>est,</span> <span class='ocrx_word' id='word_1_305' title='bbox 574 3090 636 3160; x_wconf 90' lang='lat' dir='ltr'>jam</span> <span class='ocrx_word' id='word_1_306' title='bbox 649 3090 805 3145; x_wconf 80' lang='lat' dir='ltr'>errn&#39;nenter</span> <span class='ocrx_word' id='word_1_307' title='bbox 822 3089 852 3146; x_wconf 91' lang='lat' dir='ltr'>in</span> <span class='ocrx_word' id='word_1_308' title='bbox 866 3090 993 3147; x_wconf 67' lang='lat' dir='ltr'>essentia</span> <span class='ocrx_word' id='word_1_309' title='bbox 1010 3090 1112 3148; x_wconf 73' lang='lat' dir='ltr'>divina</span> <span class='ocrx_word' id='word_1_310' title='bbox 1131 3091 1290 3159; x_wconf 89' lang='lat' dir='ltr'>invenitur,</span> 
     </span>
     <span class='ocr_line' id='line_1_34' title="bbox 190 3168 1290 3247; baseline 0 -15"><span class='ocrx_word' id='word_1_311' title='bbox 190 3175 375 3246; x_wconf 88' lang='lat' dir='ltr'>proindeque</span> <span class='ocrx_word' id='word_1_312' title='bbox 386 3173 415 3227; x_wconf 94' lang='lat' dir='ltr'>in</span> <span class='ocrx_word' id='word_1_313' title='bbox 424 3172 558 3243; x_wconf 88' lang='lat' dir='ltr'>personis</span> <span class='ocrx_word' id='word_1_314' title='bbox 569 3168 639 3242; x_wconf 88' lang='lat' dir='ltr'>ipsis</span> <span class='ocrx_word' id='word_1_315' title='bbox 651 3193 656 3228; x_wconf 92' lang='lat'>:</span> <span class='ocrx_word' id='word_1_316' title='bbox 670 3173 842 3242; x_wconf 79' lang='lat' dir='ltr'>formaliter</span> <span class='ocrx_word' id='word_1_317' title='bbox 849 3182 948 3247; x_wconf 87' lang='lat' dir='ltr'>tamen</span> <span class='ocrx_word' id='word_1_318' title='bbox 958 3173 1105 3231; x_wconf 88' lang='lat' dir='ltr'>invenitur</span> <span class='ocrx_word' id='word_1_319' title='bbox 1113 3174 1143 3230; x_wconf 93' lang='lat' dir='ltr'>in</span> <span class='ocrx_word' id='word_1_320' title='bbox 1153 3177 1290 3245; x_wconf 72' lang='lat' dir='ltr'>persona,</span> 
     </span>
     <span class='ocr_line' id='line_1_35' title="bbox 189 3260 886 3333; baseline 0 -14"><span class='ocrx_word' id='word_1_321' title='bbox 189 3261 236 3319; x_wconf 89' lang='lat' dir='ltr'>cui</span> <span class='ocrx_word' id='word_1_322' title='bbox 251 3260 368 3333; x_wconf 90' lang='lat' dir='ltr'>propria</span> <span class='ocrx_word' id='word_1_323' title='bbox 382 3270 434 3330; x_wconf 87' lang='lat' dir='ltr'>est,</span> <span class='ocrx_word' id='word_1_324' title='bbox 452 3270 482 3317; x_wconf 90' lang='lat' dir='ltr'>ut</span> <span class='ocrx_word' id='word_1_325' title='bbox 497 3261 539 3316; x_wconf 87' lang='lat' dir='ltr'>sic</span> <span class='ocrx_word' id='word_1_326' title='bbox 551 3260 590 3317; x_wconf 92' lang='lat' dir='ltr'>ab</span> <span class='ocrx_word' id='word_1_327' title='bbox 600 3260 665 3317; x_wconf 88' lang='lat' dir='ltr'>aliis</span> <span class='ocrx_word' id='word_1_328' title='bbox 679 3261 886 3330; x_wconf 88' lang='lat' dir='ltr'>distinguatur.</span> 
     </span>
    </p>
   </div>
   <div class='ocr_carea' id='block_1_7' title="bbox 155 3377 1288 3891">
    <p class='ocr_par' dir='ltr' id='par_1_9' title="bbox 155 3377 1288 3891">
     <span class='ocr_line' id='line_1_36' title="bbox 226 3377 1286 3454; baseline 0.013 -26"><span class='ocrx_word' id='word_1_329' title='bbox 226 3386 280 3442; x_wconf 84' lang='lat'>107.</span> <span class='ocrx_word' id='word_1_330' title='bbox 320 3377 360 3447; x_wconf 84' lang='lat' dir='ltr'>(b)</span> <span class='ocrx_word' id='word_1_331' title='bbox 380 3377 468 3449; x_wconf 87' lang='lat' dir='ltr'>Juxta</span> <span class='ocrx_word' id='word_1_332' title='bbox 487 3378 560 3434; x_wconf 90' lang='lat' dir='ltr'>alios</span> <span class='ocrx_word' id='word_1_333' title='bbox 580 3379 698 3445; x_wconf 88' lang='lat' dir='ltr'>multos,</span> <span class='ocrx_word' id='word_1_334' title='bbox 715 3379 881 3450; x_wconf 85' lang='lat' dir='ltr'>relationes,</span> <span class='ocrx_word' id='word_1_335' title='bbox 895 3379 1004 3452; x_wconf 87' lang='lat' dir='ltr'>quibus</span> <span class='ocrx_word' id='word_1_336' title='bbox 1023 3398 1159 3454; x_wconf 85' lang='lat' dir='ltr'>personae</span> <span class='ocrx_word' id='word_1_337' title='bbox 1178 3386 1286 3442; x_wconf 91' lang='lat' dir='ltr'>consti-</span> 
     </span>
     <span class='ocr_line' id='line_1_37' title="bbox 190 3466 1288 3541; baseline 0.009 -21"><span class='ocrx_word' id='word_1_338' title='bbox 190 3474 319 3533; x_wconf 87' lang='lat' dir='ltr'>tuuntur,</span> <span class='ocrx_word' id='word_1_339' title='bbox 334 3483 409 3522; x_wconf 89' lang='lat' dir='ltr'>verae</span> <span class='ocrx_word' id='word_1_340' title='bbox 419 3476 487 3522; x_wconf 91' lang='lat' dir='ltr'>sunt</span> <span class='ocrx_word' id='word_1_341' title='bbox 499 3466 695 3537; x_wconf 64' lang='lat' dir='ltr'>perfeetiones</span> <span class='ocrx_word' id='word_1_342' title='bbox 708 3467 746 3525; x_wconf 88' lang='lat' dir='ltr'>ab</span> <span class='ocrx_word' id='word_1_343' title='bbox 756 3469 884 3526; x_wconf 76' lang='lat' dir='ltr'>essentia</span> <span class='ocrx_word' id='word_1_344' title='bbox 891 3469 1051 3527; x_wconf 88' lang='lat' dir='ltr'>virtualiter</span> <span class='ocrx_word' id='word_1_345' title='bbox 1063 3468 1221 3541; x_wconf 71' lang='lat' dir='ltr'>distinctae,</span> <span class='ocrx_word' id='word_1_346' title='bbox 1234 3472 1288 3530; x_wconf 89' lang='lat' dir='ltr'>sed</span> 
     </span>
     <span class='ocr_line' id='line_1_38' title="bbox 190 3551 1286 3629; baseline 0.007 -22"><span class='ocrx_word' id='word_1_347' title='bbox 190 3552 311 3621; x_wconf 88' lang='lat' dir='ltr'>aequalis</span> <span class='ocrx_word' id='word_1_348' title='bbox 334 3551 493 3622; x_wconf 86' lang='lat' dir='ltr'>dignitatis,</span> <span class='ocrx_word' id='word_1_349' title='bbox 511 3553 551 3609; x_wconf 89' lang='lat' dir='ltr'>ita</span> <span class='ocrx_word' id='word_1_350' title='bbox 565 3565 596 3610; x_wconf 91' lang='lat' dir='ltr'>ut</span> <span class='ocrx_word' id='word_1_351' title='bbox 615 3574 639 3610; x_wconf 88' lang='lat' dir='ltr'>v.</span> <span class='ocrx_word' id='word_1_352' title='bbox 654 3572 680 3624; x_wconf 92' lang='lat' dir='ltr'>g.</span> <span class='ocrx_word' id='word_1_353' title='bbox 696 3573 756 3610; x_wconf 93' lang='lat' dir='ltr'>non</span> <span class='ocrx_word' id='word_1_354' title='bbox 775 3556 812 3612; x_wconf 90' lang='lat' dir='ltr'>sit</span> <span class='ocrx_word' id='word_1_355' title='bbox 831 3557 926 3627; x_wconf 88' lang='lat' dir='ltr'>major</span> <span class='ocrx_word' id='word_1_356' title='bbox 944 3555 1089 3628; x_wconf 75' lang='lat' dir='ltr'>perfectio</span> <span class='ocrx_word' id='word_1_357' title='bbox 1109 3556 1138 3613; x_wconf 90' lang='lat' dir='ltr'>in</span> <span class='ocrx_word' id='word_1_358' title='bbox 1159 3560 1286 3629; x_wconf 88' lang='lat' dir='ltr'>paterni·</span> 
     </span>
     <span class='ocr_line' id='line_1_39' title="bbox 190 3640 1287 3714; baseline 0.006 -19"><span class='ocrx_word' id='word_1_359' title='bbox 190 3647 249 3696; x_wconf 88' lang='lat' dir='ltr'>tate</span> <span class='ocrx_word' id='word_1_360' title='bbox 263 3658 351 3709; x_wconf 80' lang='lat' dir='ltr'>quam</span> <span class='ocrx_word' id='word_1_361' title='bbox 367 3640 395 3694; x_wconf 95' lang='lat' dir='ltr'>in</span> <span class='ocrx_word' id='word_1_362' title='bbox 410 3640 552 3698; x_wconf 85' lang='lat' dir='ltr'>filiatione</span> <span class='ocrx_word' id='word_1_363' title='bbox 569 3662 574 3697; x_wconf 94' lang='lat'>:</span> <span class='ocrx_word' id='word_1_364' title='bbox 603 3659 671 3697; x_wconf 87' lang='lat' dir='ltr'>nam</span> <span class='ocrx_word' id='word_1_365' title='bbox 684 3643 845 3711; x_wconf 87' lang='lat' dir='ltr'>generatio,</span> <span class='ocrx_word' id='word_1_366' title='bbox 859 3661 909 3699; x_wconf 90' lang='lat' dir='ltr'>seu</span> <span class='ocrx_word' id='word_1_367' title='bbox 925 3642 1092 3714; x_wconf 88' lang='lat' dir='ltr'>paternitas,</span> <span class='ocrx_word' id='word_1_368' title='bbox 1110 3653 1154 3701; x_wconf 88' lang='lat' dir='ltr'>est</span> <span class='ocrx_word' id='word_1_369' title='bbox 1167 3646 1287 3703; x_wconf 90' lang='lat' dir='ltr'>traditio</span> 
     </span>
     <span class='ocr_line' id='line_1_40' title="bbox 189 3725 1286 3802; baseline 0.01 -23"><span class='ocrx_word' id='word_1_370' title='bbox 189 3725 265 3790; x_wconf 73' lang='lat' dir='ltr'>vitae,</span> <span class='ocrx_word' id='word_1_371' title='bbox 277 3725 378 3781; x_wconf 86' lang='lat' dir='ltr'>filiatio</span> <span class='ocrx_word' id='word_1_372' title='bbox 392 3735 435 3782; x_wconf 90' lang='lat' dir='ltr'>est</span> <span class='ocrx_word' id='word_1_373' title='bbox 446 3727 580 3796; x_wconf 88' lang='lat' dir='ltr'>ejusdem</span> <span class='ocrx_word' id='word_1_374' title='bbox 589 3728 656 3784; x_wconf 80' lang='lat' dir='ltr'>vitae</span> <span class='ocrx_word' id='word_1_375' title='bbox 665 3728 807 3798; x_wconf 80' lang='lat' dir='ltr'>recepti03</span> <span class='ocrx_word' id='word_1_376' title='bbox 826 3730 907 3800; x_wconf 88' lang='lat' dir='ltr'>atqui</span> <span class='ocrx_word' id='word_1_377' title='bbox 922 3730 951 3786; x_wconf 91' lang='lat' dir='ltr'>in</span> <span class='ocrx_word' id='word_1_378' title='bbox 964 3731 1031 3788; x_wconf 92' lang='lat' dir='ltr'>Deo</span> <span class='ocrx_word' id='word_1_379' title='bbox 1044 3738 1105 3786; x_wconf 88' lang='lat' dir='ltr'>tarn</span> <span class='ocrx_word' id='word_1_380' title='bbox 1119 3731 1286 3802; x_wconf 63' lang='lat' dir='ltr'>perfeetum</span> 
     </span>
     <span class='ocr_line' id='line_1_41' title="bbox 155 3812 1287 3891; baseline 0.01 -24"><span class='ocrx_word' id='word_1_381' title='bbox 155 3833 158 3839; x_wconf 88' lang='lat'>·</span> <span class='ocrx_word' id='word_1_382' title='bbox 189 3822 234 3868; x_wconf 92' lang='lat' dir='ltr'>est</span> <span class='ocrx_word' id='word_1_383' title='bbox 246 3812 381 3884; x_wconf 90' lang='lat' dir='ltr'>accipere</span> <span class='ocrx_word' id='word_1_384' title='bbox 396 3831 485 3882; x_wconf 85' lang='lat' dir='ltr'>quam</span> <span class='ocrx_word' id='word_1_385' title='bbox 506 3814 585 3883; x_wconf 90' lang='lat' dir='ltr'>dare,</span> <span class='ocrx_word' id='word_1_386' title='bbox 606 3833 697 3885; x_wconf 91' lang='lat' dir='ltr'>quum</span> <span class='ocrx_word' id='word_1_387' title='bbox 718 3827 877 3888; x_wconf 88' lang='lat' dir='ltr'>utrumque</span> <span class='ocrx_word' id='word_1_388' title='bbox 896 3817 932 3874; x_wconf 92' lang='lat' dir='ltr'>sit</span> <span class='ocrx_word' id='word_1_389' title='bbox 951 3817 1101 3875; x_wconf 81' lang='lat' dir='ltr'>infinitum</span> <span class='ocrx_word' id='word_1_390' title='bbox 1108 3836 1117 3890; x_wconf 82' lang='lat'>3</span> <span class='ocrx_word' id='word_1_391' title='bbox 1144 3835 1218 3891; x_wconf 86' lang='lat' dir='ltr'>ergo</span> <span class='ocrx_word' id='word_1_392' title='bbox 1230 3820 1287 3878; x_wconf 83' lang='lat' dir='ltr'>illae</span> 
     </span>
    </p>
   </div>
   <div class='ocr_carea' id='block_1_8' title="bbox 189 3989 1281 4318">
    <p class='ocr_par' dir='ltr' id='par_1_10' title="bbox 225 3989 557 4062">
     <span class='ocr_line' id='line_1_42' title="bbox 225 3989 557 4062; baseline 0.012 -19"><span class='ocrx_word' id='word_1_393' title='bbox 225 3989 233 4020; x_wconf 85' lang='lat'><strong>¹</strong></span> <span class='ocrx_word' id='word_1_394' title='bbox 246 3992 355 4058; x_wconf 83' lang='lat' dir='ltr'>Clarke,</span> <span class='ocrx_word' id='word_1_395' title='bbox 367 3993 383 4045; x_wconf 89' lang='lat' dir='ltr'>l.</span> <span class='ocrx_word' id='word_1_396' title='bbox 399 3993 442 4046; x_wconf 91' lang='lat' dir='ltr'>cit.</span> <span class='ocrx_word' id='word_1_397' title='bbox 458 4010 482 4061; x_wconf 91' lang='lat' dir='ltr'>p.</span> <span class='ocrx_word' id='word_1_398' title='bbox 497 4008 557 4062; x_wconf 79' lang='lat'><strong>497.</strong></span> 
     </span>
    </p>

    <p class='ocr_par' dir='ltr' id='par_1_11' title="bbox 189 4076 1281 4236">
     <span class='ocr_line' id='line_1_43' title="bbox 224 4076 1281 4154; baseline 0.012 -28"><span class='ocrx_word' id='word_1_399' title='bbox 224 4076 285 4128; x_wconf 67' lang='grc' dir='ltr'>Ι-ἚΙ,</span> <span class='ocrx_word' id='word_1_400' title='bbox 301 4077 394 4142; x_wconf 78' lang='lat' dir='ltr'>Goaet,</span> <span class='ocrx_word' id='word_1_401' title='bbox 405 4077 475 4144; x_wconf 76' lang='lat' dir='ltr'>disp,</span> <span class='ocrx_word' id='word_1_402' title='bbox 487 4079 541 4144; x_wconf 81' lang='grc' dir='ltr'><strong>ΙΙΙ,</strong></span> <span class='ocrx_word' id='word_1_403' title='bbox 552 4096 575 4130; x_wconf 87' lang='lat' dir='ltr'>a.</span> <span class='ocrx_word' id='word_1_404' title='bbox 588 4093 611 4143; x_wconf 86' lang='lat'>2,</span> <span class='ocrx_word' id='word_1_405' title='bbox 622 4076 636 4146; x_wconf 67' lang='grc' dir='ltr'><strong>ἓ</strong></span> <span class='ocrx_word' id='word_1_406' title='bbox 647 4093 674 4144; x_wconf 86' lang='grc'>4;</span> <span class='ocrx_word' id='word_1_407' title='bbox 696 4080 831 4146; x_wconf 80' lang='lat' dir='ltr'>Billuart,</span> <span class='ocrx_word' id='word_1_408' title='bbox 842 4080 908 4133; x_wconf 87' lang='lat' dir='ltr'>diss.</span> <span class='ocrx_word' id='word_1_409' title='bbox 921 4093 944 4147; x_wconf 82' lang='lat'>3,</span> <span class='ocrx_word' id='word_1_410' title='bbox 958 4098 984 4136; x_wconf 85' lang='lat' dir='ltr'>a.</span> <span class='ocrx_word' id='word_1_411' title='bbox 999 4092 1023 4150; x_wconf 76' lang='lat'>55</span> <span class='ocrx_word' id='word_1_412' title='bbox 1044 4080 1128 4136; x_wconf 77' lang='lat' dir='ltr'>card.</span> <span class='ocrx_word' id='word_1_413' title='bbox 1142 4082 1281 4154; x_wconf 80' lang='lat' dir='ltr'>Agur&#39;rre,</span> 
     </span>
     <span class='ocr_line' id='line_1_44' title="bbox 189 4162 849 4236; baseline 0.015 -23"><span class='ocrx_word' id='word_1_414' title='bbox 189 4162 288 4214; x_wconf 86' lang='lat' dir='ltr'>Theoi.</span> <span class='ocrx_word' id='word_1_415' title='bbox 302 4164 330 4215; x_wconf 86' lang='lat' dir='ltr'>S.</span> <span class='ocrx_word' id='word_1_416' title='bbox 346 4163 482 4229; x_wconf 86' lang='lat' dir='ltr'>Anselmi,</span> <span class='ocrx_word' id='word_1_417' title='bbox 496 4165 548 4217; x_wconf 92' lang='lat' dir='ltr'>vol.</span> <span class='ocrx_word' id='word_1_418' title='bbox 566 4167 587 4231; x_wconf 87' lang='lat'>1,</span> <span class='ocrx_word' id='word_1_419' title='bbox 601 4166 671 4235; x_wconf 89' lang='lat' dir='ltr'>disp.</span> <span class='ocrx_word' id='word_1_420' title='bbox 689 4166 729 4233; x_wconf 84' lang='lat'>26,</span> <span class='ocrx_word' id='word_1_421' title='bbox 743 4167 810 4222; x_wconf 71' lang='lat' dir='ltr'>sect.</span> <span class='ocrx_word' id='word_1_422' title='bbox 826 4183 849 4236; x_wconf 84' lang='lat'>3.</span> 
     </span>
    </p>

    <p class='ocr_par' dir='ltr' id='par_1_12' title="bbox 224 4249 643 4318">
     <span class='ocr_line' id='line_1_45' title="bbox 224 4249 643 4318; baseline 0.017 -20"><span class='ocrx_word' id='word_1_423' title='bbox 224 4250 273 4300; x_wconf 70' lang='lat'>³8.</span> <span class='ocrx_word' id='word_1_424' title='bbox 292 4249 385 4303; x_wconf 71' lang='lat' dir='ltr'>Thoan.</span> <span class='ocrx_word' id='word_1_425' title='bbox 403 4266 429 4318; x_wconf 87' lang='lat' dir='ltr'>q.</span> <span class='ocrx_word' id='word_1_426' title='bbox 443 4265 485 4316; x_wconf 77' lang='lat'>42,</span> <span class='ocrx_word' id='word_1_427' title='bbox 501 4268 525 4305; x_wconf 89' lang='lat' dir='ltr'>a.</span> <span class='ocrx_word' id='word_1_428' title='bbox 542 4267 558 4316; x_wconf 81' lang='grc'>4</span> <span class='ocrx_word' id='word_1_429' title='bbox 572 4251 607 4304; x_wconf 87' lang='lat' dir='ltr'>ad</span> <span class='ocrx_word' id='word_1_430' title='bbox 621 4268 643 4305; x_wconf 85' lang='lat'>2.</span> 
     </span>
    </p>
   </div>
   <div class='ocr_carea' id='block_1_9' title="bbox 0 0 1348 4634">
    <p class='ocr_par' dir='ltr' id='par_1_13' title="bbox 0 0 1348 4634">
     <span class='ocr_line' id='line_1_46' title="bbox 0 0 1348 4634; baseline 0 0"><span class='ocrx_word' id='word_1_431' title='bbox 0 0 1348 4634; x_wconf 95' lang='lat' dir='ltr'> </span> 
     </span>
    </p>
   </div>
  </div>
 </body>
</html>
