2684 4634
191 181 260 231 492
648 179 787 231 CAPUT
804 179 847 229 11.
953 184 958 194 ‘
1324 36 1334 325 1

190 362 293 424 Filius
313 362 386 436 Dei,
404 360 522 422 didicit
545 381 589 422 ex
612 361 660 422 eis
682 382 758 442 quae
781 382 898 437 passus
924 370 984 435 est,
999 361 1235 427 obedientiam
1247 362 1296 428 ”¹5
1332 344 1334 351 Ι

188 465 279 546 atqui
303 463 361 526 illa
379 463 481 525 verba
498 463 681 544 important
697 463 877 536 Christum,
892 462 949 543 qui
967 461 1038 542 jam
1058 461 1202 527 aliunde
1221 463 1294 525 theo-

188 567 282 630 retice
296 565 522 628 obedientiam
540 566 772 645 cognoscebat,
784 585 842 646 per
858 565 1025 646 propriam
1041 566 1292 647 experientiam,

189 689 247 749 per
266 668 398 730 dolores
418 687 464 728 ex
482 666 674 730 obedientia
692 678 873 748 susceptos,
885 653 991 729 'modo
1015 689 1098 729 norro
1114 677 1149 730 et
1157 668 1292 748 praliico

187 771 266 853 quid
283 770 326 832 sit
342 769 542 844 obedientia,
559 770 638 850 quid
663 787 775 831 secum
800 767 948 831 involvat
970 770 1194 850 cognovisse;
1217 770 1291 831 sicut
1331 778 1334 847 ξ

188 895 216 938 v.
231 893 261 954 g.
278 883 499 946 astronomus,
514 873 570 953 qui
592 873 662 953 jam
687 871 932 934 mathematicis
951 872 1139 934 rationibus
1155 873 1290 956 planeta

187 975 401 1037 existentiam
418 983 565 1050 noverat,
576 994 649 1036 eam
663 994 751 1036 novo
764 975 866 1035 modo
876 976 1048 1056 cognoscit
1059 995 1128 1055 ope
1140 975 1289 1057 telescopi
1332 1000 1334 1043 3

187 1077 340 1139 videndo
403 1099 406 1103 ·
1172 1098 1175 1103 ’

197 1176 201 1181 ’
232 1175 299 1263 (Β)
318 1180 375 1240 Ex
398 1177 496 1241 dietis
518 1199 627 1259 supra,
643 1179 794 1242 Christus
817 1178 963 1242 habebat
985 1166 1290 1245 intellectum'vere

186 1280 379 1355 humanum,
407 1300 482 1342 cum
506 1282 657 1342 sensibus
683 1283 832 1344 externis
858 1292 892 1345 et
919 1283 1077 1360 intemis;
1101 1285 1199 1365 atqui
1222 1285 1290 1347 talis

186 1381 372 1446 intellectus
397 1383 526 1445 otiosus
551 1404 720 1446 remanere
747 1384 916 1467 nequibat,
943 1385 1001 1446 sed
1028 1405 1073 1448 ex
1099 1387 1290 1466 q'uotidiant
1332 1356 1334 1441 i

187 1482 392 1566 inspectione
405 1496 629 1549 creaturarum
646 1497 679 1549 et
695 1488 860 1569 suiipsius,
870 1487 962 1549 ideas
978 1506 1016 1549 ac
1032 1489 1178 1568 proinde
1193 1492 1289 1552 scien-

186 1587 266 1650 tiam
283 1589 452 1669 acquirere
468 1589 634 1665 debebat;
657 1610 745 1670 ergo.
791 1589 844 1671 (S.
865 1591 897 1651 T
892 1591 922 1652 lz.
938 1610 969 1671 q.
986 1608 1016 1668 9,
1032 1611 1059 1651 a.
1075 1591 1120 1668 4).

230 1737 297 1802 132.
344 1737 380 1786 2⁰
399 1723 588 1800 Qualitates.
634 1726 692 1807 (A)
712 1726 773 1789 Illa
788 1725 927 1789 scientia
943 1746 1009 1788 non
1025 1728 1136 1803 simul,
1148 1729 1208 1795 sed
1224 1751 1289 1793 suc·

185 1829 308 1889 cessive
339 1829 500 1909 acquisita
531 1827 601 1904 fuit,
632 1837 730 1909 prout
760 1810 917 1893 nimirum
948 1848 1076 1909 organa
1106 1829 1289 1915 phantasia

187 1930 303 1992 melius
326 1932 367 1993 ad
390 1930 596 2012 recipiendas
618 1931 790 1993 sensibiles
812 1930 940 2014 species
963 1930 1240 2011 disponebantur,
1257 1955 1289 1996 ac

186 2034 325 2114 proinde
340 2055 437 2097 verus
447 2044 640 2114 progressus
661 2033 794 2097 admitti
813 2042 925 2114 potest
948 2033 980 2094 in
1003 2033 1143 2095 scientia
1163 2039 1290 2119 experi-

186 2136 331 2211 mentali,
346 2148 513 2221 quatenus
529 2136 676 2199 Christus
699 2136 883 2197 successive
899 2155 1003 2197 novas
1019 2155 1070 2197 res
1085 2135 1235 2214 videbat,
1250 2160 1290 2200 ex

184 2239 231 2299 eis
255 2259 357 2302 novas
380 2226 472 2302 ideas
495 2221 696 2321 acquirebat,
718 2246 751 2299 et
775 2258 819 2298 ex
844 2238 925 2300 ideis
945 2237 1017 2318 jam
1040 2238 1166 2302 habitis
1191 2262 1291 2304 novas

185 2331 413 2417 conclusiones
439 2342 625 2405 deducebat
635 2353 657 2403 2.
705 2340 781 2402 Hoc
805 2361 902 2403 sensu
927 2341 1032 2422 accipi
1056 2353 1201 2423 possunt
1224 2346 1292 2408 haec

185 2445 364 2526 Scripturae
387 2446 505 2508 verba:
529 2447 651 2526 “Jesus
674 2442 869 2525 proficiebat
890 2443 1060 2525 sapientiai,
1076 2454 1111 2507 et
1134 2457 1245 2534 aetate,
1260 2461 1292 2514 et

183 2549 291 2630 gratit
307 2549 396 2630 apud
415 2549 525 2612 Deum
549 2558 582 2610 et
605 2547 757 2608 homines
769 2545 821 2622 ''3,
836 2547 990 2627 quamvis
1014 2549 1151 2627 quidam
1169 2571 1216 2612 ex
1234 2553 1290 2614 Pa·

185 2653 293 2715 tribus·
304 2654 415 2717 minus
431 2649 519 2714 recte
535 2652 652 2715 eadem
671 2649 859 2730 intelligant
877 2670 942 2710 non
957 2651 999 2711 de
1011 2671 1089 2712 vero
1106 2672 1291 2733 progressu,

184 2757 241 2819 sed
259 2757 300 2818 de
315 2755 521 2819 succcessivzl
536 2752 806 2818 manifestatione
822 2751 995 2832 sapientiae
1008 2751 1077 2831 jam
1094 2756 1276 2836 acquisitae.

229 2855 295 2943 (B)
314 2859 461 2922 Scientia
478 2857 600 2921 Christi
618 2856 774 2916 immunis
792 2855 852 2916 luit
865 2855 908 2916 ab
920 2875 1036 2931 errore,
1047 2875 1125 2918 nam
1141 2859 1290 2923 Verbum

184 2982 243 3023 sua
273 2961 416 3023 faciebat
446 2962 560 3023 omnia
587 2959 712 3038 judicia
742 2955 930 3021 intellectus
960 2957 1105 3034 Christi.;
1139 2961 1291 3040 jamvero

185 3066 333 3127 Verbum
351 3085 409 3126 sua
425 3064 532 3125 facere
549 3083 614 3124 non
632 3071 742 3141 potest
755 3059 881 3140 judicia
898 3059 989 3122 falsa.

233 3167 291 3247 (C)
315 3166 545 3230 Communiter
565 3167 666 3227 etiam
686 3163 844 3225 asseritur
864 3162 1035 3224 scientiam
1058 3162 1130 3243 ejus
1149 3168 1290 3254 acquisi-

183 3282 252 3334 tam
276 3289 348 3331 sese
375 3270 566 3330 extendisse
590 3267 632 3328 ad
660 3268 773 3329 omnia
800 3287 875 3346 quae
899 3268 1053 3347 cognosci
1074 3280 1218 3347 possunt
1235 3293 1291 3352 per

183 3375 337 3436 virtutem
355 3369 539 3434 intellectus
555 3370 694 3450 agentis
708 3389 772 3430 non
791 3378 902 3431 autem
919 3367 961 3429 ad
978 3369 1091 3430 omnia
1107 3354 1290 3452 singularia

183 3477 358 3559 praeterita,
384 3475 560 3556 praesentia
590 3481 623 3534 et
654 3471 772 3545 sutura,
798 3492 872 3552 quae
904 3482 1016 3535 tamen
1045 3477 1206 3555 cognovit
1234 3498 1291 3558 per

182 3581 354 3642 scientiam
382 3578 533 3640 infusam.
588 3576 708 3641 Omnis
731 3576 820 3637 enim
844 3575 983 3638 scientia
998 3596 1078 3656 quae
1101 3578 1133 3639 in
1157 3581 1290 3654 coluit,

182 3683 297 3745 debuit
315 3702 386 3743 esse
408 3679 553 3761 perfetta
577 3681 609 3741 in
634 3700 695 3740 suo
714 3699 843 3759 genere,
859 3699 963 3759 quum
986 3678 1032 3739 nil
1054 3679 1289 3760 imperfectum

182 3787 252 3847 sine
265 3784 461 3846 necessitate
479 3784 511 3844 in
527 3803 568 3844 eo
583 3783 777 3865 ponendum
792 3783 835 3843 sit
849 3803 856 3857 ;
871 3781 964 3869 atqui
975 3781 1113 3843 scientia
1126 3786 1290 3865 acquisita

182 3885 374 3970 impersetta
395 3896 492 3961 esset,
509 3887 570 3948 nisi
597 3906 669 3948 sese
693 3886 735 3947 ad
762 3886 875 3951 omnia
897 3884 1037 3966 praefata
1063 3888 1290 3965 protenderet,

180 4012 282 4073 quum
303 3991 372 4072 ¹sint
394 3987 561 4069 objectum
586 3990 800 4068 adaquatum
824 3979 1021 4055 intellectus.
1070 3987 1142 4051 Nec
1159 3990 1291 4054 dicatur

180 4094 348 4158 Christum
365 4113 423 4174 per
438 4093 612 4154 scientiam
630 4092 769 4152 inditam
787 4091 858 4155 haec
870 4089 984 4164 omnia
994 4089 1063 4169 jam
1077 4093 1289 4170 cognovisse;

186 4226 242 4235 ιι--ι

213 4284 317 4336 1Hebr.
333 4284 366 4348 V,
383 4283 408 4335 8.
426 4313 459 4320 -
471 4288 481 4310 ²
495 4283 525 4335 S.
546 4283 650 4345 thom,
666 4297 688 4348 3,
703 4298 729 4351 q.
749 4297 789 4346 12,
802 4299 826 4333 a.
843 4299 865 4332 2.
881 4310 910 4318 —
926 4279 1017 4333 'Luc
1036 4281 1075 4344 11,
1091 4293 1131 4348 52.
