2684 4634
300 160 355 210 DE
373 158 727 210 OPERATIONIBUS
745 158 919 208 DIVINIS.
1101 159 1157 209 161

96 358 167 424 134.
214 339 274 422 (C)
288 342 364 404 Καί.
383 341 471 405 tlteol.
487 340 538 422 (a)
555 341 724 421 Imprimis
747 351 862 422 aperte
885 349 1019 402 constat
1043 360 1157 421 supra-

50 444 276 526 lapsariorum
293 455 441 528 systema
457 445 634 507 manifeste
649 445 769 507 divinis
786 445 955 508 attributis
970 444 1158 506 adversari:

52 546 202 621 bonitati,
219 567 322 627 quum
338 548 471 610 crudele
487 549 529 610 sit
545 547 673 628 aliquot
687 557 863 625 creaturas,
874 556 951 609 ante
964 547 1067 609 ullum
1084 567 1158 627 pec-

54 660 171 711 catum
185 650 548 732 praevisum,suppliciis
558 652 690 713 aeternis
700 651 863 714 devovere
869 677 876 731 ;
888 673 948 713 nec
958 652 1088 714 dicatur
1097 651 1159 712 hoc

54 750 128 813 fieri
142 751 185 813 ad
198 752 363 832 justitiam
376 754 440 815 Dei
453 756 747 832 manifestandam
770 777 846 817 nam
858 756 901 817 ab
911 767 1036 819 aeterno
1048 754 1159 816 decer-

55 875 138 917 nere
154 855 294 937 alicujus
309 859 587 938 reprobationem,
597 870 675 921 ante
690 861 831 939 praevisa
846 859 917 940 ejus
929 859 1100 933 demerita,
1109 866 1160 918 est

56 954 173 1039 potius
190 958 361 1040 injustitiae
378 958 480 1038 adius
490 955 593 1043 quum
611 983 709 1025 nemo
725 963 787 1023 nisi
804 983 877 1024 reus
894 962 1035 1043 positive
1050 960 1159 1041 puniri

56 1061 179 1141 possit;
201 1061 374 1141 sapientire,
385 1082 461 1124 nam
473 1066 605 1146 sapiens
618 1064 787 1145 legislator
799 1085 865 1126 non
880 1063 1023 1126 intendit
1034 1083 1159 1144 poenas,

58 1164 123 1224 nisi
147 1174 312 1244 quatenus
336 1169 528 1230 necessariae
555 1179 632 1231 sunt
659 1170 700 1231 ad
733 1177 906 1249 peccatum
937 1168 1160 1248 puniendum;

57 1268 239 1344 santtitati,
254 1269 332 1348 quia
349 1270 450 1347 Deus,
463 1271 627 1351 quosdam
645 1271 687 1333 ad
703 1272 867 1334 infernum
881 1271 1160 1352 praedestinando,

59 1371 198 1434 eosdem
216 1373 258 1435 ad
275 1384 450 1455 peccatum
467 1377 703 1456 praedestinare
726 1375 835 1451 debet,
851 1375 963 1454 sicque
986 1372 1023 1435 fit
1046 1370 1160 1435 audior

60 1476 205 1554 peccati;
221 1478 357 1540 tandem
363 1479 515 1558 justitiae,
532 1479 609 1542 licet
624 1480 711 1542 enim
725 1479 818 1540 Deus
829 1498 894 1538 non
907 1486 1058 1539 teneatur
1072 1495 1160 1536 crea-

59 1588 153 1640 turas
163 1580 207 1642 ad
218 1579 318 1644 finem
331 1583 616 1661 supernaturalem
627 1584 803 1656 destinare,
813 1582 839 1642 si
852 1579 991 1643 delatio
1004 1581 1050 1641 eis
1060 1579 1159 1641 finem

60 1685 350 1764 supernaturalem
367 1688 524 1768 assignet,
540 1688 739 1769 sibimetipsi
755 1686 856 1749 debet
872 1694 909 1746 ut
925 1685 1034 1746 media
1049 1703 1161 1764 super-

60 1786 229 1849 naturalia
245 1790 286 1850 ad
296 1766 391 1852 ¹hunc
407 1788 507 1852 finem
524 1792 759 1872 attingendum
777 1789 962 1850 necessaria
977 1788 1146 1848 concedat.

107 1946 176 2014 135.
222 1936 270 2018 (b)
287 1937 416 2001 Similia
432 1947 629 2018 argumenta
652 1939 752 2000 etiam
778 1947 894 1999 contra
918 1934 1159 2015 inlralapsario-

62 2058 136 2100 rum
153 2049 303 2120 systema
319 2041 471 2103 militant.
524 2042 613 2104 Nam
631 2042 732 2117 Deus,
749 2042 848 2103 etiam
873 2049 949 2121 post
972 2038 1111 2119 lapsum,
1127 2038 1160 2099 in

64 2137 99 2199 S.
110 2137 250 2201 Litteris
260 2141 438 2206 exhibetur
448 2155 484 2208 ut
494 2144 602 2207 bonus
612 2154 645 2207 et
658 2144 835 2225 providens
847 2144 952 2218 Pater,
962 2143 1017 2223 qui
1031 2143 1160 2222 sapien·

62 2251 114 2302 ter
136 2243 181 2304 de
202 2244 357 2308 omnibus
380 2246 573 2310 hominibus
596 2256 698 2322 curat,
714 2266 831 2308 omnes
847 2246 965 2326 diligit,
980 2255 1013 2308 et
1029 2245 1159 2306 nonnisi

63 2343 266 2409 reluctanter
274 2368 341 2425 eos,
350 2359 485 2431 propter
495 2351 608 2431 gravia
619 2351 763 2431 ipsorum
775 2359 920 2430 peccata,
930 2349 1038 2430 poenis
1048 2347 1161 2425 afficit;

63 2449 168 2530 atqui,
183 2450 211 2511 si
227 2461 303 2533 post
319 2453 479 2534 originale
496 2463 680 2536 peccatum,
697 2454 788 2515 Deus
812 2454 943 2515 nonnisi
966 2453 1093 2534 aliquos
1116 2473 1159 2514 ex

63 2551 251 2631 iniquitatis
267 2559 377 2618 massa
400 2555 527 2619 salvare
552 2557 713 2631 intendat,
729 2556 785 2617 ubi
809 2564 859 2617 est
881 2556 953 2637 ejus
974 2556 1162 2636 sapientia?

64 2653 121 2714 E'x
137 2659 206 2717 una
221 2666 315 2737 parte
330 2656 481 2720 homines
505 2658 547 2720 ad
571 2657 670 2720 finem
696 2657 979 2739 supernaturalem
1003 2658 1160 2719 destinati

63 2767 212 2834 manent,
227 2769 261 2822 et
276 2780 320 2821 ex
342 2761 455 2836 altera,
470 2771 605 2842 propter
627 2762 757 2842 culpam
783 2781 847 2822 non
873 2759 1077 2841 personalem
1102 2760 1158 2820 sed

63 2861 184 2941 capitis
199 2863 259 2938 sui,
275 2863 449 2944 incapaces
466 2873 543 2925 sunt
559 2863 646 2925 hunc
663 2862 762 2925 finem
779 2863 992 2942 assequendi3
1018 2862 1073 2924 ubi
1089 2861 1160 2941 ejus

64 2962 218 3026 bonitas?
242 2984 345 3045 quum
360 2965 450 3027 enim
468 2965 624 3027 facillime
648 2965 802 3026 omnibus
826 2965 936 3026 media
957 2965 998 3026 ad
1022 2965 1159 3027 salutem

64 3068 250 3130 necessaria
262 3089 449 3151 praeparare
461 3069 578 3145 valeat,
592 3069 804 3148 mediumque
814 3068 1051 3148 redemptionis
1061 3070 1102 3130 de
1115 3068 1128 3129 l
1149 3105 1160 3115 -

64 3167 118 3232 &o
134 3170 316 3234 instituerit
331 3172 421 3252 quod
438 3193 482 3238 ex
498 3192 534 3233 se
549 3171 704 3233 omnibus
719 3169 875 3251 prodesse
890 3180 1009 3251 potest,
1021 3172 1161 3252 positive

64 3283 96 3336 et
112 3271 240 3338 dirette
256 3275 378 3339 multos
394 3276 437 3337 ab
457 3276 520 3337 hoc
545 3276 654 3337 medio
678 3272 831 3354 prohibet
839 3295 846 3350 ;
873 3273 928 3335 ubi
952 3273 1022 3354 ejus
1045 3278 1162 3338 antor?

64 3378 119 3458 qui
137 3377 227 3440 enim
240 3387 341 3453 amat,
353 3379 546 3440 benefacere
558 3378 644 3455 vult;
665 3377 814 3458 jamvero
828 3377 928 3452 Deus,
939 3377 970 3437 in
984 3377 1046 3459 hac
1058 3377 1160 3459 hypo-

64 3481 161 3556 thesi,
176 3483 340 3563 quosdam
357 3464 492 3562 quidem
509 3482 628 3562 diligit,
644 3501 700 3542 eos
716 3479 880 3560 eligendo,
896 3480 977 3540 alios
993 3500 1070 3542 vero
1084 3482 1161 3543 odio

63 3584 176 3661 habet,
191 3594 226 3648 et
240 3585 375 3666 quidem
392 3586 519 3667 absque
540 3584 607 3647 ullet
628 3604 741 3645 eorum
760 3583 867 3663 culpet,
882 3603 984 3662 quum
1003 3604 1069 3659 eos
1085 3595 1162 3647 ante

62 3689 243 3770 praevisum
253 3689 459 3771 personalem
471 3688 992 3770 lapsum,aeternishorrendisque
1001 3690 1162 3752 devoveat

62 3792 251 3876 suppliciis!
278 3792 363 3857 Cum
375 3792 551 3855 Psalmista
564 3793 664 3874 igitur
675 3791 913 3853 concludamus
926 3814 932 3852 :
956 3789 1162 3872 “Quomodo

62 3899 240 3960 miseretur
254 3904 348 3977 pater
363 3893 515 3973 filiorum,
531 3897 684 3959 misertus
707 3905 757 3958 est
781 3895 946 3957 Dominus
969 3894 1162 3957 timentibus

60 4022 113 4077 se;
140 3999 301 4081 quoniam
318 4000 388 4080 ipse
404 4000 561 4081 cognovit
577 3998 774 4080 figmentum
799 4006 957 4074 nostrum,
973 3998 1163 4060 recordatus

60 4116 113 4169 cst
130 4105 291 4188 quoniam
308 4105 416 4186 pulvis
432 4105 565 4168 sumus’'
575 4118 594 4168 1.

96 4261 105 4292 ¹
119 4265 169 4319 Ps.
187 4264 312 4328 CIL-14.

184 4383 309 4429 Sruorsrs
321 4382 352 4428 11.
365 4408 394 4417 —
406 4395 432 4428 11
