<?xml version="1.0" encoding="UTF-8"?>
<!DOCTYPE html PUBLIC "-//W3C//DTD XHTML 1.0 Transitional//EN"
    "http://www.w3.org/TR/xhtml1/DTD/xhtml1-transitional.dtd">
<html xmlns="http://www.w3.org/1999/xhtml" xml:lang="en" lang="en">
 <head>
  <title>
</title>
<meta http-equiv="Content-Type" content="text/html;charset=utf-8" />
  <meta name='ocr-system' content='tesseract 3.04.00' />
  <meta name='ocr-capabilities' content='ocr_page ocr_carea ocr_par ocr_line ocrx_word'/>
</head>
<body>
  <div class='ocr_page' id='page_1' title='image "./synopsistheolog00tanqgoog_0072.png"; bbox 0 0 2684 4634; ppageno 0'>
   <div class='ocr_carea' id='block_1_1' title="bbox 440 109 1153 162">
    <p class='ocr_par' dir='ltr' id='par_1_1' title="bbox 440 109 1153 162">
     <span class='ocr_line' id='line_1_1' title="bbox 440 109 1153 162; baseline 0 -2"><span class='ocrx_word' id='word_1_1' title='bbox 440 111 496 160; x_wconf 81' lang='lat' dir='ltr'>DE</span> <span class='ocrx_word' id='word_1_2' title='bbox 516 110 625 162; x_wconf 72' lang='lat' dir='ltr'>ACTU</span> <span class='ocrx_word' id='word_1_3' title='bbox 645 111 772 159; x_wconf 80' lang='lat' dir='ltr'>FIDEL</span> <span class='ocrx_word' id='word_1_4' title='bbox 1115 109 1153 160; x_wconf 90' lang='lat'>51</span> 
     </span>
    </p>
   </div>
   <div class='ocr_carea' id='block_1_2' title="bbox 46 291 1155 1834">
    <p class='ocr_par' dir='ltr' id='par_1_2' title="bbox 46 291 1155 1002">
     <span class='ocr_line' id='line_1_2' title="bbox 46 291 1155 374; baseline 0 -20"><span class='ocrx_word' id='word_1_5' title='bbox 46 294 205 355; x_wconf 88' lang='lat' dir='ltr'>thedram</span> <span class='ocrx_word' id='word_1_6' title='bbox 225 294 336 374; x_wconf 86' lang='lat' dir='ltr'>Moysi</span> <span class='ocrx_word' id='word_1_7' title='bbox 352 295 507 356; x_wconf 89' lang='lat' dir='ltr'>sederunt</span> <span class='ocrx_word' id='word_1_8' title='bbox 524 294 648 358; x_wconf 86' lang='lat' dir='ltr'>Scribae</span> <span class='ocrx_word' id='word_1_9' title='bbox 665 303 698 355; x_wconf 88' lang='lat' dir='ltr'>et</span> <span class='ocrx_word' id='word_1_10' title='bbox 715 293 879 354; x_wconf 85' lang='lat' dir='ltr'>Pharisaei.</span> <span class='ocrx_word' id='word_1_11' title='bbox 926 291 1050 355; x_wconf 90' lang='lat' dir='ltr'>Omnia</span> <span class='ocrx_word' id='word_1_12' title='bbox 1065 311 1155 371; x_wconf 87' lang='lat' dir='ltr'>quae·</span> 
     </span>
     <span class='ocr_line' id='line_1_3' title="bbox 46 397 1153 478; baseline 0 -20"><span class='ocrx_word' id='word_1_13' title='bbox 46 416 197 477; x_wconf 88' lang='lat' dir='ltr'>cumque</span> <span class='ocrx_word' id='word_1_14' title='bbox 212 397 360 458; x_wconf 86' lang='lat' dir='ltr'>dixerint</span> <span class='ocrx_word' id='word_1_15' title='bbox 376 397 478 472; x_wconf 71' lang='lat' dir='ltr'>vobis</span> <span class='ocrx_word' id='word_1_16' title='bbox 488 408 615 461; x_wconf 90' lang='lat' dir='ltr'>servate</span> <span class='ocrx_word' id='word_1_17' title='bbox 632 407 665 460; x_wconf 88' lang='lat' dir='ltr'>et</span> <span class='ocrx_word' id='word_1_18' title='bbox 681 397 830 460; x_wconf 84' lang='lat' dir='ltr'>facite.&#39;&#39;¹</span> <span class='ocrx_word' id='word_1_19' title='bbox 875 398 982 478; x_wconf 88' lang='lat' dir='ltr'><strong>Atqui</strong></span> <span class='ocrx_word' id='word_1_20' title='bbox 997 397 1060 458; x_wconf 92' lang='lat' dir='ltr'>hoc</span> <span class='ocrx_word' id='word_1_21' title='bbox 1077 417 1153 478; x_wconf 92' lang='lat' dir='ltr'>sup·</span> 
     </span>
     <span class='ocr_line' id='line_1_4' title="bbox 46 501 1154 588; baseline -0.006 -19"><span class='ocrx_word' id='word_1_22' title='bbox 46 507 145 588; x_wconf 90' lang='lat' dir='ltr'>ponit</span> <span class='ocrx_word' id='word_1_23' title='bbox 167 505 400 569; x_wconf 61' lang='lat' dir='ltr'>auetoritatem</span> <span class='ocrx_word' id='word_1_24' title='bbox 424 507 631 568; x_wconf 87' lang='lat' dir='ltr'>sacerdotum</span> <span class='ocrx_word' id='word_1_25' title='bbox 652 512 685 566; x_wconf 92' lang='lat' dir='ltr'>et</span> <span class='ocrx_word' id='word_1_26' title='bbox 707 501 1066 584; x_wconf 81' lang='lat' dir='ltr'>parentumsufficiens</span> <span class='ocrx_word' id='word_1_27' title='bbox 1082 520 1154 562; x_wconf 90' lang='lat' dir='ltr'>esse</span> 
     </span>
     <span class='ocr_line' id='line_1_5' title="bbox 46 605 1152 686; baseline -0.005 -15"><span class='ocrx_word' id='word_1_28' title='bbox 46 611 217 672; x_wconf 92' lang='lat' dir='ltr'>motivum</span> <span class='ocrx_word' id='word_1_29' title='bbox 231 608 465 673; x_wconf 90' lang='lat' dir='ltr'>credibilitatis.</span> <span class='ocrx_word' id='word_1_30' title='bbox 513 611 641 672; x_wconf 87' lang='lat' dir='ltr'>Revera</span> <span class='ocrx_word' id='word_1_31' title='bbox 658 607 762 669; x_wconf 92' lang='lat' dir='ltr'>multa</span> <span class='ocrx_word' id='word_1_32' title='bbox 778 627 821 668; x_wconf 91' lang='lat' dir='ltr'>ex</span> <span class='ocrx_word' id='word_1_33' title='bbox 838 607 884 668; x_wconf 90' lang='lat' dir='ltr'>eis</span> <span class='ocrx_word' id='word_1_34' title='bbox 900 626 974 686; x_wconf 89' lang='lat' dir='ltr'>quae</span> <span class='ocrx_word' id='word_1_35' title='bbox 991 605 1032 667; x_wconf 90' lang='lat' dir='ltr'>ad</span> <span class='ocrx_word' id='word_1_36' title='bbox 1049 605 1152 667; x_wconf 89' lang='lat' dir='ltr'>vitam</span> 
     </span>
     <span class='ocr_line' id='line_1_6' title="bbox 46 707 1153 795; baseline -0.007 -20"><span class='ocrx_word' id='word_1_37' title='bbox 46 714 228 795; x_wconf 88' lang='lat' dir='ltr'>physicam</span> <span class='ocrx_word' id='word_1_38' title='bbox 248 715 299 776; x_wconf 91' lang='lat' dir='ltr'>vel</span> <span class='ocrx_word' id='word_1_39' title='bbox 322 715 480 777; x_wconf 85' lang='lat' dir='ltr'>moralem</span> <span class='ocrx_word' id='word_1_40' title='bbox 503 711 686 774; x_wconf 90' lang='lat' dir='ltr'>necessaria</span> <span class='ocrx_word' id='word_1_41' title='bbox 707 720 785 772; x_wconf 90' lang='lat' dir='ltr'>sunt</span> <span class='ocrx_word' id='word_1_42' title='bbox 801 709 931 770; x_wconf 92' lang='lat' dir='ltr'>nonnisi</span> <span class='ocrx_word' id='word_1_43' title='bbox 949 729 992 769; x_wconf 89' lang='lat' dir='ltr'>ex</span> <span class='ocrx_word' id='word_1_44' title='bbox 1012 707 1153 788; x_wconf 88' lang='lat' dir='ltr'>parenti-</span> 
     </span>
     <span class='ocr_line' id='line_1_7' title="bbox 47 808 1152 898; baseline -0.008 -19"><span class='ocrx_word' id='word_1_45' title='bbox 47 818 110 879; x_wconf 89' lang='lat' dir='ltr'>bus</span> <span class='ocrx_word' id='word_1_46' title='bbox 135 828 406 898; x_wconf 86' lang='lat' dir='ltr'>cognoscuntur;</span> <span class='ocrx_word' id='word_1_47' title='bbox 431 818 564 880; x_wconf 86' lang='lat' dir='ltr'>aliunde</span> <span class='ocrx_word' id='word_1_48' title='bbox 589 834 677 896; x_wconf 89' lang='lat' dir='ltr'>saepe</span> <span class='ocrx_word' id='word_1_49' title='bbox 701 813 791 894; x_wconf 89' lang='lat' dir='ltr'>pueri</span> <span class='ocrx_word' id='word_1_50' title='bbox 815 823 849 874; x_wconf 91' lang='lat' dir='ltr'>et</span> <span class='ocrx_word' id='word_1_51' title='bbox 873 811 969 873; x_wconf 90' lang='lat' dir='ltr'>rudes</span> <span class='ocrx_word' id='word_1_52' title='bbox 993 808 1152 891; x_wconf 89' lang='lat' dir='ltr'>majorem</span> 
     </span>
     <span class='ocr_line' id='line_1_8' title="bbox 48 923 644 1002; baseline -0.005 -20"><span class='ocrx_word' id='word_1_53' title='bbox 48 923 286 985; x_wconf 82' lang='lat' dir='ltr'>certitudinem</span> <span class='ocrx_word' id='word_1_54' title='bbox 304 923 452 985; x_wconf 90' lang='lat' dir='ltr'>obtinere</span> <span class='ocrx_word' id='word_1_55' title='bbox 469 927 644 1002; x_wconf 91' lang='lat' dir='ltr'>nequeunt.</span> 
     </span>
    </p>

    <p class='ocr_par' dir='ltr' id='par_1_3' title="bbox 51 1008 1155 1834">
     <span class='ocr_line' id='line_1_9' title="bbox 52 1008 1152 1109; baseline -0.012 -21"><span class='ocrx_word' id='word_1_56' title='bbox 52 1021 109 1109; x_wconf 90' lang='lat' dir='ltr'>(b)</span> <span class='ocrx_word' id='word_1_57' title='bbox 135 1026 169 1087; x_wconf 94' lang='lat' dir='ltr'>N</span> <span class='ocrx_word' id='word_1_58' title='bbox 174 1045 211 1086; x_wconf 90' lang='lat' dir='ltr'>ec</span> <span class='ocrx_word' id='word_1_59' title='bbox 235 1026 364 1088; x_wconf 91' lang='lat' dir='ltr'>dicatur</span> <span class='ocrx_word' id='word_1_60' title='bbox 386 1025 504 1106; x_wconf 92' lang='lat' dir='ltr'>requiri</span> <span class='ocrx_word' id='word_1_61' title='bbox 533 1008 772 1093; x_wconf 82' lang='lat' dir='ltr'>certitudinem,</span> <span class='ocrx_word' id='word_1_62' title='bbox 796 1038 870 1098; x_wconf 80' lang='lat' dir='ltr'>quae</span> <span class='ocrx_word' id='word_1_63' title='bbox 893 1035 992 1077; x_wconf 91' lang='lat' dir='ltr'>omne</span> <span class='ocrx_word' id='word_1_64' title='bbox 1015 1014 1152 1076; x_wconf 93' lang='lat' dir='ltr'>dubium</span> 
     </span>
     <span class='ocr_line' id='line_1_10' title="bbox 51 1117 1154 1203; baseline -0.01 -14"><span class='ocrx_word' id='word_1_65' title='bbox 51 1130 153 1190; x_wconf 89' lang='lat' dir='ltr'>etiam</span> <span class='ocrx_word' id='word_1_66' title='bbox 182 1129 328 1192; x_wconf 86' lang='lat' dir='ltr'>futurum</span> <span class='ocrx_word' id='word_1_67' title='bbox 355 1129 534 1203; x_wconf 88' lang='lat' dir='ltr'>excludat;</span> <span class='ocrx_word' id='word_1_68' title='bbox 561 1124 681 1186; x_wconf 86' lang='lat' dir='ltr'>sufficit</span> <span class='ocrx_word' id='word_1_69' title='bbox 704 1123 791 1183; x_wconf 92' lang='lat' dir='ltr'>enim</span> <span class='ocrx_word' id='word_1_70' title='bbox 816 1119 857 1183; x_wconf 93' lang='lat' dir='ltr'>ad</span> <span class='ocrx_word' id='word_1_71' title='bbox 883 1117 993 1182; x_wconf 67' lang='lat' dir='ltr'>actum</span> <span class='ocrx_word' id='word_1_72' title='bbox 1018 1117 1093 1179; x_wconf 85' lang='lat' dir='ltr'>fidei</span> <span class='ocrx_word' id='word_1_73' title='bbox 1118 1125 1154 1178; x_wconf 91' lang='lat' dir='ltr'>ut</span> 
     </span>
     <span class='ocr_line' id='line_1_11' title="bbox 52 1221 1154 1310; baseline -0.012 -18"><span class='ocrx_word' id='word_1_74' title='bbox 52 1230 184 1294; x_wconf 72' lang='lat' dir='ltr'>actuale</span> <span class='ocrx_word' id='word_1_75' title='bbox 201 1234 339 1295; x_wconf 90' lang='lat' dir='ltr'>dubium</span> <span class='ocrx_word' id='word_1_76' title='bbox 353 1233 495 1295; x_wconf 89' lang='lat' dir='ltr'>tollatur.</span> <span class='ocrx_word' id='word_1_77' title='bbox 531 1230 566 1293; x_wconf 90' lang='lat' dir='ltr'>Si</span> <span class='ocrx_word' id='word_1_78' title='bbox 580 1238 695 1310; x_wconf 87' lang='lat' dir='ltr'>postea</span> <span class='ocrx_word' id='word_1_79' title='bbox 708 1234 877 1287; x_wconf 92' lang='lat' dir='ltr'>mutentur</span> <span class='ocrx_word' id='word_1_80' title='bbox 889 1221 1154 1295; x_wconf 84' lang='lat' dir='ltr'>circumstantiae,</span> 
     </span>
     <span class='ocr_line' id='line_1_12' title="bbox 54 1326 1154 1417; baseline -0.012 -20"><span class='ocrx_word' id='word_1_81' title='bbox 54 1336 146 1398; x_wconf 90' lang='lat' dir='ltr'>Deus</span> <span class='ocrx_word' id='word_1_82' title='bbox 165 1337 360 1417; x_wconf 87' lang='lat' dir='ltr'>providebit,</span> <span class='ocrx_word' id='word_1_83' title='bbox 377 1336 512 1399; x_wconf 89' lang='lat' dir='ltr'>rudibus</span> <span class='ocrx_word' id='word_1_84' title='bbox 529 1330 709 1415; x_wconf 90' lang='lat' dir='ltr'>praebendo</span> <span class='ocrx_word' id='word_1_85' title='bbox 725 1330 834 1391; x_wconf 86' lang='lat' dir='ltr'>media</span> <span class='ocrx_word' id='word_1_86' title='bbox 850 1328 892 1389; x_wconf 93' lang='lat' dir='ltr'>ad</span> <span class='ocrx_word' id='word_1_87' title='bbox 910 1326 1069 1406; x_wconf 89' lang='lat' dir='ltr'>majorem</span> <span class='ocrx_word' id='word_1_88' title='bbox 1087 1344 1154 1386; x_wconf 89' lang='lat' dir='ltr'>cer-</span> 
     </span>
     <span class='ocr_line' id='line_1_13' title="bbox 54 1429 1154 1522; baseline -0.011 -21"><span class='ocrx_word' id='word_1_89' title='bbox 54 1440 234 1502; x_wconf 89' lang='lat' dir='ltr'>titudinem</span> <span class='ocrx_word' id='word_1_90' title='bbox 251 1442 494 1522; x_wconf 91' lang='lat' dir='ltr'>acquirendam,</span> <span class='ocrx_word' id='word_1_91' title='bbox 506 1447 540 1500; x_wconf 91' lang='lat' dir='ltr'>et</span> <span class='ocrx_word' id='word_1_92' title='bbox 556 1439 602 1500; x_wconf 92' lang='lat' dir='ltr'>ita</span> <span class='ocrx_word' id='word_1_93' title='bbox 614 1437 714 1500; x_wconf 87' lang='lat' dir='ltr'>etiam</span> <span class='ocrx_word' id='word_1_94' title='bbox 728 1434 866 1497; x_wconf 92' lang='lat' dir='ltr'>dubium</span> <span class='ocrx_word' id='word_1_95' title='bbox 881 1432 1026 1494; x_wconf 82' lang='lat' dir='ltr'>futurum</span> <span class='ocrx_word' id='word_1_96' title='bbox 1040 1429 1154 1510; x_wconf 91' lang='lat' dir='ltr'>expel-</span> 
     </span>
     <span class='ocr_line' id='line_1_14' title="bbox 55 1535 1155 1628; baseline -0.011 -24"><span class='ocrx_word' id='word_1_97' title='bbox 55 1543 146 1606; x_wconf 90' lang='lat' dir='ltr'>letur.</span> <span class='ocrx_word' id='word_1_98' title='bbox 203 1546 241 1606; x_wconf 91' lang='lat' dir='ltr'>ln</span> <span class='ocrx_word' id='word_1_99' title='bbox 270 1547 365 1626; x_wconf 90' lang='lat' dir='ltr'>praxi</span> <span class='ocrx_word' id='word_1_100' title='bbox 394 1554 505 1607; x_wconf 87' lang='lat' dir='ltr'>autem</span> <span class='ocrx_word' id='word_1_101' title='bbox 534 1549 687 1622; x_wconf 90' lang='lat' dir='ltr'>parentes</span> <span class='ocrx_word' id='word_1_102' title='bbox 714 1546 748 1600; x_wconf 90' lang='lat' dir='ltr'>et</span> <span class='ocrx_word' id='word_1_103' title='bbox 771 1536 904 1618; x_wconf 85' lang='lat' dir='ltr'>parochi</span> <span class='ocrx_word' id='word_1_104' title='bbox 927 1535 973 1628; x_wconf 83' lang='lat' dir='ltr'>ita</span> <span class='ocrx_word' id='word_1_105' title='bbox 997 1535 1155 1595; x_wconf 89' lang='lat' dir='ltr'>instruere</span> 
     </span>
     <span class='ocr_line' id='line_1_15' title="bbox 55 1636 1155 1730; baseline -0.01 -22"><span class='ocrx_word' id='word_1_106' title='bbox 55 1648 180 1710; x_wconf 89' lang='lat' dir='ltr'>debent</span> <span class='ocrx_word' id='word_1_107' title='bbox 195 1670 314 1729; x_wconf 89' lang='lat' dir='ltr'>pueros</span> <span class='ocrx_word' id='word_1_108' title='bbox 330 1651 416 1711; x_wconf 88' lang='lat' dir='ltr'>circa</span> <span class='ocrx_word' id='word_1_109' title='bbox 428 1649 628 1730; x_wconf 83' lang='lat' dir='ltr'>religionem,</span> <span class='ocrx_word' id='word_1_110' title='bbox 641 1653 678 1705; x_wconf 94' lang='lat' dir='ltr'>ut</span> <span class='ocrx_word' id='word_1_111' title='bbox 694 1642 740 1704; x_wconf 94' lang='lat' dir='ltr'>illi</span> <span class='ocrx_word' id='word_1_112' title='bbox 756 1641 901 1713; x_wconf 89' lang='lat' dir='ltr'>credant,</span> <span class='ocrx_word' id='word_1_113' title='bbox 914 1647 1073 1719; x_wconf 84' lang='lat' dir='ltr'>quantum</span> <span class='ocrx_word' id='word_1_114' title='bbox 1087 1636 1155 1698; x_wconf 83' lang='lat' dir='ltr'>lieri</span> 
     </span>
     <span class='ocr_line' id='line_1_16' title="bbox 55 1740 1155 1834; baseline -0.011 -20"><span class='ocrx_word' id='word_1_115' title='bbox 55 1762 175 1831; x_wconf 90' lang='lat' dir='ltr'>potest,</span> <span class='ocrx_word' id='word_1_116' title='bbox 195 1763 330 1834; x_wconf 91' lang='lat' dir='ltr'>propter</span> <span class='ocrx_word' id='word_1_117' title='bbox 352 1755 476 1816; x_wconf 90' lang='lat' dir='ltr'>motiva</span> <span class='ocrx_word' id='word_1_118' title='bbox 500 1748 726 1813; x_wconf 87' lang='lat' dir='ltr'>credibilitatis</span> <span class='ocrx_word' id='word_1_119' title='bbox 746 1766 812 1807; x_wconf 94' lang='lat' dir='ltr'>non</span> <span class='ocrx_word' id='word_1_120' title='bbox 834 1743 941 1806; x_wconf 91' lang='lat' dir='ltr'>solum</span> <span class='ocrx_word' id='word_1_121' title='bbox 966 1740 1155 1822; x_wconf 66' lang='lat' dir='ltr'>respedtive,</span> 
     </span>
    </p>
   </div>
   <div class='ocr_carea' id='block_1_3' title="bbox 56 1845 1240 1943">
    <p class='ocr_par' dir='ltr' id='par_1_4' title="bbox 56 1845 1240 1943">
     <span class='ocr_line' id='line_1_17' title="bbox 56 1845 1240 1943; baseline -0.009 -27"><span class='ocrx_word' id='word_1_122' title='bbox 56 1855 111 1917; x_wconf 91' lang='lat' dir='ltr'>sed</span> <span class='ocrx_word' id='word_1_123' title='bbox 136 1858 240 1919; x_wconf 87' lang='lat' dir='ltr'>etiam</span> <span class='ocrx_word' id='word_1_124' title='bbox 265 1857 416 1920; x_wconf 87' lang='lat' dir='ltr'>absolute</span> <span class='ocrx_word' id='word_1_125' title='bbox 440 1866 544 1932; x_wconf 87' lang='lat' dir='ltr'>certa;</span> <span class='ocrx_word' id='word_1_126' title='bbox 575 1855 684 1934; x_wconf 84' lang='lat' dir='ltr'>agitur</span> <span class='ocrx_word' id='word_1_127' title='bbox 707 1851 793 1914; x_wconf 90' lang='lat' dir='ltr'>enim</span> <span class='ocrx_word' id='word_1_128' title='bbox 817 1849 859 1910; x_wconf 92' lang='lat' dir='ltr'>de</span> <span class='ocrx_word' id='word_1_129' title='bbox 886 1868 920 1909; x_wconf 87' lang='lat' dir='ltr'>re</span> <span class='ocrx_word' id='word_1_130' title='bbox 944 1848 985 1909; x_wconf 90' lang='lat' dir='ltr'>ad</span> <span class='ocrx_word' id='word_1_131' title='bbox 1014 1845 1154 1908; x_wconf 88' lang='lat' dir='ltr'>salutem</span> <span class='ocrx_word' id='word_1_132' title='bbox 1235 1933 1240 1943; x_wconf 35' lang='grc' dir='ltr'><strong><em>Ι</em></strong></span> 
     </span>
    </p>
   </div>
   <div class='ocr_carea' id='block_1_4' title="bbox 56 1962 248 2024">
    <p class='ocr_par' dir='ltr' id='par_1_5' title="bbox 56 1962 248 2024">
     <span class='ocr_line' id='line_1_18' title="bbox 56 1962 248 2024; baseline 0.021 -4"><span class='ocrx_word' id='word_1_133' title='bbox 56 1962 248 2024; x_wconf 84' lang='lat' dir='ltr'>necessaria.</span> 
     </span>
    </p>
   </div>
   <div class='ocr_carea' id='block_1_5' title="bbox 50 2093 1159 4045">
    <p class='ocr_par' dir='ltr' id='par_1_6' title="bbox 50 2093 1159 3840">
     <span class='ocr_line' id='line_1_19' title="bbox 105 2093 1155 2176; baseline -0.002 -21"><span class='ocrx_word' id='word_1_134' title='bbox 105 2108 173 2158; x_wconf 89' lang='lat'><em>112.</em></span> <span class='ocrx_word' id='word_1_135' title='bbox 221 2111 256 2175; x_wconf 85' lang='lat'>30</span> <span class='ocrx_word' id='word_1_136' title='bbox 275 2096 495 2160; x_wconf 85' lang='lat' dir='ltr'>Corollarium.</span> <span class='ocrx_word' id='word_1_137' title='bbox 543 2095 678 2157; x_wconf 87' lang='lat' dir='ltr'>Exinde</span> <span class='ocrx_word' id='word_1_138' title='bbox 698 2096 845 2176; x_wconf 88' lang='lat' dir='ltr'>sequitur</span> <span class='ocrx_word' id='word_1_139' title='bbox 862 2093 1027 2156; x_wconf 87' lang='lat' dir='ltr'>neminem</span> <span class='ocrx_word' id='word_1_140' title='bbox 1044 2096 1155 2155; x_wconf 80' lang='lat' dir='ltr'>evera</span> 
     </span>
     <span class='ocr_line' id='line_1_20' title="bbox 56 2195 1156 2282; baseline 0.001 -25"><span class='ocrx_word' id='word_1_141' title='bbox 56 2195 120 2260; x_wconf 84' lang='lat' dir='ltr'>fide</span> <span class='ocrx_word' id='word_1_142' title='bbox 134 2198 206 2279; x_wconf 88' lang='lat' dir='ltr'>jam</span> <span class='ocrx_word' id='word_1_143' title='bbox 223 2205 378 2282; x_wconf 72' lang='lat' dir='ltr'>suscepta</span> <span class='ocrx_word' id='word_1_144' title='bbox 394 2201 546 2263; x_wconf 88' lang='lat' dir='ltr'>secedere</span> <span class='ocrx_word' id='word_1_145' title='bbox 562 2220 659 2280; x_wconf 90' lang='lat' dir='ltr'>posse</span> <span class='ocrx_word' id='word_1_146' title='bbox 678 2199 749 2260; x_wconf 90' lang='lat' dir='ltr'>sine</span> <span class='ocrx_word' id='word_1_147' title='bbox 768 2199 880 2280; x_wconf 92' lang='lat' dir='ltr'>aliquo</span> <span class='ocrx_word' id='word_1_148' title='bbox 901 2199 1016 2279; x_wconf 85' lang='lat' dir='ltr'>gratiae</span> <span class='ocrx_word' id='word_1_149' title='bbox 1038 2198 1156 2274; x_wconf 92' lang='lat' dir='ltr'>abusu;</span> 
     </span>
     <span class='ocr_line' id='line_1_21' title="bbox 55 2301 1156 2382; baseline 0 -20"><span class='ocrx_word' id='word_1_150' title='bbox 55 2302 101 2364; x_wconf 89' lang='lat' dir='ltr'>ait</span> <span class='ocrx_word' id='word_1_151' title='bbox 117 2304 208 2364; x_wconf 90' lang='lat' dir='ltr'>enim</span> <span class='ocrx_word' id='word_1_152' title='bbox 235 2303 427 2367; x_wconf 81' lang='lat' dir='ltr'>Vaticanum</span> <span class='ocrx_word' id='word_1_153' title='bbox 444 2335 455 2369; x_wconf 89' lang='lat'>.·</span> <span class='ocrx_word' id='word_1_154' title='bbox 479 2305 642 2367; x_wconf 86' lang='lat' dir='ltr'>“Etenim</span> <span class='ocrx_word' id='word_1_155' title='bbox 665 2303 920 2382; x_wconf 88' lang='lat' dir='ltr'>benignissimus</span> <span class='ocrx_word' id='word_1_156' title='bbox 941 2301 1106 2364; x_wconf 89' lang='lat' dir='ltr'>Dominus</span> <span class='ocrx_word' id='word_1_157' title='bbox 1123 2309 1156 2363; x_wconf 86' lang='lat' dir='ltr'>et</span> 
     </span>
     <span class='ocr_line' id='line_1_22' title="bbox 54 2393 1155 2489; baseline 0.002 -23"><span class='ocrx_word' id='word_1_158' title='bbox 54 2416 204 2468; x_wconf 86' lang='lat' dir='ltr'>errantes</span> <span class='ocrx_word' id='word_1_159' title='bbox 220 2409 326 2489; x_wconf 79' lang='lat' dir='ltr'>gratia</span> <span class='ocrx_word' id='word_1_160' title='bbox 343 2413 398 2471; x_wconf 78' lang='lat' dir='ltr'>sua</span> <span class='ocrx_word' id='word_1_161' title='bbox 415 2411 541 2473; x_wconf 88' lang='lat' dir='ltr'>excitat</span> <span class='ocrx_word' id='word_1_162' title='bbox 563 2418 662 2489; x_wconf 88' lang='lat' dir='ltr'>atque</span> <span class='ocrx_word' id='word_1_163' title='bbox 679 2407 823 2488; x_wconf 88' lang='lat' dir='ltr'>adjuvat,</span> <span class='ocrx_word' id='word_1_164' title='bbox 839 2417 876 2470; x_wconf 91' lang='lat' dir='ltr'>ut</span> <span class='ocrx_word' id='word_1_165' title='bbox 891 2407 933 2468; x_wconf 90' lang='lat' dir='ltr'>ad</span> <span class='ocrx_word' id='word_1_166' title='bbox 951 2393 1155 2488; x_wconf 84' lang='lat' dir='ltr'>agnitionem</span> 
     </span>
     <span class='ocr_line' id='line_1_23' title="bbox 54 2511 1157 2594; baseline 0.003 -23"><span class='ocrx_word' id='word_1_167' title='bbox 54 2511 207 2573; x_wconf 90' lang='lat' dir='ltr'>veritatis</span> <span class='ocrx_word' id='word_1_168' title='bbox 223 2514 333 2574; x_wconf 89' lang='lat' dir='ltr'>venire</span> <span class='ocrx_word' id='word_1_169' title='bbox 349 2515 478 2594; x_wconf 88' lang='lat' dir='ltr'>possint</span> <span class='ocrx_word' id='word_1_170' title='bbox 487 2536 494 2591; x_wconf 90' lang='lat'>;</span> <span class='ocrx_word' id='word_1_171' title='bbox 518 2524 551 2576; x_wconf 89' lang='lat' dir='ltr'>et</span> <span class='ocrx_word' id='word_1_172' title='bbox 567 2534 624 2575; x_wconf 90' lang='lat' dir='ltr'>eos</span> <span class='ocrx_word' id='word_1_173' title='bbox 639 2512 770 2593; x_wconf 78' lang='lat' dir='ltr'>querele</span> <span class='ocrx_word' id='word_1_174' title='bbox 785 2511 918 2573; x_wconf 83' lang='lat' dir='ltr'>tenebris</span> <span class='ocrx_word' id='word_1_175' title='bbox 937 2512 1109 2574; x_wconf 80' lang='lat' dir='ltr'>transtulit</span> <span class='ocrx_word' id='word_1_176' title='bbox 1122 2513 1157 2574; x_wconf 87' lang='lat' dir='ltr'>e&#39;u</span> 
     </span>
     <span class='ocr_line' id='line_1_24' title="bbox 55 2613 1159 2697; baseline 0.004 -23"><span class='ocrx_word' id='word_1_177' title='bbox 55 2613 253 2677; x_wconf 83' lang='lat' dir='ltr'>admirabile</span> <span class='ocrx_word' id='word_1_178' title='bbox 266 2617 372 2678; x_wconf 86' lang='lat' dir='ltr'>lumea</span> <span class='ocrx_word' id='word_1_179' title='bbox 387 2638 493 2693; x_wconf 82' lang='lat' dir='ltr'>suum,</span> <span class='ocrx_word' id='word_1_180' title='bbox 506 2619 538 2679; x_wconf 95' lang='lat' dir='ltr'>in</span> <span class='ocrx_word' id='word_1_181' title='bbox 556 2618 618 2679; x_wconf 95' lang='lat' dir='ltr'>hoc</span> <span class='ocrx_word' id='word_1_182' title='bbox 634 2616 752 2678; x_wconf 90' lang='lat' dir='ltr'>eodem</span> <span class='ocrx_word' id='word_1_183' title='bbox 770 2616 894 2677; x_wconf 90' lang='lat' dir='ltr'>lumine</span> <span class='ocrx_word' id='word_1_184' title='bbox 910 2626 1159 2697; x_wconf 80' lang='lat' dir='ltr'>utpersevereut</span> 
     </span>
     <span class='ocr_line' id='line_1_25' title="bbox 50 2714 1158 2802; baseline 0.005 -26"><span class='ocrx_word' id='word_1_185' title='bbox 50 2714 170 2797; x_wconf 67' lang='lat' dir='ltr'>gratia</span> <span class='ocrx_word' id='word_1_186' title='bbox 185 2716 246 2779; x_wconf 73' lang='lat' dir='ltr'>sud</span> <span class='ocrx_word' id='word_1_187' title='bbox 260 2719 435 2800; x_wconf 73' lang='lat' dir='ltr'>coufirmat,</span> <span class='ocrx_word' id='word_1_188' title='bbox 452 2741 513 2781; x_wconf 85' lang='lat' dir='ltr'>uere</span> <span class='ocrx_word' id='word_1_189' title='bbox 529 2720 673 2783; x_wconf 86' lang='lat' dir='ltr'>deserens</span> <span class='ocrx_word' id='word_1_190' title='bbox 688 2719 755 2781; x_wconf 84' lang='lat' dir='ltr'>uisi</span> <span class='ocrx_word' id='word_1_191' title='bbox 771 2719 945 2783; x_wconf 81' lang='lat' dir='ltr'>deseratur.</span> <span class='ocrx_word' id='word_1_192' title='bbox 995 2720 1158 2802; x_wconf 84' lang='lat' dir='ltr'>Quocirca</span> 
     </span>
     <span class='ocr_line' id='line_1_26' title="bbox 57 2820 1157 2904; baseline 0.004 -23"><span class='ocrx_word' id='word_1_193' title='bbox 57 2820 199 2883; x_wconf 91' lang='lat' dir='ltr'>minime</span> <span class='ocrx_word' id='word_1_194' title='bbox 214 2843 274 2902; x_wconf 94' lang='lat' dir='ltr'>par</span> <span class='ocrx_word' id='word_1_195' title='bbox 288 2833 338 2885; x_wconf 92' lang='lat' dir='ltr'>est</span> <span class='ocrx_word' id='word_1_196' title='bbox 355 2826 502 2888; x_wconf 91' lang='lat' dir='ltr'>conditio</span> <span class='ocrx_word' id='word_1_197' title='bbox 518 2844 639 2898; x_wconf 91' lang='lat' dir='ltr'>eorum,</span> <span class='ocrx_word' id='word_1_198' title='bbox 653 2823 709 2903; x_wconf 94' lang='lat' dir='ltr'>qui</span> <span class='ocrx_word' id='word_1_199' title='bbox 722 2842 780 2904; x_wconf 92' lang='lat' dir='ltr'>per</span> <span class='ocrx_word' id='word_1_200' title='bbox 792 2823 925 2885; x_wconf 89' lang='lat' dir='ltr'>coeleste</span> <span class='ocrx_word' id='word_1_201' title='bbox 942 2822 1017 2886; x_wconf 87' lang='lat' dir='ltr'>fidei</span> <span class='ocrx_word' id='word_1_202' title='bbox 1034 2825 1157 2885; x_wconf 92' lang='lat' dir='ltr'>donum</span> 
     </span>
     <span class='ocr_line' id='line_1_27' title="bbox 57 2923 1157 3012; baseline 0.007 -28"><span class='ocrx_word' id='word_1_203' title='bbox 57 2923 233 2986; x_wconf 89' lang='lat' dir='ltr'>catholicae</span> <span class='ocrx_word' id='word_1_204' title='bbox 255 2927 384 2989; x_wconf 85' lang='lat' dir='ltr'>veritati</span> <span class='ocrx_word' id='word_1_205' title='bbox 403 2928 622 3002; x_wconf 63' lang='lat' dir='ltr'>adhaeserunt,</span> <span class='ocrx_word' id='word_1_206' title='bbox 639 2936 738 3007; x_wconf 86' lang='lat' dir='ltr'>atque</span> <span class='ocrx_word' id='word_1_207' title='bbox 759 2948 882 3003; x_wconf 84' lang='lat' dir='ltr'>eorum,</span> <span class='ocrx_word' id='word_1_208' title='bbox 901 2929 956 3010; x_wconf 91' lang='lat' dir='ltr'>qui</span> <span class='ocrx_word' id='word_1_209' title='bbox 978 2927 1069 2992; x_wconf 71' lang='lat' dir='ltr'>dut&#39;ti</span> <span class='ocrx_word' id='word_1_210' title='bbox 1088 2931 1157 3012; x_wconf 91' lang='lat' dir='ltr'>opi-</span> 
     </span>
     <span class='ocr_line' id='line_1_28' title="bbox 57 3028 1159 3109; baseline 0.006 -21"><span class='ocrx_word' id='word_1_211' title='bbox 57 3028 216 3089; x_wconf 90' lang='lat' dir='ltr'>nionibus</span> <span class='ocrx_word' id='word_1_212' title='bbox 239 3028 400 3106; x_wconf 68' lang='lat' dir='ltr'>humanis</span> <span class='ocrx_word' id='word_1_213' title='bbox 424 3030 540 3092; x_wconf 83' lang='lat' dir='ltr'>salsam</span> <span class='ocrx_word' id='word_1_214' title='bbox 564 3030 755 3109; x_wconf 85' lang='lat' dir='ltr'>religionem</span> <span class='ocrx_word' id='word_1_215' title='bbox 779 3028 947 3093; x_wconf 65' lang='lat' dir='ltr'>settantur</span> <span class='ocrx_word' id='word_1_216' title='bbox 960 3054 967 3109; x_wconf 93' lang='lat'>;</span> <span class='ocrx_word' id='word_1_217' title='bbox 995 3032 1039 3094; x_wconf 90' lang='lat' dir='ltr'>illi</span> <span class='ocrx_word' id='word_1_218' title='bbox 1061 3034 1159 3108; x_wconf 91' lang='lat' dir='ltr'>enim,</span> 
     </span>
     <span class='ocr_line' id='line_1_29' title="bbox 57 3132 1158 3214; baseline 0.001 -18"><span class='ocrx_word' id='word_1_219' title='bbox 57 3135 114 3214; x_wconf 89' lang='lat' dir='ltr'>qui</span> <span class='ocrx_word' id='word_1_220' title='bbox 147 3132 247 3194; x_wconf 84' lang='lat' dir='ltr'>fidem</span> <span class='ocrx_word' id='word_1_221' title='bbox 279 3134 341 3195; x_wconf 93' lang='lat' dir='ltr'>sub</span> <span class='ocrx_word' id='word_1_222' title='bbox 372 3134 530 3197; x_wconf 86' lang='lat' dir='ltr'>Ecclesiae</span> <span class='ocrx_word' id='word_1_223' title='bbox 561 3134 751 3214; x_wconf 87' lang='lat' dir='ltr'>magisterio</span> <span class='ocrx_word' id='word_1_224' title='bbox 781 3143 1002 3214; x_wconf 88' lang='lat' dir='ltr'>susceperunt,</span> <span class='ocrx_word' id='word_1_225' title='bbox 1034 3135 1158 3197; x_wconf 88' lang='lat' dir='ltr'>nullam</span> 
     </span>
     <span class='ocr_line' id='line_1_30' title="bbox 58 3237 1157 3319; baseline 0.003 -22"><span class='ocrx_word' id='word_1_226' title='bbox 58 3258 204 3318; x_wconf 88' lang='lat' dir='ltr'>uuquam</span> <span class='ocrx_word' id='word_1_227' title='bbox 230 3237 344 3299; x_wconf 80' lang='lat' dir='ltr'>habere</span> <span class='ocrx_word' id='word_1_228' title='bbox 365 3248 506 3319; x_wconf 83' lang='lat' dir='ltr'>pessunt</span> <span class='ocrx_word' id='word_1_229' title='bbox 524 3238 655 3318; x_wconf 85' lang='lat' dir='ltr'>justam</span> <span class='ocrx_word' id='word_1_230' title='bbox 686 3257 816 3298; x_wconf 79' lang='lat' dir='ltr'>ceresam</span> <span class='ocrx_word' id='word_1_231' title='bbox 848 3237 1005 3312; x_wconf 82' lang='lat' dir='ltr'>mutandi,</span> <span class='ocrx_word' id='word_1_232' title='bbox 1037 3247 1093 3301; x_wconf 89' lang='lat' dir='ltr'>aut</span> <span class='ocrx_word' id='word_1_233' title='bbox 1125 3239 1157 3300; x_wconf 92' lang='lat' dir='ltr'>in</span> 
     </span>
     <span class='ocr_line' id='line_1_31' title="bbox 58 3338 1159 3422; baseline 0.002 -19"><span class='ocrx_word' id='word_1_234' title='bbox 58 3341 200 3403; x_wconf 91' lang='lat' dir='ltr'>dubium</span> <span class='ocrx_word' id='word_1_235' title='bbox 213 3338 312 3402; x_wconf 86' lang='lat' dir='ltr'>fidem</span> <span class='ocrx_word' id='word_1_236' title='bbox 326 3343 475 3403; x_wconf 88' lang='lat' dir='ltr'>eamdem</span> <span class='ocrx_word' id='word_1_237' title='bbox 493 3341 667 3404; x_wconf 88' lang='lat' dir='ltr'>revocandi</span> <span class='ocrx_word' id='word_1_238' title='bbox 678 3339 693 3364; x_wconf 84' lang='lat'>&#39;¹</span> <span class='ocrx_word' id='word_1_239' title='bbox 710 3339 830 3420; x_wconf 82' lang='lat' dir='ltr'>(supra,</span> <span class='ocrx_word' id='word_1_240' title='bbox 843 3361 871 3402; x_wconf 89' lang='lat' dir='ltr'>n.</span> <span class='ocrx_word' id='word_1_241' title='bbox 885 3342 928 3421; x_wconf 88' lang='lat'>6).</span> <span class='ocrx_word' id='word_1_242' title='bbox 967 3341 1022 3403; x_wconf 92' lang='lat' dir='ltr'>Ex</span> <span class='ocrx_word' id='word_1_243' title='bbox 1039 3342 1159 3422; x_wconf 86' lang='lat' dir='ltr'>quibus</span> 
     </span>
     <span class='ocr_line' id='line_1_32' title="bbox 57 3443 1158 3527; baseline 0 -18"><span class='ocrx_word' id='word_1_244' title='bbox 57 3448 127 3509; x_wconf 89' lang='lat' dir='ltr'>duo</span> <span class='ocrx_word' id='word_1_245' title='bbox 143 3445 298 3525; x_wconf 83' lang='lat' dir='ltr'>colligere</span> <span class='ocrx_word' id='word_1_246' title='bbox 315 3446 363 3508; x_wconf 87' lang='lat' dir='ltr'>fas</span> <span class='ocrx_word' id='word_1_247' title='bbox 379 3456 450 3509; x_wconf 89' lang='lat' dir='ltr'>est:</span> <span class='ocrx_word' id='word_1_248' title='bbox 472 3446 521 3527; x_wconf 87' lang='lat' dir='ltr'>(a)</span> <span class='ocrx_word' id='word_1_249' title='bbox 539 3446 649 3508; x_wconf 90' lang='lat' dir='ltr'>Deum</span> <span class='ocrx_word' id='word_1_250' title='bbox 670 3443 775 3524; x_wconf 77' lang='lat' dir='ltr'>gratia</span> <span class='ocrx_word' id='word_1_251' title='bbox 792 3447 850 3505; x_wconf 66' lang='lat' dir='ltr'>sua</span> <span class='ocrx_word' id='word_1_252' title='bbox 868 3464 928 3504; x_wconf 90' lang='lat' dir='ltr'>nos</span> <span class='ocrx_word' id='word_1_253' title='bbox 942 3443 1057 3524; x_wconf 91' lang='lat' dir='ltr'>juvare</span> <span class='ocrx_word' id='word_1_254' title='bbox 1073 3456 1109 3509; x_wconf 94' lang='lat' dir='ltr'>ut</span> <span class='ocrx_word' id='word_1_255' title='bbox 1126 3447 1158 3508; x_wconf 93' lang='lat' dir='ltr'>in</span> 
     </span>
     <span class='ocr_line' id='line_1_33' title="bbox 58 3546 1158 3630; baseline 0 -19"><span class='ocrx_word' id='word_1_256' title='bbox 58 3549 125 3612; x_wconf 88' lang='lat' dir='ltr'>fide</span> <span class='ocrx_word' id='word_1_257' title='bbox 150 3569 403 3630; x_wconf 86' lang='lat' dir='ltr'>perseveremus,</span> <span class='ocrx_word' id='word_1_258' title='bbox 424 3551 470 3612; x_wconf 90' lang='lat' dir='ltr'>ita</span> <span class='ocrx_word' id='word_1_259' title='bbox 491 3558 528 3611; x_wconf 93' lang='lat' dir='ltr'>ut</span> <span class='ocrx_word' id='word_1_260' title='bbox 546 3549 572 3609; x_wconf 92' lang='lat' dir='ltr'>si</span> <span class='ocrx_word' id='word_1_261' title='bbox 597 3548 709 3609; x_wconf 89' lang='lat' dir='ltr'>divino</span> <span class='ocrx_word' id='word_1_262' title='bbox 732 3546 858 3608; x_wconf 92' lang='lat' dir='ltr'>auxilio</span> <span class='ocrx_word' id='word_1_263' title='bbox 882 3546 1021 3609; x_wconf 85' lang='lat' dir='ltr'>fideliter</span> <span class='ocrx_word' id='word_1_264' title='bbox 1042 3569 1158 3629; x_wconf 92' lang='lat' dir='ltr'>coope-</span> 
     </span>
     <span class='ocr_line' id='line_1_34' title="bbox 58 3648 1158 3731; baseline -0.002 -15"><span class='ocrx_word' id='word_1_265' title='bbox 58 3675 181 3729; x_wconf 77' lang='lat' dir='ltr'>remuS‚</span> <span class='ocrx_word' id='word_1_266' title='bbox 197 3675 270 3716; x_wconf 87' lang='lat' dir='ltr'>eam</span> <span class='ocrx_word' id='word_1_267' title='bbox 288 3655 426 3717; x_wconf 90' lang='lat' dir='ltr'>retinere</span> <span class='ocrx_word' id='word_1_268' title='bbox 441 3651 631 3728; x_wconf 85' lang='lat' dir='ltr'>valeamus;</span> <span class='ocrx_word' id='word_1_269' title='bbox 654 3648 704 3731; x_wconf 84' lang='lat' dir='ltr'>(b)</span> <span class='ocrx_word' id='word_1_270' title='bbox 726 3649 850 3711; x_wconf 90' lang='lat' dir='ltr'>nullam</span> <span class='ocrx_word' id='word_1_271' title='bbox 874 3660 1006 3712; x_wconf 86' lang='lat' dir='ltr'>exstare</span> <span class='ocrx_word' id='word_1_272' title='bbox 1025 3672 1158 3715; x_wconf 88' lang='lat' dir='ltr'>causam</span> 
     </span>
     <span class='ocr_line' id='line_1_35' title="bbox 58 3753 1094 3840; baseline -0.004 -19"><span class='ocrx_word' id='word_1_273' title='bbox 58 3759 345 3840; x_wconf 68' lang='lat' dir='ltr'>obseuz&#39;vesustam</span> <span class='ocrx_word' id='word_1_274' title='bbox 362 3757 460 3820; x_wconf 90' lang='lat' dir='ltr'>fidem</span> <span class='ocrx_word' id='word_1_275' title='bbox 479 3757 510 3818; x_wconf 92' lang='lat' dir='ltr'>in</span> <span class='ocrx_word' id='word_1_276' title='bbox 528 3755 665 3818; x_wconf 93' lang='lat' dir='ltr'>dubium</span> <span class='ocrx_word' id='word_1_277' title='bbox 683 3753 857 3829; x_wconf 85' lang='lat' dir='ltr'>revocandi</span> <span class='ocrx_word' id='word_1_278' title='bbox 874 3753 925 3815; x_wconf 90' lang='lat' dir='ltr'>vel</span> <span class='ocrx_word' id='word_1_279' title='bbox 943 3756 1094 3835; x_wconf 87' lang='lat' dir='ltr'>negandi.</span> 
     </span>
    </p>

    <p class='ocr_par' dir='ltr' id='par_1_7' title="bbox 60 3857 1158 4045">
     <span class='ocr_line' id='line_1_36' title="bbox 105 3857 1157 3941; baseline -0.005 -15"><span class='ocrx_word' id='word_1_280' title='bbox 105 3862 416 3926; x_wconf 87' lang='lat' dir='ltr'>Animadvertimus</span> <span class='ocrx_word' id='word_1_281' title='bbox 433 3871 555 3937; x_wconf 89' lang='lat' dir='ltr'>tamen,</span> <span class='ocrx_word' id='word_1_282' title='bbox 568 3870 643 3941; x_wconf 91' lang='lat' dir='ltr'>post</span> <span class='ocrx_word' id='word_1_283' title='bbox 658 3857 888 3922; x_wconf 78' lang='lat' dir='ltr'>Grarederatle2</span> <span class='ocrx_word' id='word_1_284' title='bbox 900 3879 918 3918; x_wconf 91' lang='lat' dir='ltr'>a</span> <span class='ocrx_word' id='word_1_285' title='bbox 930 3858 1079 3920; x_wconf 90' lang='lat' dir='ltr'>Concilio</span> <span class='ocrx_word' id='word_1_286' title='bbox 1092 3879 1157 3921; x_wconf 94' lang='lat' dir='ltr'>non</span> 
     </span>
     <span class='ocr_line' id='line_1_37' title="bbox 60 3960 1158 4045; baseline -0.005 -16"><span class='ocrx_word' id='word_1_287' title='bbox 60 3966 238 4030; x_wconf 89' lang='lat' dir='ltr'>delinitum</span> <span class='ocrx_word' id='word_1_288' title='bbox 263 3965 369 4041; x_wconf 86' lang='lat' dir='ltr'>luisse,</span> <span class='ocrx_word' id='word_1_289' title='bbox 386 3985 555 4045; x_wconf 86' lang='lat' dir='ltr'>nunquam</span> <span class='ocrx_word' id='word_1_290' title='bbox 579 3964 647 4026; x_wconf 90' lang='lat' dir='ltr'>lieri</span> <span class='ocrx_word' id='word_1_291' title='bbox 671 3982 777 4045; x_wconf 89' lang='lat' dir='ltr'>posse,</span> <span class='ocrx_word' id='word_1_292' title='bbox 796 3971 832 4024; x_wconf 96' lang='lat' dir='ltr'>ut</span> <span class='ocrx_word' id='word_1_293' title='bbox 855 3961 955 4022; x_wconf 94' lang='lat' dir='ltr'>homo</span> <span class='ocrx_word' id='word_1_294' title='bbox 978 3960 1158 4024; x_wconf 87' lang='lat' dir='ltr'>catholicus</span> 
     </span>
    </p>
   </div>
   <div class='ocr_carea' id='block_1_6' title="bbox 95 4132 1103 4284">
    <p class='ocr_par' dir='ltr' id='par_1_8' title="bbox 95 4132 1103 4284">
     <span class='ocr_line' id='line_1_38' title="bbox 95 4132 403 4200; baseline -0.01 -11"><span class='ocrx_word' id='word_1_295' title='bbox 95 4132 206 4190; x_wconf 67' lang='grc' dir='ltr'>ιΜαιι.</span> <span class='ocrx_word' id='word_1_296' title='bbox 223 4135 336 4200; x_wconf 85' lang='lat' dir='ltr'>xxm,</span> <span class='ocrx_word' id='word_1_297' title='bbox 351 4147 403 4200; x_wconf 85' lang='lat'>2·3.</span> 
     </span>
     <span class='ocr_line' id='line_1_39' title="bbox 96 4211 1103 4284; baseline -0.013 -6"><span class='ocrx_word' id='word_1_298' title='bbox 96 4223 106 4254; x_wconf 84' lang='lat'>²</span> <span class='ocrx_word' id='word_1_299' title='bbox 121 4223 163 4278; x_wconf 82' lang='lat' dir='ltr'>Cf.</span> <span class='ocrx_word' id='word_1_300' title='bbox 180 4220 368 4284; x_wconf 82' lang='lat' dir='ltr'>Granderatlt,</span> <span class='ocrx_word' id='word_1_301' title='bbox 385 4217 605 4274; x_wconf 79' lang='lat' dir='ltr'>constitutiones</span> <span class='ocrx_word' id='word_1_302' title='bbox 619 4219 651 4270; x_wconf 87' lang='lat' dir='ltr'>C.</span> <span class='ocrx_word' id='word_1_303' title='bbox 666 4215 731 4270; x_wconf 90' lang='lat' dir='ltr'>Vat.</span> <span class='ocrx_word' id='word_1_304' title='bbox 746 4214 890 4283; x_wconf 83' lang='lat' dir='ltr'>explicatae</span> <span class='ocrx_word' id='word_1_305' title='bbox 902 4211 1005 4280; x_wconf 79' lang='lat'>(1892),</span> <span class='ocrx_word' id='word_1_306' title='bbox 1021 4231 1046 4281; x_wconf 94' lang='lat' dir='ltr'>p.</span> <span class='ocrx_word' id='word_1_307' title='bbox 1060 4211 1103 4266; x_wconf 78' lang='lat'>61.</span> 
     </span>
    </p>
   </div>
   <div class='ocr_carea' id='block_1_7' title="bbox 1240 4266 1262 4306">
    <p class='ocr_par' dir='ltr' id='par_1_9' title="bbox 1240 4266 1262 4306">
     <span class='ocr_line' id='line_1_40' title="bbox 1240 4266 1262 4306; baseline 0 0"><span class='ocrx_word' id='word_1_308' title='bbox 1240 4266 1262 4306; x_wconf 75' lang='grc' dir='ltr'><em>Δ</em></span> 
     </span>
    </p>
   </div>
   <div class='ocr_carea' id='block_1_8' title="bbox 0 0 1353 4634">
    <p class='ocr_par' dir='ltr' id='par_1_10' title="bbox 0 0 1353 4634">
     <span class='ocr_line' id='line_1_41' title="bbox 0 0 1353 4634; baseline 0 0"><span class='ocrx_word' id='word_1_309' title='bbox 0 0 1353 4634; x_wconf 95' lang='lat' dir='ltr'> </span> 
     </span>
    </p>
   </div>
  </div>
 </body>
</html>
