2684 4634
197 163 257 212 180
585 164 917 215 PROLEGOMENA.

195 347 310 409 relatio
325 347 453 410 elevata
468 347 509 410 ad
527 347 627 410 talem
640 349 849 430 dignitatem,
866 357 902 410 ut
918 347 1024 431 possit
1047 366 1120 409 esse
1143 355 1296 408 centrum

195 452 396 530 operationis
412 462 445 514 et
460 453 694 516 attributionis.
742 451 854 533 Quum
876 453 965 514 enim
987 460 1053 513 tres
1076 449 1197 512 sintin
1222 449 1297 511 Deo

195 573 353 633 personae,
366 565 399 617 et
415 575 482 617 una
497 564 628 618 tantum
640 555 833 631 substantia,
843 555 992 637 sequitur
1002 574 1161 636 personas
1173 553 1206 614 in
1222 553 1296 613 Deo

193 657 350 719 constitui
366 677 424 738 per
434 658 610 720 relationes
620 679 702 740 quas
714 658 838 720 habent
849 660 890 721 ad
902 658 1050 720 invicem.
1098 655 1169 718 Illae
1180 664 1294 716 autem

194 758 370 822 relationes
386 780 452 822 non
469 769 547 824 sunt
570 782 660 824 mere
682 761 912 836 accidentales,
926 763 1004 842 quia
1030 759 1110 822 nihil
1135 769 1186 821 est
1210 758 1294 821 acci-

193 861 326 926 dentale
342 864 373 925 in
392 866 488 928 Deo:
511 876 660 928 remanet
676 866 775 948 igitur
790 874 826 927 ut
841 866 908 927 sint
929 864 1104 926 relationes
1119 861 1294 924 subsisten-

193 975 245 1041 tes,
262 967 279 1027 i.
296 988 321 1028 e.
338 988 412 1047 quae
435 969 562 1050 possint
579 979 641 1050 per
659 990 692 1031 se
707 988 811 1050 agere
833 978 866 1031 et
889 977 1038 1031 centrum
1065 965 1293 1029 attributionis

192 1088 271 1132 esse.
318 1071 374 1134 Sic
400 1094 428 1134 v.
451 1093 481 1153 g.
508 1094 649 1154 persona
673 1072 779 1135 Patris
802 1054 857 1134 est¹
875 1070 992 1134 relatio
1018 1068 1229 1152 paternitatis
1255 1075 1292 1128 ut

192 1170 384 1249 subsistens,
401 1175 418 1235 i.
435 1195 459 1236 e.
477 1185 513 1237 ut
529 1176 726 1257 principium
743 1176 974 1258 operationum
997 1173 1218 1254 propriarum,
1233 1191 1290 1232 seu

192 1274 264 1335 aliis
279 1276 386 1337 verbis
403 1286 452 1339 est
470 1277 562 1340 Deus
578 1288 741 1359 quatenus
756 1278 862 1342 abtive
885 1286 1021 1360 generat
1045 1277 1183 1355 Filium;
1211 1275 1289 1337 item

192 1397 333 1458 persona
350 1378 424 1440 Filii
441 1389 491 1442 est
507 1380 623 1443 relatio
635 1381 803 1445 filiationis
814 1393 851 1446 ut
864 1381 1054 1456 subsistens,
1064 1401 1121 1442 seu
1134 1388 1185 1441 est
1197 1379 1288 1440 Deus

191 1490 354 1560 quatenus
371 1502 390 1543 a
407 1483 504 1546 Patre
519 1485 650 1564 genitus
660 1508 666 1563 ;
694 1485 839 1562 tandem,
854 1505 995 1568 persona
1013 1483 1156 1566 Spiritus
1173 1479 1287 1546 saneti

191 1591 241 1644 est
257 1584 373 1647 relatio
389 1586 577 1667 spirationis
594 1590 733 1669 passivae
750 1599 786 1653 ut
802 1589 994 1664 subsistens,
1009 1608 1066 1651 seu
1091 1587 1186 1649 Deus
1209 1605 1286 1666 qua-

191 1697 284 1750 tenus
300 1691 444 1771 spiratus
460 1700 531 1753 tum
549 1713 568 1753 a
586 1693 683 1754 Patre
698 1702 769 1755 tum
786 1713 806 1755 a
822 1691 915 1754 Filio.

235 1841 279 1903 19.
327 1826 383 1887 Ex
399 1826 461 1888 hoc
485 1827 624 1909 intelligi
647 1829 745 1891 datur
761 1828 955 1910 mysterium
980 1826 1039 1891 SS.
1056 1824 1232 1888 Trinitatis
1255 1825 1285 1885 in

190 1926 253 1988 hoc
269 1930 449 1992 consistere
464 1932 553 2012 quod
571 1951 637 1993 una
653 1931 837 2012 eademque
852 1930 965 1993 divina
980 1928 1124 1991 essentia
1139 1948 1159 1990 a
1183 1927 1285 1990 tribus

189 2033 339 2112 personis
362 2036 579 2114 possideatur,
602 2056 677 2116 quae
703 2045 780 2098 sunt
806 2055 882 2096 vere
907 2030 1083 2108 distinelae,
1105 2040 1139 2093 et
1165 2031 1285 2093 consti-

190 2142 329 2196 tuuntur
352 2157 411 2216 per
435 2138 611 2200 relationes
632 2139 777 2220 originis,
800 2148 837 2201 ut
857 2136 942 2199 infra
963 2135 1209 2199 declarabitur:
1232 2155 1285 2196 seu

189 2236 262 2297 aliis
277 2238 385 2299 verbis
401 2259 472 2301 esse
488 2241 519 2301 in
538 2242 665 2303 unitate
680 2242 801 2305 divinae
817 2250 945 2304 naturae
967 2239 1029 2303 tria
1053 2238 1283 2320 operationum

189 2340 358 2422 principia,
374 2363 449 2423 quae
457 2354 520 2423 per
532 2366 564 2406 se
579 2355 612 2407 et
626 2346 691 2407 sibi
704 2354 816 2427 agunt,
831 2355 897 2408 tres
912 2344 1089 2407 relationes
1101 2341 1234 2404 realiter
1244 2341 1284 2403 ab

189 2442 326 2505 invicem
343 2442 525 2522 distinftaS,
541 2447 616 2528 quae
632 2458 708 2511 sunt
724 2448 946 2511 attributionis
961 2455 1096 2516 centra.1

297 2584 346 2643 11.
364 2585 522 2643 Errores
537 2587 727 2658 praecipui
743 2587 930 2647 adversus
945 2576 1177 2660 mysterium

590 2667 652 2725 SS.
669 2668 880 2727 Trinitatis.

229 2787 276 2841 20.
325 2778 403 2840 Post
429 2778 656 2842 definitionem
688 2781 835 2861 mysterii
863 2781 924 2845 SS.
951 2779 1132 2854 Trinitatis
1160 2800 1283 2841 errores

189 2879 250 2959 ipsi
276 2882 448 2962 oppositos
475 2903 643 2964 exponere
664 2884 767 2964 juvat,
790 2895 827 2948 ut
852 2887 899 2949 sic
925 2886 1042 2949 melius
1065 2893 1285 2965 cognoscatur

187 2984 311 3062 dogma
327 2985 535 3062 catholicum,
553 2986 680 3049 facilius
697 2987 921 3067 intelligantur
943 2995 1140 3067 argumenta
1163 2987 1283 3068 quibus

188 3086 325 3164 fulcitur,
342 3098 375 3150 et
391 3091 493 3151 tutius
511 3102 736 3171 praecaveatur
752 3111 847 3152 error.
899 3091 1055 3170 Jamvero
1079 3098 1145 3152 tres
1169 3091 1282 3171 praeci·

188 3210 271 3271 puos
298 3212 422 3254 errores
448 3195 652 3275 distinguere
679 3195 775 3258 licet:
807 3208 838 3255 1⁰
862 3192 1150 3256 Anti-Trinilariz'
1172 3214 1282 3276 perso-

187 3315 303 3357 narum
329 3297 511 3359 trinitatem
540 3307 679 3378 negant;
715 3312 749 3359 20
778 3297 944 3360 Tritlzeitoe
968 3297 1129 3360 unitatem
1155 3307 1282 3360 naturae

186 3400 380 3477 destruunt;
432 3415 466 3480 30
507 3401 561 3463 alii
600 3400 736 3464 tandem
781 3402 867 3463 circa
907 3401 1037 3463 divinas
1069 3401 1283 3481 processiones

186 3511 303 3564 errant.

1206 3628 1280 3638 ν-

185 3676 399 3731 fundamentum
413 3677 441 3729 in
454 3677 571 3745 utrique
585 3687 632 3731 aut
646 3678 746 3731 saltem
760 3677 787 3729 in
802 3678 857 3730 unit
870 3677 982 3731 realiter
1000 3678 1119 3743 exsistit;
1139 3679 1230 3749 logica
1248 3698 1281 3735 ea

115 3783 118 3787 ’
185 3772 228 3817 est
241 3781 304 3832 quae
318 3764 377 3825 soli
390 3775 484 3817 mente
498 3764 610 3832 ponitur
622 3765 681 3818 sive
700 3765 772 3818 inter
790 3774 942 3833 conceptus
962 3765 1020 3820 sive
1039 3763 1111 3820 inter
1128 3782 1173 3821 res
1193 3765 1278 3836 ipsas.

186 3851 357 3917 Relationes,
366 3852 468 3920 quibus
481 3852 584 3904 divinae
594 3869 722 3921 personae
733 3852 945 3920 constituuntur,
956 3862 1020 3906 sunt
1029 3853 1125 3907 reales.
1167 3855 1208 3908 Cf.
1221 3856 1280 3908 Du·

179 3943 289 4006 peyrat,
305 3936 498 4004 ManuduttiO,
514 3938 673 4006 Ontologia,
691 3956 717 4007 p.
736 3938 773 4005 ll,
788 3956 809 3992 c.
828 3939 865 4006 ll,
883 3956 909 3991 a.
927 3951 949 4007 5.

220 4032 227 4054 ¹
243 4026 318 4078 Hinc
332 4026 500 4078 Lacordaire
513 4025 552 4078 sic
565 4025 732 4080 Trinitatem
745 4027 842 4080 definit
856 4045 861 4080 :
881 4026 985 4081 “Deus
999 4036 1041 4081 est
1054 4025 1137 4081 unica
1150 4029 1279 4084 substan-

184 4112 231 4176 tia,
245 4110 272 4163 in
287 4114 337 4165 sua
350 4112 510 4166 indivisibili
525 4113 648 4168 essentia
661 4116 809 4169 continens
819 4115 954 4169 terminos
964 4114 1131 4170 relationum
1141 4133 1160 4170 a
1169 4133 1200 4172 se
1210 4117 1279 4172 invi-

184 4213 243 4248 cem
259 4198 369 4250 realiter
382 4198 553 4252 distinctos.’'
591 4201 701 4254 Confer.
711 4201 746 4255 de
757 4203 791 4254 N.
804 4203 904 4254 Darne.
915 4202 972 4270 48⁸5
990 4201 1066 4271 angl.
1079 4218 1151 4256 vers.
1165 4204 1276 4261 Confer.

183 4300 217 4335 ou
235 4284 307 4351 God,
320 4285 385 4339 edit.
405 4284 437 4338 0’
451 4286 532 4351 Shea,
550 4304 574 4355 p.
593 4301 632 4355 57.
