2684 4634
267 178 323 230 DE
343 181 562 232 msmmo
580 181 747 233 INCARN
756 181 932 233 ATIONIS.
1080 183 1147 232 453

50 369 161 440 tatas3
192 362 247 425 alii
272 363 357 426 hanc
380 365 535 428 unionem
562 365 791 429 assimilabant
813 367 929 429 unioni
946 368 1091 448 corporis
1115 375 1148 428 et

50 466 176 528 animae
190 479 210 527 1.

97 569 261 632 Damnati
277 571 404 633 suntin
421 571 522 636 Cone.
542 570 789 635 Chalcedonensi
798 572 900 654 (451),
912 575 944 635 in
962 594 1028 654 quo
1041 594 1148 637 susce-

52 683 112 754 pta
124 682 160 736 et
176 673 362 756 approbata
376 674 438 737 fuit
453 674 590 738 celebris
607 675 760 758 Epistola
775 676 812 739 S.
828 677 945 740 Leonis
960 678 1002 739 ad
1021 677 1148 739 Flavia·

53 798 145 854 num,
174 798 248 858 quae
275 799 400 841 errores
428 779 592 859 Eutychis
620 779 830 860 reprobabat,
856 782 1036 844 statuendo
1066 783 1149 844 duas

53 905 126 946 esse
152 884 185 944 in
203 882 336 946 Christo
360 894 503 947 naturas.
550 882 722 958 Attamen,
738 885 855 947 eadem
880 886 1014 948 haeresis
1031 906 1149 968 propa-

53 996 134 1071 gata
151 987 213 1049 suit
228 987 260 1048 in
278 986 425 1062 Oriente,
434 996 468 1050 et
483 985 582 1050 hodie
597 989 704 1061 etiam·
714 989 804 1070 viget
821 991 853 1052 in
872 989 1041 1065 Armenia,
1054 986 1149 1071 Syria

53 1103 87 1155 et
99 1093 254 1173 AEgypto
263 1113 271 1169 ;
293 1091 364 1172 ejus
380 1091 514 1154 asseclae
525 1102 686 1155 vocantur
695 1093 929 1174 Menophysitce
936 1093 1037 1175 (μόνος
1052 1094 1151 1169 solus,

54 1216 141 1280 φυσις
169 1191 303 1280 natura)
332 1205 389 1258 aut
415 1197 516 1258 etiam
535 1195 698 1279 secabile,
715 1198 793 1278 quia
819 1198 938 1260 ducem
966 1210 1152 1279 agnoscunt

53 1300 236 1383 quemdam
247 1292 413 1382 Jacobnm,
428 1300 580 1381 ignotum
605 1299 736 1381 Syrum,
752 1301 807 1380 qui
831 1300 953 1364 saeculo
969 1312 1068 1366 sexto
1085 1304 1152 1366 Eu-

54 1403 316 1487 tychianismum
333 1404 511 1467 renovavit.

97 1540 150 1604 82.
197 1540 492 1623 (emanandum
507 1561 648 1621 quorum
665 1539 780 1604 audior
797 1543 982 1624 praecipuus
999 1544 1060 1607 fuit
1077 1544 1153 1607 Ser·

52 1647 145 1730 gius,
162 1643 354 1707 Patriarcha
378 1644 414 1709 C.
432 1645 466 1707 P.
484 1642 569 1730 (Vll
594 1645 699 1726 Saec.)‚
721 1646 910 1726 mitigatum
937 1649 1153 1729 Eutychiani·

55 1770 168 1813 smum
202 1747 339 1830 professi
372 1756 461 1823 sunt,
483 1750 641 1811 docentes
677 1768 778 1811 unam
805 1769 877 1811 esse
899 1750 1095 1814 voluntatem
1125 1760 1156 1814 et

55 1852 273 1934 operationem
290 1852 323 1912 in
341 1851 493 1915 Christo:
526 1852 660 1915 volebat
675 1853 838 1934 siquidem
856 1853 990 1935 Sergius
1007 1855 1153 1919 Catholi-

56 1976 114 2019 cos
123 1954 223 2018 simul
236 1964 269 2018 et
281 1953 510 2036 Eutychianos
520 1955 581 2016 sibi
593 1956 775 2031 conciliare,
785 1957 927 2019 dicendo
943 1979 1018 2021 cum
1031 1960 1154 2040 primis

55 2058 226 2142 duplicem
237 2079 308 2120 esse
324 2057 356 2120 in
368 2056 501 2121 Christo
511 2067 681 2136 naturam;
704 2070 827 2123 etcum
844 2063 1006 2139 secundis
1023 2065 1154 2125 unicam

55 2186 131 2229 esse
154 2162 385 2226 voluntatem:
423 2163 481 2225 sed
506 2162 538 2236 in
562 2162 625 2225 hoc
657 2163 787 2245 illogice
809 2166 940 2246 agebat,
963 2187 1038 2229 cum
1065 2168 1154 2229 enim

55 2268 214 2331 voluntas
239 2265 283 2327 sit
305 2265 338 2326 in
363 2268 490 2341 natura,
506 2273 556 2327 tot
573 2275 649 2327 sunt
666 2275 792 2328 naturae
808 2277 890 2347 quot
905 2268 1102 2345 voluntates,
1117 2289 1155 2331 ac

56 2369 201 2454 proinde
224 2369 251 2431 si
274 2388 340 2430 una
356 2377 488 2431 tantum
504 2368 548 2430 sit
563 2368 727 2445 voluntas,
743 2390 809 2432 una
824 2372 948 2451 pariter
963 2381 1014 2435 est
1030 2382 1155 2437 natura.

57 2476 253 2538 Damnatus
277 2481 328 2534 est
352 2471 385 2533 in
413 2469 681 2552 Constantinopol.
705 2472 803 2554 (680),
825 2474 880 2535 ubi
906 2470 1079 2538 definitum
1106 2486 1157 2538 est

57 2580 144 2642 duas
169 2575 336 2639 naturales
361 2575 557 2651 voluntates,
574 2584 608 2636 et
632 2573 715 2637 duas
739 2578 948 2656 operationes
976 2580 1007 2640 in
1025 2579 1157 2641 Christo

57 2702 133 2745 esse
148 2679 385 2762 agnoscendas.

225 2819 273 2875 11.
297 2815 515 2874 Existentia
539 2815 692 2872 unionis
715 2815 996 2888 hypostatieae³.

104 2946 161 3010 Ad
187 2939 408 3007 confutandos
431 2941 579 3003 Nestorii
599 2951 632 3003 et
652 2941 839 3021 Eutychetis
862 2964 995 3020 errores,
1018 2947 1154 3009 demon·

57 3037 253 3115 strabimus'
272 3047 304 3108 in
338 3045 424 3109 thesi
447 3045 590 3126 generali
618 3045 775 3107 unionem
803 3047 906 3108 Verbi
933 3069 1008 3111 cum
1040 3057 1157 3113 natura

93 3250 245 3322 ¹Vzgilius
260 3249 395 3319 Tapensis
418 3248 459 3314 (C.
485 3249 604 3316 Eutych.
628 3249 644 3303 Ι.
670 3251 709 3312 ΙΙ,
731 3266 758 3301 n.
783 3251 808 3318 5)
829 3250 868 3303 sic
888 3263 1032 3320 comparat
1051 3270 1158 3305 errores

60 3339 187 3397 Nestorii
195 3347 224 3393 et
235 3336 399 3406 Eutychetis
412 3354 419 3388 :
439 3335 609 3390 “Nestorius
618 3337 688 3390 duas
698 3336 857 3390 inducendo
868 3349 992 3405 naturas,
1001 3339 1071 3392 duas
1080 3351 1157 3407 puta·

58 3431 98 3484 vit
117 3443 183 3483 esse
202 3441 344 3495 personas
368 3434 396 3477 et
416 3424 453 3477 ob
472 3424 525 3476 hoc
545 3424 696 3478 arbitratus
715 3433 758 3478 est
778 3425 916 3494 sacrilego
936 3426 1067 3494 dogmate
1087 3427 1157 3479 duos

60 3515 189 3570 Christos
202 3512 346 3579 inducere;
367 3510 510 3578 Eutyches
524 3509 676 3579 respiciens
690 3528 774 3564 unam
789 3528 947 3579 personam,
957 3529 1041 3564 unam
1052 3514 1158 3566 censuit

58 3617 123 3657 esse
135 3609 274 3662 naturam,
284 3607 313 3653 et
326 3598 363 3651 ob
375 3599 430 3651 hoc
443 3597 596 3650 humanam
609 3615 694 3650 ausus
707 3609 750 3651 est
764 3598 914 3667 denegare.
955 3600 992 3651 Et
1003 3599 1067 3668 quia
1078 3610 1120 3653 est
1132 3600 1159 3652 in

59 3683 175 3738 Christo
186 3691 215 3736 et
228 3693 390 3734 naturarum
404 3680 560 3748 proprietas
574 3689 601 3732 et
615 3697 744 3749 personae
758 3680 833 3746 unio,
845 3682 992 3734 Nestorius
1007 3682 1159 3750 proprieta-

59 3783 117 3827 tem
130 3768 304 3824 attendendo
317 3778 488 3833 naturarum,
502 3785 519 3820 a
533 3785 661 3836 personae
674 3769 777 3821 excidit
791 3768 903 3832 unione,
921 3760 952 3821 et¹
968 3770 1039 3821 duos
1053 3770 1160 3838 putavit

59 3857 198 3919 Christos,
222 3871 308 3908 unum
330 3854 501 3924 passibilem,
526 3856 645 3909 alterum
668 3854 871 3923 impassibilem
896 3873 967 3910 esse.
1016 3857 1159 3924 Eutyches

59 3957 145 3995 unam
160 3939 332 3994 intendendo
346 3955 502 4008 personam,
512 3957 529 3991 a
542 3950 704 3992 naturarum
716 3940 884 4008 proprietate
898 3939 1017 3993 descivit
1030 3950 1057 3993 et
1070 3941 1158 4008 ipsam

58 4028 236 4084 divinitatem
249 4025 369 4081 asseruit
381 4043 496 4096 passam
507 4028 527 4079 ''.

93 4114 259 4181 ²Petavius,
282 4113 298 4167 l.
323 4115 344 4180 l,
367 4130 390 4166 c.
419 4127 508 4179 19·2r;
540 4115 685 4182 Sanam,
709 4131 731 4167 c.
756 4116 811 4181 ΙΙΙ,
833 4133 856 4167 s.
880 4126 908 4183 5;
934 4115 1071 4184 Alang‚§
1101 4132 1160 4180 ηιμ

59 4201 165 4270 Sckaff,
177 4200 231 4253 vol.
250 4201 300 4268 IV,
317 4197 332 4270 ἕ
350 4215 405 4267 109.

97 4282 413 4356 ³Cidi7'bomn133p.
429 4305 455 4357 q.
470 4302 495 4352 2,
512 4306 536 4343 a.
555 4305 611 4360 1-3;
643 4293 675 4346 C.
693 4293 782 4348 Gent.
798 4291 816 4347 l.
831 4293 921 4362 lV‚e.
937 4303 1039 4362 της,
1058 4291 1187 4349 suarez„
1230 4298 1268 4364 Ι
