2684 4634
204 177 260 226 DE
279 177 537 228 EXISTENTIA
556 179 696 230 TRIUM
717 180 1025 231 PERSONARUM.
1107 179 1165 230 199

55 357 210 424 nominat;
229 368 258 415 et
270 358 342 416 alibi
355 359 456 416 scribit
468 380 474 415 :
497 360 516 386 “
528 359 693 417 Didicimus
702 360 823 418 credere
832 371 889 417 tres
900 377 963 417 esse
974 359 1147 430 hypostases
1160 381 1165 416 ι

57 444 181 501 Patrem
196 454 225 503 et
238 445 345 502 Filium
365 455 394 503 et
413 446 555 518 Spiritum
576 446 766 503 Saneium”¹.
806 447 944 504 Tandem
959 446 988 503 S.
1009 445 1167 516 Gregorius

56 529 314 602 Thaumaturgus,
329 532 467 602 Origenis
481 532 652 603 discipulus,
669 532 873 603 professionem
886 532 964 604 fidei
980 532 1083 597 edidit,
1099 550 1165 603 quae

56 617 175 689 optime
183 619 345 677 concordat
353 637 423 677 cum
432 619 574 691 Symbolo
585 619 710 677 Nicaeno
722 640 728 676 :
747 623 763 648 “
773 620 860 678 Unus
871 621 953 677 Deus
962 619 1055 675 Pater
1061 618 1161 687 Verbi,

56 722 137 762 unus
152 706 302 763 Dominus
322 706 493 777 (inigenitus
502 706 612 777 Patris,
627 707 709 762 Deus
718 707 751 763 de
761 707 856 763 Deo...
873 707 926 764 Est
937 707 1026 764 etiam
1036 706 1166 778 Spiritus

16 848 20 854 ,
57 791 190 849 Sanctus
202 810 239 848 ex
250 793 314 849 Deo
320 794 480 864 procedens,
495 793 625 850 Trinitas
638 793 812 864 perfectus.

91 941 134 997 54
176 930 227 998 (D)
241 929 343 1001 Quum
356 939 457 986 autem
472 929 578 986 nostris
591 928 776 1000 temporibus
790 929 864 987 fides
879 930 1003 986 Patrum·
1019 927 1163 985 Ante-Ni-

57 1032 212 1074 caenorum
226 1015 303 1072 circa
316 1015 470 1072 Trinitatis
483 1015 593 1086 dogma
607 1034 623 1072 a
637 1015 841 1073 Rationalistis
855 1025 883 1073 et
898 1015 1043 1073 Unitariis
1062 1015 1091 1070 in
1111 1014 1163 1071 du-

59 1102 145 1160 bium
158 1113 296 1159 revocata
310 1102 405 1168 suerit,
421 1101 574 1173 multaque
588 1103 654 1158 loca
668 1103 696 1158 in
712 1102 845 1160 medium
860 1102 980 1174 prolata,
1004 1101 1033 1157 in
1054 1100 1163 1172 quibus

56 1189 230 1262 impugnari
255 1189 370 1248 videtur
394 1189 655 1261 velpersonarum
676 1189 828 1247 distinctio
848 1190 893 1247 vel
915 1207 1015 1246 earum
1035 1180 1164 1261 perfecta

56 1277 224 1348 aequalitas,
241 1277 385 1335 nonnulla
403 1276 584 1348 subjungere
605 1277 751 1349 principia
771 1286 974 1348 opportunum
994 1277 1087 1333 visum
1108 1285 1160 1345 est,

56 1365 170 1436 quibus
183 1373 280 1422 textus
293 1363 427 1423 difficiles
441 1364 579 1436 explicari
594 1365 706 1436 possint
720 1364 767 1432 (cf.
776 1365 909 1434 'Hurter‚
923 1383 951 1420 n.
968 1384 1018 1435 229
1032 1366 1098 1435 sq).

56 1454 97 1522 (a)
112 1451 267 1523 Imprimis
280 1450 451 1508 defensores
465 1451 543 1508 illius
556 1451 714 1522 dogmatis,
730 1460 864 1522 tempore
877 1451 984 1508 arianae
998 1460 1163 1508 controver-

57 1539 117 1608 siae,
136 1537 323 1595 confidenter
335 1538 518 1596 adversarios
539 1556 607 1595 suos
627 1539 667 1597 ad
686 1539 806 1595 Parrum
825 1539 1004 1596 anteriorum
1025 1537 1115 1595 fidem
1135 1547 1163 1594 et

56 1625 252 1691 traditionem
265 1635 476 1696 provocarunt3
496 1625 535 1682 ita
550 1645 574 1682 v.
589 1644 617 1696 g.
634 1626 664 1683 S.
680 1625 866 1682 Athanasius
885 1626 944 1696 (De
960 1626 1077 1683 Decret.
1094 1624 1159 1680 Nic.

57 1714 128 1785 Syn.
142 1713 207 1784 27):
228 1711 314 1769 “Vos
326 1721 436 1779 autem,
452 1730 470 1769 o
481 1712 552 1769 novi
565 1713 670 1785 Judaei,
688 1730 763 1784 quos
777 1713 898 1769 demum
909 1713 1104 1770 assertionum
1116 1729 1162 1768 ve·

57 1811 186 1858 stratum
195 1807 292 1870 patres
302 1798 461 1856 ostendere
470 1799 589 1856 valetis?
607 1789 651 1856 Ne
663 1816 753 1856 unum
766 1798 889 1870 quidem
900 1816 916 1856 e
926 1797 1124 1870 prudentibus
1134 1809 1163 1854 et

57 1887 191 1946 cordatis
204 1886 358 1945 nominare
372 1887 526 1958 potestis'’.
568 1887 593 1943 E
607 1897 710 1944 contra
720 1887 821 1943 Ariani
833 1886 985 1945 fraudibus
994 1886 1160 1956 utebantur,

57 1986 90 2033 ut
103 1993 191 2033 suam
204 1975 387 2032 occultarent
397 1975 531 2033 haeresim
542 1974 957 2047 simplicesquedeciperent³.
997 1975 1089 2045 Atqui
1099 1974 1163 2030 haec

57 2064 120 2122 duo
134 2062 292 2120 manifeste
305 2073 480 2135 supponunt
500 2073 571 2120 tunc
592 2064 735 2135 temporis
753 2063 920 2134 generalem
942 2063 1162 2134 persuasionem

57 2151 160 2216 fuisse,
178 2150 279 2207 Patres
299 2148 431 2222 priorum
450 2151 626 2208 saeculorum
647 2150 784 2230 Trinitati
805 2150 929 2207 omnino
948 2150 1062 2220 savere;
1081 2167 1159 2220 ergo.

57 2239 176 2295 Revera
189 2235 219 2293 S.
233 2236 430 2307 Augustiuus⁴
442 2236 543 2294 scribit
555 2259 561 2294 :
580 2241 596 2266 “
608 2238 721 2295 Omnes
735 2255 810 2308 qnos
821 2237 917 2308 legere
928 2237 1019 2308 potui,
1033 2237 1162 2308 quiante

58 2343 106 2382 me
119 2323 300 2395 scripserunt
314 2323 351 2381 de
364 2323 518 2389 Trinitate,
533 2342 601 2396 quae
616 2325 697 2381 Deus
711 2334 764 2395 est,
780 2324 947 2381 divinorum
962 2323 1102 2381 librorum
1116 2342 1162 2381 ve-

54 2424 154 2470 terum
164 2420 194 2468 et
204 2411 349 2467 novorum
360 2411 541 2478 tractatores,
553 2411 610 2468 hoc
622 2412 813 2470 intenderunt
823 2403 988 2470 secundum
1000 2411 1163 2483 Scripturas

57 2501 179 2566 docere,
192 2498 276 2569 quod
290 2499 376 2555 Pater
389 2507 418 2556 et
431 2498 524 2555 Filius
537 2510 566 2556 et
580 2499 706 2569 Spiritus
720 2499 846 2556 Sanctus
861 2499 947 2555 unius
967 2499 1163 2570 ejusdemque

56 2584 429 2656 substantiaeinseparabili
440 2585 609 2657 aequalitate
617 2586 747 2644 divinam
758 2586 910 2642 insinuant
918 2587 1071 2650 unitatem,
1083 2585 1163 2643 ideo-

57 2692 117 2746 que
131 2690 194 2730 non
208 2681 277 2729 sunt
290 2681 348 2729 tres
361 2671 411 2742 dii,
424 2672 477 2730 sed
488 2691 564 2729 unus
575 2674 665 2743 Deus,
680 2672 848 2744 quamvis...
887 2674 974 2729 Pater
985 2673 1099 2738 nonsit,
1112 2673 1162 2744 qui

57 2762 81 2816 F
83 2760 151 2817 ilius
165 2769 242 2817 est...
281 2758 407 2830 Spiritus
421 2759 546 2816 Sanetus
561 2778 616 2817 nec
631 2761 717 2818 Pater
730 2760 776 2826 sit,
793 2779 848 2817 nec
862 2760 962 2830 Filius,
979 2760 1032 2817 sed
1046 2769 1160 2817 tantum

58 2847 153 2905 Patris
167 2856 197 2904 et
211 2846 275 2902 Filii
290 2845 415 2917 Spiritus
428 2846 589 2903 Sanetus...
629 2848 705 2904 Haec
719 2857 763 2904 est
777 2847 851 2904 fides
866 2865 941 2912 mea,
957 2847 1080 2917 quando
1099 2846 1163 2903 haec

57 2945 101 2992 est
113 2933 252 2991 catholica
266 2932 340 2990 fides
347 2933 372 2990 ”.

57 3023 98 3091 (b)
112 3021 242 3091 Insuper
254 3019 359 3077 sedulo
373 3019 617 3090 distinguendum
632 3030 675 3078 est
686 3021 761 3079 inter
770 3021 881 3092 dogma
891 3021 988 3092 ipsum
1000 3033 1028 3079 et
1039 3022 1163 3079 modum

57 3107 301 3180 philosophicum
316 3124 377 3178 quo
387 3106 544 3178 exponitur
556 3129 561 3165 :
585 3108 707 3179 quando
719 3110 818 3166 Patres
830 3109 1002 3180 simpliciter
1011 3110 1163 3181 exponunt

56 3197 171 3266 dogma
184 3193 374 3260 catholicum,
386 3203 454 3251 sunt
465 3211 532 3251 vere
541 3195 710 3252 traditionis
720 3202 807 3262 testes,
819 3205 847 3253 et
858 3196 972 3252 nullum
983 3208 1027 3253 est
1038 3196 1162 3254 dubium

56 3285 131 3356 quin
145 3282 280 3354 plerique
293 3281 397 3339 saltem
412 3282 441 3338 in
455 3283 513 3340 hoc
526 3301 614 3341 sensu
629 3283 708 3340 reite
722 3284 760 3340 de
773 3283 918 3360 Trinitate
932 3283 1024 3340 locuti
1044 3285 1164 3356 suerint3

56 3369 182 3444 quando
195 3386 265 3426 vero
278 3370 424 3426 conantur
436 3370 528 3428 modo
542 3370 706 3428 scientifico
720 3370 863 3427 illustrare
878 3370 935 3427 hoc
955 3370 1065 3440 dogma
1084 3390 1163 3428 com-

56 3455 263 3530 parationibus
276 3465 306 3512 et
318 3456 462 3527 analogiis
477 3456 700 3528 philosophicis,
717 3457 880 3528 loquuntur
894 3468 925 3512 ut
932 3458 1050 3527 priuati
1059 3459 1163 3514 Dorio-

56 3563 110 3615 res,
122 3555 153 3603 et
167 3543 237 3616 quia
250 3552 322 3600 tunc
335 3544 475 3615 temporis
488 3563 592 3602 sensus
605 3544 763 3602 verborum
778 3564 838 3602 non
852 3554 914 3602 erat
924 3545 1002 3602 clare
1013 3545 1161 3615 delinitus,

55 3632 263 3707 expressiones
276 3631 439 3702 aliquando
450 3632 604 3703 adhibent,
619 3651 687 3704 quae
700 3632 791 3690 hodie
806 3643 837 3690 ut
848 3650 978 3689 erroneae
988 3651 1005 3690 a
1015 3633 1162 3704 theologis

90 3866 99 3889 ¹
116 3861 150 3913 ln
164 3856 237 3928 Joa.,
250 3865 283 3911 tr.
300 3871 323 3909 2.
338 3873 381 3926 ap.
396 3858 505 3927 Mr'gne,
518 3858 548 3910 P.
565 3857 598 3910 G.
614 3858 692 3922 XIV,
707 3874 733 3924 p.
752 3858 809 3910 128.

89 3945 101 3976 ²
115 3947 232 4012 Integra
244 3943 291 3997 illa
305 3942 370 3997 fidei
383 3943 523 3997 confessio
538 3945 648 4011 anglice
662 3943 772 3996 reddita
785 3942 838 4010 legi
853 3953 945 4011 potest
957 3943 984 3996 in
996 3943 1162 3998 collettione

53 4033 252 4088 Ante-Nicene
265 4031 384 4084 Futlrers
396 4028 502 4099 (Amer.
517 4031 583 4084 edit.
601 4041 618 4084 t.
634 4032 684 4097 VI,
699 4048 724 4098 p.
742 4030 777 4099 7).

90 4128 100 4159 ³
114 4118 172 4172 Csr.
190 4118 219 4171 S.
228 4116 415 4184 Athanasius,
429 4117 558 4185 Epistola
571 4118 607 4170 ad
622 4118 716 4186 Episc.
731 4119 845 4184 AEgypt.
866 4117 908 4180 r8;
929 4118 958 4171 S.
971 4118 1116 4184 Hilarius,
1127 4118 1161 4171 de

53 4206 156 4260 Trinit.
173 4206 200 4257 V
204 4205 227 4267 1,
243 4223 268 4273 4,
283 4217 306 4269 7.

90 4297 100 4329 ⁴
115 4294 162 4346 De
175 4291 287 4359 Trinit.‚
305 4289 351 4344 lib.
368 4293 389 4358 I,
404 4304 427 4356 7.
