2684 4620
203 167 247 215 48
655 170 792 220 CAPUT
812 172 851 220 11.

203 346 249 426 (e)
268 347 499 409 Revelationes
516 349 653 429 privatae
676 349 763 411 credi
786 359 926 430 possunt
948 349 1012 411 fide
1034 349 1155 422 divina,
1171 349 1297 430 quando

201 458 291 510 certo
307 459 470 525 constant,
487 461 523 512 ut
540 472 638 530 supra
655 452 832 531 probatum
850 462 920 527 est;
942 453 1034 533 atqui
1057 452 1121 514 illae
1141 453 1296 527 veritates,

201 571 257 612 seu
275 552 500 626 revelationes
517 573 685 633 nunquam
703 555 835 634 publice
851 566 884 618 et
901 555 1093 617 authentice
1114 575 1296 637 proponun-

202 667 254 716 tur
271 655 346 718 fidei
363 668 484 720 nostrae
501 659 543 720 ab
560 661 731 740 Ecclesid;
757 679 844 740 ergo,

246 757 409 821 Audlores
433 761 532 842 igitur
552 763 679 842 praefati
704 764 771 825 duo
793 762 891 842 plane
909 759 1067 824 distincta
1085 760 1297 832 confundunt,

202 881 243 922 sc.
264 862 419 924 inoiivnrn
444 863 519 926 fidei
542 867 629 945 quod
655 876 704 927 est
727 865 869 926 absolute
892 865 1104 926 necessarium
1126 865 1168 926 ad
1192 862 1295 927 adium

204 962 276 1024 fidei
302 965 508 1043 eliciendum,
534 977 566 1028 et
591 969 738 1047 regulam
763 966 838 1029 fidei
866 971 932 1048 qua
958 967 1124 1029 ordinarie
1148 968 1297 1028 veritates

203 1067 298 1129 nobis
314 1070 487 1132 credendae
505 1081 742 1151 proponuntur.

343 1273 345 1278 .
445 1232 493 1286 11.
512 1232 566 1288 De
590 1234 747 1292 motivis
771 1231 1087 1290 credibilitatiss

246 1367 311 1432 106.
359 1373 487 1434 Motiva
510 1374 739 1437 credibilitatis
761 1383 838 1436 sunt
861 1375 1006 1435 rationes
1025 1375 1144 1455 quibus
1163 1373 1298 1455 judicari

202 1484 313 1553 potest
331 1475 477 1554 aliquam
500 1477 671 1538 veritatem
693 1498 764 1538 esse
786 1477 974 1552 revelatam,
990 1486 1023 1538 et
1042 1478 1182 1558 proinde
1201 1479 1299 1539 credi-

203 1575 312 1651 bilem,
326 1598 354 1637 v.
371 1597 400 1657 g.
419 1579 585 1654 miracula,
602 1581 794 1661 prophetiae,
810 1590 870 1643 etc.
888 1579 1149 1660 Distinguuntur
1165 1581 1300 1662 proinde

202 1699 222 1739 a
239 1679 364 1740 motivo
381 1678 474 1742 fidei:
494 1681 557 1742 hoc
573 1683 660 1743 enim
678 1692 728 1744 est
745 1685 830 1744 ratic
851 1703 910 1744 cnr
927 1685 1102 1758 credamus,
1119 1682 1176 1746 illa
1192 1694 1298 1747 autem

202 1790 279 1842 sunt
306 1783 428 1844 rnetc'ua
450 1783 565 1862 quibus
587 1785 808 1846 convincimur
829 1786 935 1846 Deum
960 1788 1104 1868 aliquam
1129 1789 1299 1851 veritatem

203 1886 400 1962 revelavisse,
410 1889 616 1972 proindeque
632 1912 701 1953 rem
718 1911 790 1952 esse
807 1891 999 1953 credibilem
1016 1889 1067 1951 vel
1085 1891 1301 1967 credendam;

202 1993 302 2072 igitur
324 1994 554 2056 credibilitatis
577 1995 703 2057 motiva
726 1995 913 2076 praecedere
936 1992 1060 2054 debent
1082 1989 1194 2055 adium
1219 1992 1301 2068 fidei,

202 2096 281 2157 dum
295 2095 371 2157 fidei
386 2099 547 2158 motivum
561 2099 602 2159 ad
617 2098 702 2159 illius
716 2095 968 2177 produdlionem
985 2096 1156 2158 concurrit.
1204 2095 1300 2177 Quae-

202 2198 283 2260 ritur
299 2212 331 2260 1⁰
341 2210 450 2261 utrum
463 2201 587 2262 motiva
597 2199 824 2262 credibilitatis
835 2199 1108 2272 sintnecessnria,·
1123 2211 1161 2260 2⁰
1171 2199 1300 2280 qualem

201 2301 423 2363 certitudinem
440 2302 586 2382 praebere
602 2303 754 2364 debeant.
1293 2302 1296 2308 ’

243 2443 308 2510 107.
356 2442 383 2491 1⁰
399 2436 515 2493 inerit:
529 2433 584 2495 Ad
600 2439 722 2496 actum
739 2431 820 2495 fidei
836 2430 1065 2508 requiruntur
1079 2431 1216 2495 motiva
1231 2451 1302 2496 cre·

202 2530 393 2602 dibilitatis,
411 2531 588 2594 ordinarie
609 2534 770 2606 externa,
793 2547 873 2607 quae
895 2529 1084 2592 veritatem
1106 2532 1301 2594 revelatam

202 2629 334 2692 faciant
349 2627 531 2692 evidenter
544 2628 758 2692 credibilem.
780 2629 895 2686 Certum
911 2635 957 2684 est.

247 2728 355 2789 Dico:
380 2726 545 2788 ordinarie
569 2737 708 2802 externa,
727 2727 805 2806 quia
828 2726 869 2786 de
893 2722 981 2786 fauo
1006 2724 1096 2786 Deus
1117 2728 1300 2805 generatim

202 2833 305 2893 utitur
334 2831 436 2910 signis
467 2831 623 2906 externis,
648 2849 721 2910 quae
749 2828 855 2908 magis
881 2836 959 2888 sunt
989 2827 1144 2889 humanae
1176 2840 1301 2892 naturae

202 2935 463 3007 accommodata,
484 2935 526 2995 ad
552 2933 760 3014 probandum
786 2930 996 2992 revelationis
1020 2927 1166 3007 fadtum3
1191 2930 1304 3013 posset'

201 3047 312 3099 tamen
327 3036 506 3115 aliquando
518 3035 596 3096 dare
607 3034 703 3096 alicui
715 3033 839 3095 motiva
852 3032 1080 3095 credibilitatis
1091 3034 1301 3098 solummodo

202 3141 339 3212 interna,
361 3148 458 3219 prout
478 3158 567 3219 saepe
587 3137 625 3198 fit
645 3138 677 3197 in
700 3135 837 3216 privatis
859 3134 1124 3198 revelationibus
1148 3137 1300 3201 Dicitur:

203 3241 391 3303 “euidenter
408 3240 587 3302 credibilem
598 3239 613 3263 ’¹
631 3259 696 3300 non
721 3247 832 3299 autem
849 3242 864 3268 “
875 3237 1041 3300 evidenter
1062 3260 1173 3301 veram
1185 3240 1213 3316 '’,
1228 3243 1300 3322 quia

201 3344 320 3407 veritas
333 3344 502 3406 evidenter
514 3364 589 3406 vera
602 3362 641 3404 ea
651 3351 701 3403 est
713 3362 788 3422 quae
801 3340 978 3402 intrinseca
991 3341 1159 3402 evidentia
1171 3344 1299 3422 gaudet,

202 3456 237 3510 ut
255 3447 361 3527 prima
381 3446 550 3527 principia,
566 3445 617 3507 vel
637 3445 865 3506 conclusiones
887 3444 929 3505 ab
952 3444 998 3504 eis
1022 3443 1108 3504 clare
1127 3443 1299 3519 dedudiae3

198 3552 348 3632 jamvero
363 3560 485 3612 nostrae
499 3544 576 3611 lidei
594 3547 751 3628 mysteria
764 3566 830 3608 non
844 3555 921 3607 sunt
934 3546 1109 3607 intrinsece
1125 3546 1298 3620 evidentia,

201 3653 257 3714 sed
280 3661 419 3732 possunt
442 3651 510 3712 fieri
533 3650 697 3713 evidenter
716 3647 892 3722 credibilia,
912 3648 1047 3727 quando
1066 3649 1193 3712 scilicet
1216 3660 1299 3714 certo

200 3762 338 3836 apparet
353 3773 392 3815 ea
408 3753 507 3815 fuisse
524 3774 543 3814 a
560 3753 634 3813 Deo
651 3751 803 3813 revelata.

244 3889 312 3955 108.
359 3890 452 3953 Prob.
477 3889 536 3971 (A)
564 3887 743 3969 Scriptnrd.
792 3888 847 3948 Ex
874 3887 907 3949 S.
930 3887 1055 3949 Petro²
1077 3885 1161 3949 fides
1190 3899 1300 3951 nostra

235 4116 243 4138 ¹
258 4104 373 4169 Snaree,
387 4103 457 4172 disp.
477 4104 525 4168 lV,
535 4120 556 4155 s.
568 4104 633 4167 4-63
655 4102 741 4170 Lnge,
756 4100 827 4169 disp.
841 4101 884 4163 V;
905 4099 1012 4164 Kt'lber,
1027 4098 1069 4151 ed.
1086 4098 1195 4166 Migne‚
1212 4117 1238 4169 p.
1256 4112 1300 4169 543

191 4205 233 4256 sq,
244 4206 257 4254 ,·
270 4189 426 4256 Marcelle,
445 4206 471 4242 n.
487 4188 539 4255 677
559 4206 620 4258 sq.;
637 4205 663 4242 n.
678 4201 728 4257 727
744 4204 796 4257 sq.;
816 4188 994 4255 lioicqnz'llan,
1014 4206 1040 4241 n.
1059 4189 1091 4256 58
1111 4205 1152 4258 sq.
1158 4210 1165 4255 ;
1190 4191 1296 4256 Vacant,

175 4289 204 4325 u.
219 4274 277 4341 566
288 4293 329 4345 sq.
347 4308 384 4315 —
398 4279 528 4333 2lPerr.
549 4280 604 4348 ΙΙΙ,
623 4293 661 4348 15.
