2684 4634
205 186 262 237 DE
280 183 542 236 EXISTENTIA
559 182 701 233 TRIUM
721 179 1031 230 PERSONARUM.
1108 177 1168 228 189

57 364 178 434 oculos,
189 374 389 436 apparuerunt
402 364 428 422 ei
442 373 500 422 tres
513 361 564 420 viri
578 371 689 419 stantes
701 379 795 434 prope
809 379 890 431 eum;
909 378 985 432 quos
999 377 1066 418 cum
1080 358 1167 417 vidis-

58 457 115 516 Set,
130 452 262 510 cucurrit
275 451 305 508 in
318 469 475 509 occursum
489 467 592 508 eorum
606 448 644 506 de
658 449 734 505 ostio
747 447 939 518 tabernaculi,
952 457 981 505 et
994 447 1127 505 adoravit
1137 445 1166 502 in

58 547 172 594 terram
181 537 197 563 '³
211 539 289 610 (1-2).
329 538 468 611 Jamvero
481 536 564 594 multi
580 538 689 607 Patres,
706 536 869 608 praesertim
889 536 918 593 S.
935 534 1121 606 Augustinus
1139 544 1167 591 et

61 623 91 679 S.
108 624 305 694 Anrbrosius¹,
321 624 378 681 boc
392 623 560 695 intelligunt
573 625 611 683 de
624 624 862 682 manifestatione
875 623 1044 681 Trinitatis:
1064 621 1111 679 cui
1126 621 1166 677 in-

60 710 268 781 terpretationi
282 711 361 769 favet
376 711 518 781 Ecclesia,
532 711 613 782 dum,
630 720 697 782 post
710 710 830 769 relatam
845 711 923 767 hanc
936 710 1163 782 apparitionem,

61 796 153 854 dicit:
178 799 264 855 “tres
277 797 361 863 vidit,
375 806 404 856 et
418 815 511 854 unum
525 798 708 857 adoravit’'².

97 883 161 941 Sed
176 884 297 956 insuper
309 884 479 956 frequenter
491 884 521 940 in
536 886 685 958 Scriptura
698 895 951 944 commemoratur
963 885 1094 955 Angelus
1106 885 1167 941 Do·

62 967 143 1032 mani,
158 967 210 1038 qui
224 967 309 1024 variis
322 967 512 1025 sensibilibus
531 968 622 1040 signis
641 970 855 1042 manifestatur,
870 972 983 1029 scilicet
1001 971 1097 1028 forma
1114 971 1167 1027 hu·

62 1054 162 1123 mana,
180 1053 299 1110 flamma
312 1053 398 1125 ignis,
413 1052 544 1111 sensibili
558 1072 632 1112 voce
646 1065 714 1122 etc.,
730 1066 759 1113 et
772 1057 904 1129 seipsum
919 1058 1018 1115 Deum
1032 1075 1097 1115 esse
1117 1057 1166 1115 de·

61 1141 154 1197 clarat
167 1161 173 1196 :
187 1143 204 1170 “
213 1141 279 1211 Ego
287 1158 352 1197 sum
362 1141 445 1198 Deus
453 1141 595 1198 'Bethel...
629 1142 694 1214 Ego
703 1160 769 1200 sum
779 1145 830 1215 qui
842 1162 941 1201 sum...
981 1143 1166 1201 DeusAbra-

62 1227 142 1294 ham,
169 1228 252 1286 Deus
273 1228 426 1285 Isaac...''³
462 1229 555 1286 Porro
575 1228 709 1301 plerique
729 1231 838 1302 Patres,
861 1232 1022 1303 praesertim
1041 1227 1162 1302 antiqui,

61 1316 233 1373 docuerunt
246 1316 328 1373 illum
342 1316 492 1388 Angelum
505 1335 570 1375 esse
583 1318 714 1376 divinam
728 1337 896 1390 personam,
910 1337 927 1376 a
941 1321 1027 1378 Patre
1045 1320 1166 1377 missam

61 1403 196 1475 ideoque
208 1403 247 1460 ab
261 1403 306 1460 Eo
319 1403 495 1473 distinctam,
508 1404 681 1463 hominibus
694 1423 759 1464 sese
771 1407 1020 1473 manifestantem,
1033 1417 1064 1465 ut
1077 1408 1119 1464 sic
1127 1407 1167 1465 ad

61 1490 284 1547 Incarnationis
297 1489 469 1561 mysterium
482 1502 726 1563 praepararentur,
745 1493 838 1563 multi,
855 1494 1017 1565 praesertim
1032 1494 1163 1564 Veteres,

60 1579 207 1649 putarunt
220 1577 316 1635 solum
330 1577 462 1635 Verbum
482 1578 525 1634 sic
543 1580 725 1650 apparuisse,
740 1580 794 1638 sed
815 1579 846 1636 S.
862 1580 1046 1650 Augustinus
1064 1581 1167 1639 docuit

59 1675 126 1721 tum
141 1664 262 1730 Filium,
277 1674 341 1722 tum
355 1664 496 1736 Spiritum
512 1666 539 1722 S.
553 1683 639 1736 aeque
653 1665 814 1724 invisibiles
827 1685 892 1725 esse
905 1668 998 1725 oculis
1017 1668 1166 1741 corporeis

59 1769 96 1807 ac
110 1752 213 1823 ipsum
224 1752 351 1823 Patrem,
365 1761 423 1808 tres
433 1760 533 1808 autem
544 1751 659 1809 divinas
670 1769 812 1823 personas
821 1770 909 1824 posse
918 1753 974 1810 sub
982 1754 1166 1811 creatasimi-

60 1838 191 1896 litudine
204 1856 355 1910 apparere,
372 1847 401 1896 et
414 1837 532 1895 nonnisi
547 1856 582 1895 ex
595 1848 734 1897 contextu
748 1857 886 1910 quaenam
899 1858 935 1898 ex
948 1840 1055 1899 divinis
1069 1858 1166 1912 perso-

59 1925 108 1982 nis
121 1924 263 1984 distincte
275 1925 444 1997 apparuerit
456 1924 716 1983 determinandum
729 1932 814 1984 esset
853 1927 1010 1999 Quidquid
1023 1928 1067 1998 sit,
1082 1928 1111 1983 in
1121 1928 1166 1985 his

59 2013 255 2085 theophaniis
267 2012 418 2085 pluralitas
431 2012 569 2084 quaedam
584 2012 613 2069 in
627 2013 734 2071 divinis
747 2013 989 2072 adumbrabatur.

105 2177 155 2245 35.
201 2163 262 2246 (B)
280 2164 389 2245 Magis
404 2163 549 2226 dilucide
564 2162 711 2225 secunda
726 2184 877 2244 persona,
892 2184 911 2225 a
927 2165 1034 2246 prima
1051 2165 1165 2228 distin-

58 2265 127 2342 ἃᾶ,
143 2268 240 2348 eique
256 2268 441 2349 coaequalis,
454 2269 485 2329 in
504 2265 672 2328 nonnullis
689 2265 778 2342 locis,
789 2287 808 2327 a
821 2275 970 2349 tempore
987 2267 1166 2349 Propheta-

58 2391 144 2446 rum,
158 2370 228 2451 jam
244 2380 544 2434 commemoratur:
571 2370 739 2450 praecipua
760 2369 867 2432 solum
892 2390 1110 2448 recensemus,
1125 2372 1167 2433 de

59 2472 129 2533 illis
156 2472 258 2535 fusius
283 2473 368 2535 infra
391 2471 602 2556 disputaturi.
649 2472 687 2532 ln
709 2472 874 2533 psalmus
902 2473 969 2534 duo
990 2493 1162 2534 numeran-

58 2586 116 2639 tur
142 2571 279 2638 Domini
304 2577 404 2660 plane
428 2573 584 2650 distineri,
600 2595 740 2655 quorum
757 2595 842 2636 unus
861 2585 998 2654 generat
1015 2574 1166 2648 alterum,

58 2699 150 2741 unus
166 2681 260 2742 sedet
274 2680 317 2742 ad
333 2681 509 2742 dexteram
531 2678 685 2741 alterius:
712 2678 843 2741 “Filius
867 2698 960 2740 meus
984 2699 1020 2741 es
1041 2689 1086 2754 tu,
1101 2700 1165 2760 ego

58 2783 164 2845 hodie
180 2784 279 2863 genui
296 2794 362 2847 te...
380 2783 480 2845 Dixit
495 2782 661 2844 Dominus
679 2781 827 2843 Domino
845 2801 928 2855 me0,
945 2780 1023 2843 sede
1040 2801 1059 2842 a
1081 2782 1164 2842 dex·

58 2887 121 2948 tris
139 2884 258 2963 meis'';
285 2887 376 2968 atqui
390 2886 423 2948 in
435 2885 486 2948 his
499 2885 578 2948 locis
592 2885 808 2968 probabiliter
819 2885 937 2947 saltem
951 2894 1089 2966 apparet
1099 2905 1165 2947 non

59 2988 172 3050 solum
188 2975 368 3051 existentia
383 2989 538 3052 seeundae
554 3009 714 3071 personae,
730 2989 787 3049 sed
804 2987 905 3049 etiam
922 2987 993 3067 ejus
1010 2987 1166 3050 divinitas

59 3101 94 3154 et
110 3091 454 3170 consubstantialitas;
477 3112 554 3154 nam
572 3091 684 3166 Filius,
694 3091 750 3171 qui
767 3100 944 3170 generatur
960 3110 979 3151 a
993 3092 1098 3165 Patre,
1110 3092 1166 3153 de-

59 3195 117 3256 bet
135 3214 202 3255 non
219 3193 326 3257 solum
343 3194 386 3257 ab
401 3215 441 3256 eo
456 3194 626 3277 distingui,
641 3196 699 3256 sed
713 3195 813 3257 ctiam
827 3194 997 3275 possidere
1012 3196 1165 3257 eamdem

60 3306 216 3359 naturam
234 3316 271 3358 ac
288 3299 400 3375 Pater;
424 3306 458 3359 et
474 3317 576 3378 quum
594 3298 625 3359 in
644 3298 719 3359 Deo
743 3297 841 3380 unica
859 3295 903 3358 sit
926 3296 1090 3360 numerice
1109 3316 1164 3358 na-

59 3409 145 3474 tura,
160 3409 199 3469 ut
214 3409 307 3481 patet
322 3420 367 3463 ex
384 3399 496 3462 multis
513 3400 587 3462 aliis
604 3402 783 3482 Scripturae
801 3401 891 3476 lociS,
908 3397 1054 3482 perfecta
1069 3409 1165 3462 natu-

59 3525 104 3566 rae
122 3504 281 3567 identitas
299 3504 438 3567 inveniri
454 3504 554 3568 debet
571 3506 603 3566 in
622 3506 720 3567 Patre
735 3514 769 3567 et
786 3503 879 3566 Filio.

93 3758 101 3780 ¹
116 3751 147 3804 S.
161 3750 355 3820 Augustinus,
375 3751 412 3806 de
432 3751 530 3806 Trinit.
545 3753 562 3805 l.
580 3754 619 3818 ll,
633 3770 655 3806 c.
677 3767 767 3820 19·²03
787 3752 817 3805 S.
833 3751 1009 3817 Ambrosius,
1025 3753 1069 3804 De
1091 3751 1161 3803 Cain

58 3850 85 3892 et
98 3839 183 3905 Abel,
200 3839 222 3905 l,
236 3839 261 3892 8.

91 3932 102 3954 ²
116 3927 200 3980 Brev.
218 3926 301 3980 Rom.
318 3922 434 3978 Domin.
452 3923 611 3994 Quinquag.
622 3943 694 3996 resp.
712 3942 736 3979 2.
839 3989 840 3992 Ἴ

91 4011 188 4066 ³Gen.
205 4013 315 4081 XXXl,
334 4024 424 4080 1¹·133
442 4012 535 4066 Exod.
555 4014 610 4080 Ill,
624 4029 639 4066 2
653 4030 695 4082 sq.

90 4101 101 4132 ⁴
116 4099 147 4152 S.
161 4097 286 4168 August.
302 4097 339 4152 de
352 4095 453 4154 Trinit.
469 4098 515 4153 lib.
530 4116 556 4153 n.
571 4113 613 4169 35.
651 4101 693 4153 Cf.
710 4100 856 4165 Pedanius,
868 4101 885 4155 l.
898 4100 1013 4165 Vlll,c.
1026 4113 1053 4164 ²3
1073 4099 1164 4151 Fran·

55 4187 141 4252 aeliu,
152 4185 194 4241 th.
208 4186 237 4251 6;
254 4185 376 4256 Lr'ddou,
391 4186 454 4242 The
468 4185 596 4256 Divinity
610 4187 640 4241 of
651 4188 685 4240 Ο.
701 4187 784 4253 Lord,
797 4186 859 4240 leel.
875 4185 912 4247 II,
928 4205 953 4255 p.
970 4199 1000 4253 52
1015 4202 1058 4256 sq.

92 4271 164 4326 ⁵Ps.
185 4272 265 4340 11,7;
284 4272 361 4341 clx,
381 4287 432 4326 1·2.
448 4302 482 4311 -
496 4272 538 4327 Cf.
554 4274 586 4326 de
604 4272 687 4326 Verbo
700 4274 861 4339 lucarnam,
875 4291 900 4326 n.
916 4288 949 4343 34
965 4289 1004 4342 sq.
