2684 4634
191 156 258 230 582
635 159 775 209 cupur
792 159 844 206 ιν.

1183 272 1277 280 ν-ψ-ιι

189 335 381 415 proximum
405 334 591 415 diligamus.
616 336 657 397 Iu
679 336 750 398 suis
771 335 917 399 ultibus:
940 335 1034 401 ac‘tus
1059 337 1153 400 enim
1177 338 1282 419 quibus

190 437 245 499 ille
260 437 367 499 cultus
383 447 565 512 exercetur,
580 448 658 500 sunt
674 438 768 502 aelus
783 440 996 516 adorationis,
1013 442 1152 517 amoris,
1168 462 1284 522 repara-

191 541 290 602 tionis
313 549 347 601 et
373 540 507 620 insuper
534 541 730 603 imitationis
753 543 913 605 virtutum
940 562 1023 623 quas
1051 546 1207 609 excreuit
1233 545 1286 609 Cor

189 644 269 726 Jesu
285 664 292 719 ;
315 663 414 723 porro
430 642 475 704 illi
492 641 586 705 aelus
603 654 680 706 sunt
697 645 846 707 maxime
857 646 926 726 apti
939 647 980 709 ad
996 646 1183 711 fovendam
1197 650 1289 730 pieta·

191 755 280 822 tem;
307 765 395 819 nam,
410 755 446 807 ut
469 746 515 807 ait
542 745 830 827 Guliffet1,“sunt
854 757 963 810 autem
990 749 1073 825 haec,
1091 761 1128 813 ut
1153 762 1288 833 apparet,

149 919 153 924 ν
192 868 257 910 non
274 868 369 909 vanae
384 849 600 924 caeremoniae,
617 869 681 911 non
707 851 804 930 signa
826 871 930 913 vacua
954 852 1132 913 exterioris
1158 853 1288 934 pietatis,

191 971 257 1013 non
274 960 425 1013 ostentus
440 951 526 1027 vani,
542 953 646 1015 oculis
669 954 844 1016 hominum
869 955 1134 1036 perstringendis
1158 965 1217 1020 aut
1232 956 1289 1018 auri

191 1054 342 1136 populari
366 1054 541 1135 captandae
565 1059 836 1121 accommodati...
854 1056 975 1121 cuneta
997 1059 1169 1136 interiora,
1186 1059 1290 1125 cuncta

192 1155 314 1232 saneta,
330 1155 449 1220 cuneta
465 1158 590 1239 pietate
605 1158 785 1222 christiana
801 1159 1019 1241 dignissima3
1042 1162 1131 1224 adeo
1147 1171 1194 1237 ut,
1209 1163 1240 1223 in
1257 1181 1289 1223 eo
1326 1214 1332 1229 .,

192 1264 326 1343 quidem
343 1282 471 1343 genere,
488 1261 567 1324 nihil
592 1262 759 1338 sincerius
776 1261 857 1327 nihil
879 1262 1026 1341 solidius,
1041 1264 1125 1326 nihil
1143 1263 1289 1337 sanetius,

192 1366 272 1428 nihil
299 1366 373 1427 Deo
398 1386 435 1426 ac
461 1365 594 1428 Christo
622 1366 698 1445 Jesu
723 1366 857 1447 dignius
881 1386 953 1428 esse
977 1386 1076 1447 posse
1099 1368 1252 1430 videatur
1268 1367 1287 1428 ”.
1329 1418 1332 1427 .

192 1469 233 1530 Iu
248 1469 318 1530 sutis
331 1468 500 1548 effectibus,
517 1488 595 1529 nam
619 1466 757 1531 effeetus
781 1468 868 1531 illius
891 1469 1080 1531 devotionis
1100 1481 1182 1533 sunt
1197 1471 1288 1532 abun·
1326 1434 1332 1545 l

192 1572 360 1634 dantiores
377 1570 493 1650 gratiae
516 1570 557 1631 ad
583 1569 822 1650 proficiendum
840 1571 872 1632 in
890 1591 1003 1634 amore
1020 1572 1095 1647 Dei,
1111 1581 1146 1636 et
1162 1573 1287 1635 caritate
1328 1602 1332 1667 1

192 1695 270 1756 erga
293 1674 508 1755 proximum:
535 1673 709 1753 siquidem,
726 1673 934 1754 experientia
957 1683 1052 1750 teste,
1072 1681 1132 1756 per
1160 1676 1286 1738 medita·
1330 1678 1332 1699 ²

193 1781 319 1842 tionem
343 1776 480 1839 infinitae
505 1777 652 1839 caritatis
682 1777 815 1853 Christi,
839 1798 896 1839 cor
920 1778 1058 1840 caritate
1085 1777 1284 1840 accenditur:
1326 1792 1332 1937 Ι

193 1891 392 1964 peccatores,
410 1874 645 1942 cdntritionem
662 1890 696 1942 et
712 1890 924 1961 peccatorum
943 1881 1205 1944 detestationem
1224 1898 1284 1942 suo-

131 1985 134 1991 ’
194 2006 265 2048 rum
282 1984 483 2064 concipiunt,
496 1983 578 2063 justi
604 1984 647 2045 ad
672 1983 834 2062 majorem
857 1982 1019 2046 servorem
1043 1985 1232 2060 incitantur,
1244 2003 1282 2044 sa-

194 2090 344 2150 cerdotes
362 2087 433 2148 zelo
448 2087 635 2149 animarum
652 2086 881 2148 accenduntur
901 2095 935 2148 et
955 2088 1208 2150 conversionem
1224 2105 1283 2168 pcc-

193 2200 343 2253 catorum
369 2189 534 2251 efficacius
561 2198 770 2271 promovent.
816 2189 917 2252 Unde
941 2188 1028 2251 Pius
1052 2190 1120 2265 IX,
1144 2191 1178 2252 in
1205 2187 1282 2252 Brevi

195 2293 456 2356 Beatificationis
474 2294 509 2354 B.
528 2293 720 2372 Margaritae
737 2292 838 2356 dicit:
862 2292 1015 2373 “Ecquis
1040 2300 1112 2354 tam
1136 2293 1237 2355 durus
1255 2309 1282 2351 ac

195 2398 317 2458 ferreus
333 2397 375 2458 sit
391 2397 470 2475 quin
488 2404 660 2457 moveatur
676 2397 718 2457 ad
736 2396 976 2457 redamandum
995 2395 1061 2458 Cor
1076 2396 1159 2458 illud
1177 2393 1282 2458 suavis·

194 2503 325 2576 simum,
341 2501 461 2561 idcirco
476 2498 677 2560 transfixum
694 2520 732 2560 ac
748 2499 958 2560 vulneratum
975 2500 1100 2574 lancea,
1116 2509 1155 2562 ut
1170 2501 1284 2562 animus

196 2605 239 2666 ibi
256 2613 369 2666 noster
385 2604 555 2683 quoddam
580 2603 670 2681 quasi
696 2601 870 2664 latibulum
895 2623 933 2665 ac
956 2601 1145 2683 perfugium
1170 2603 1286 2672 habeat,

194 2729 261 2789 quo
277 2728 312 2769 se
328 2709 371 2769 ab
387 2707 533 2769 hostium
552 2707 739 2768 incursione
755 2707 892 2786 recipiat
909 2727 947 2768 ac
964 2713 1096 2768 tueatur
1108 2706 1153 2777 ''?.

238 2845 306 2908 266.
356 2856 390 2921 30
419 2843 604 2904 Solvuntur
631 2842 835 2923 difficultates
850 2864 862 2903 .·
899 2840 1066 2921 Odyi'cz'uut
1101 2840 1289 2920 Jansenistae

195 2946 254 3025 (A)
270 2946 395 3007 cultum
415 2944 474 3008 SS.
492 2944 610 3007 Cordis
626 2965 698 3006 esse
715 2965 834 3005 novum
858 2965 896 3005 ac
920 2945 1059 3025 proinde
1075 2945 1291 3024 rejiciendum.

195 3048 289 3126 Resp.
324 3047 384 3108 Ille
400 3047 508 3108 cultus
522 3069 588 3109 non
602 3058 652 3110 est
663 3069 778 3121 novus
789 3049 847 3109 sed
863 3050 895 3110 in
908 3069 969 3110 suo
982 3046 1115 3128 obje&o
1126 3047 1295 3128 spirituali,

142 3133 145 3140 Δ
196 3159 359 3229 quatenus
376 3150 483 3212 cultus
500 3153 622 3212 amoris
640 3152 742 3213 divini
760 3161 793 3212 et
809 3152 949 3212 humani
964 3152 1053 3232 Jesu,
1063 3151 1135 3230 jam
1152 3172 1173 3213 a
1188 3151 1296 3233 primis

197 3252 357 3335 Ecplesiae
372 3254 507 3322 ,saeculis
530 3255 657 3334 viguit:
682 3255 825 3334 insuper,
842 3256 873 3316 in
897 3275 958 3316 suo
979 3251 1113 3335 objetto
1130 3254 1297 3326 matenulz',

195 3366 360 3436 quatenus
377 3357 484 3418 cultus
501 3358 569 3418 sive
586 3357 758 3420 vulnerum
776 3357 909 3433 Christi,
925 3359 994 3420 sive
1016 3359 1203 3439 praesertim
1226 3359 1299 3422 Cor-

196 3462 248 3523 dis
270 3461 407 3541 physici,
431 3481 450 3521 a
477 3461 592 3522 lancea
614 3460 785 3536 vulnerati,
807 3462 877 3541 jam
898 3461 941 3522 ab
959 3462 1054 3523 initio
1077 3482 1144 3523 non
1165 3464 1301 3524 omnino

197 3566 331 3644 ignotus
356 3564 425 3638 fuit,
441 3574 478 3626 ut
501 3573 633 3626 constat
655 3584 699 3624 ex
721 3562 816 3626 Actis
840 3565 1049 3645 Martyrum;
1076 3564 1190 3626 medio
1209 3567 1303 3636 AEvq

196 3668 338 3747 sparsim
355 3667 468 3728 floruis
484 3667 517 3728 in
535 3667 648 3728 multis
661 3668 969 3744 communitatibus,
979 3676 1016 3730 ut
1026 3676 1160 3730 constat
1168 3689 1215 3731 ex
1228 3689 1303 3751 ope-

196 3770 287 3831 ribus·
316 3769 347 3832 S.
374 3770 529 3831 Bernardi
557 3779 591 3830 et
619 3769 650 3832 S.
677 3770 921 3831 Bonaventurae
946 3790 1076 3832 necnon
1100 3791 1146 3833 ex
1174 3772 1304 3852 scriptis

199 3873 230 3935 S.
260 3872 473 3945 Melchrildis,
498 3868 672 3935 Gertru'dis
696 3872 902 3953 aliarumque
930 3872 990 3937 SS.
1008 3874 1189 3954 Virginum
1203 3897 1212 3951 ;
1236 3885 1305 3937 tan-

194 3974 274 4035 dem
292 3995 311 4034 a
327 3973 450 4035 saeculo
467 3974 581 4048 XVII,
594 3975 868 4054 promoventibus
886 3975 920 4036 B.
934 3975 1117 4056 Margarita
1132 3975 1307 4058 Alacoque

195 4089 230 4138 et
255 4078 352 4138 Patre
377 4078 499 4151 Eudes,
517 4077 573 4137 illa
595 4078 731 4139 devotio
755 4078 873 4138 mirum
900 4078 932 4138 in
958 4078 1095 4139 modum
1120 4089 1307 4161 propagata

233 4246 240 4267 ¹
257 4253 379 4319 Guliffet,
392 4270 436 4321 op.
451 4254 498 4306 cit.
514 4255 531 4306 l.
550 4254 590 4321 11,
603 4270 627 4307 c.
640 4267 666 4319 4.
