2684 4634
195 184 264 236 460
412 236 415 242 ,
650 186 789 238 CAPUT
807 187 848 236 ΙΙ.

194 379 312 433 natura
334 370 479 432 humana
502 379 553 433 est
577 370 751 433 intrinsece
768 371 801 432 in
819 371 932 434 Verbo
947 371 1072 446 divino,
1088 379 1127 432 ut
1144 369 1226 431 fides
1241 370 1291 431 do·

193 481 254 547 cet,
270 481 302 535 et
319 472 451 534 aliunde
468 492 534 533 non
551 472 694 553 pertinet
710 473 752 535 ad
770 482 968 554 conceptum
985 493 1042 535 seu
1060 474 1102 535 ad
1121 472 1290 535 essentiam

193 576 314 638 divinae
330 584 478 655 naturae,
501 595 580 656 ergo
596 577 708 640 unitur
723 577 836 640 Verbo
852 578 885 638 in
902 581 1043 660 persona
1055 576 1081 640 ''.

274 741 290 829 ᾗ
316 744 359 809 ΙΙ.
387 743 443 805 Du
467 757 734 809 consumimus
759 759 918 811 umorus
943 760 1219 809 Hunosrhrlcm.

237 893 475 955 Demonstrata
491 891 670 954 existentia
695 892 825 959 unionis
848 892 1078 973 hypostaticae,
1094 902 1244 954 remanet
1259 901 1289 954 ut

192 996 383 1059 evolvamus
406 994 475 1075 ejus
499 991 711 1069 consectaria,
727 1004 765 1057 ut
787 995 834 1056 sic
858 995 975 1057 melius
999 994 1152 1058 Christus
1175 1015 1288 1076 cogno

193 1109 302 1162 scatur
314 1124 322 1180 ;
345 1095 549 1160 consedtaria
571 1106 684 1160 autem
708 1099 888 1180 respiciunt
912 1119 1083 1161 numerum
1098 1108 1288 1160 naturarum

192 1212 223 1264 et
243 1202 446 1264 voluntatum
471 1200 503 1262 in
527 1199 668 1278 Christo,
689 1200 760 1282 ejus
767 1200 975 1283 filiationem,
998 1211 1031 1264 et
1053 1202 1193 1264 tandem
1218 1202 1288 1264 idio·
1332 1188 1334 1255 ἐ

192 1315 317 1367 matum
332 1303 658 1367 communicationem.
1332 1274 1334 1357 l

234 1455 281 1519 91.
331 1441 354 1504 Ι.
370 1440 456 1503 Duce
469 1450 548 1502 suut
561 1440 596 1502 in
611 1439 739 1506 Christo
751 1450 878 1504 naturce
890 1441 1023 1504 realiter
1032 1441 1204 1520 distinctu,
1217 1445 1288 1506 iute-

186 1553 301 1625 gruel
316 1543 537 1624 impermixta,
549 1543 647 1605 etium
657 1553 734 1624 post
748 1543 906 1618 unionem,
919 1543 985 1606 scil.
996 1554 1117 1607 natura
1134 1546 1247 1608 divina
1261 1556 1289 1609 et

192 1657 310 1710 natura
325 1645 479 1708 humana.
525 1645 577 1709 De
581 1645 653 1727 fide
668 1656 722 1724 est,
738 1656 855 1709 contra
879 1647 1118 1730 Eutychianos,
1139 1669 1197 1711 seu
1223 1649 1289 1711 Mo

193 1748 397 1830 nophysitas,
413 1769 457 1810 ex
476 1747 508 1812 C.
528 1747 669 1812 chalced.
684 1748 754 1829 jam
772 1749 883 1812 citato.

239 1865 270 1914 10
285 1851 458 1914 Probatur.
496 1850 555 1932 (A)
573 1849 690 1932 Script.
731 1852 786 1913 Ex
804 1851 888 1914 thesi
904 1852 1105 1934 praecedenti
1123 1853 1212 1917 circa
1227 1857 1288 1918 exi·

191 1954 345 2018 stentiam
371 1953 501 2016 unionis
524 1953 753 2034 hypostaticae,
775 1954 925 2018 Christus
948 1963 998 2018 est
1021 1955 1121 2019 simul
1147 1957 1241 2022 Deus
1263 1969 1291 2022 et

190 2058 300 2134 homo,
323 2057 424 2120 etiam
448 2065 524 2137 post
549 2056 723 2136 unionem;
757 2056 849 2137 atqui
874 2074 940 2118 non
968 2067 1081 2139 potest
1104 2079 1177 2122 esse
1201 2082 1290 2124 verus

191 2161 284 2223 Deus
307 2159 368 2222 nisi
392 2178 502 2221 veram
528 2157 758 2240 integramque
782 2168 933 2222 naturam
950 2159 1100 2224 divinam
1116 2163 1292 2244 possideat,

190 2263 270 2326 item
287 2283 352 2324 non
374 2271 483 2344 potest
508 2282 580 2324 esse
602 2282 699 2324 verus
722 2261 832 2338 hom0‚
848 2262 910 2324 nisi
935 2270 1087 2326 naturam
1112 2263 1291 2329 humanam

188 2365 312 2427 habeat
336 2365 522 2445 integram;
546 2373 754 2446 supponatur
777 2365 865 2426 enim
890 2364 1071 2428 humanam
1096 2377 1253 2432 naturam
1276 2391 1293 2432 a

191 2467 364 2531 divinitate
384 2467 484 2529 fuisse
503 2468 704 2550 absorptam,
722 2468 873 2531 Christus
897 2460 963 2530 non
984 2478 1034 2532 est
1050 2490 1147 2533 verus
1171 2471 1292 2548 homo,

191 2573 217 2633 si
235 2581 348 2633 contra
365 2571 477 2633 divina
501 2580 619 2634 natura
643 2572 675 2632 in
700 2571 881 2633 humanam
907 2581 1127 2649 convertatur,
1144 2574 1293 2640 Christus

188 2677 258 2757 jam
282 2695 348 2735 non
373 2683 423 2736 est
447 2674 539 2735 Deus
553 2699 560 2754 ;
587 2675 613 2735 si
642 2683 782 2755 utraque
806 2683 924 2736 natura
947 2675 1214 2755 commisceatur,
1237 2683 1294 2759 vel,

191 2800 282 2843 more
302 2778 447 2859 corporis
471 2787 505 2839 et
528 2779 657 2853 animae,
674 2779 808 2840 unicum
832 2778 1054 2859 compositum
1079 2779 1213 2859 efficiat,
1227 2785 1293 2865 jam

191 2883 341 2948 Christus
358 2900 417 2943 nec
435 2881 527 2942 Deus
545 2902 604 2943 nec
625 2881 727 2942 homo
743 2882 813 2957 erit,
829 2880 887 2942 sed
904 2882 1039 2944 tertium
1063 2883 1153 2963 quid,
1171 2906 1192 2947 a
1216 2890 1294 2951 duo-

191 2988 251 3049 bus
268 2985 546 3066 componentibus
563 2983 718 3045 differens
733 3006 739 3061 ;
760 3004 839 3064 ergo
859 2994 1008 3046 remanet
1024 2994 1060 3048 ut
1075 2986 1294 3054 duae-naturae

191 3086 356 3152 distinctae
372 3096 405 3149 et
422 3088 559 3168 integrae
576 3088 642 3149 sint
659 3096 735 3168 post
751 3087 918 3151 unionem.
1012 3110 1018 3124 ·

146 3239 150 3245 ·
224 3241 265 3295 9²·
305 3221 353 3290 (Β)
370 3218 497 3277 Tradit.¹
517 3219 556 3289 (a)
571 3219 696 3290 Antiqui
716 3220 816 3276 Patres
836 3219 1002 3277 doctrinam
1023 3184 1154 3276 nostram
1174 3222 1294 3281 tradunt

190 3307 348 3367 asserendo
362 3323 454 3362 uuum
468 3306 669 3377 eumdemque
688 3305 838 3363 Christum
858 3323 922 3363 esse
941 3305 1028 3362 simul
1043 3305 1143 3363 Deum
1158 3318 1189 3364 et
1202 3308 1293 3366 homi·

191 3416 278 3462 nem;
298 3396 337 3452 ita
351 3415 375 3450 v.
392 3412 419 3465 g.
443 3393 472 3450 S.
481 3394 639 3468 Justinm²
652 3394 693 3450 ait
710 3394 839 3466 “Jesum
853 3393 1005 3452 Christum
1019 3410 1084 3451 esse
1103 3393 1227 3452 Verbum
1231 3397 1292 3468 sor·

191 3493 300 3541 matum
314 3492 343 3539 et
355 3481 495 3538 horm'nem
501 3481 618 3552 sallum
629 3480 645 3505 ’⁷
654 3502 667 3547 ,·
681 3481 710 3538 S.
723 3481 852 3538 Irenaeus
865 3479 1001 3537 scribit³z
1023 3482 1043 3509 “
1052 3480 1187 3553 Joannes
1201 3501 1292 3541 uuum

190 3581 220 3628 et
237 3569 378 3627 eumdem
397 3568 479 3624 novit
492 3567 624 3625 Verbum
637 3567 711 3646 Dei,
728 3577 756 3624 et
776 3567 856 3624 hunc
875 3585 940 3625 esse
958 3566 1156 3640 unigenitum,
1172 3581 1203 3627 et
1216 3570 1293 3627 hunc

191 3658 372 3713 incarnatum
399 3672 463 3712 esse
489 3672 543 3727 pro
568 3644 667 3712 salute¹
686 3654 786 3711 nostrai
811 3654 836 3726 J.
865 3655 902 3709 X.
932 3654 1095 3711 Dominum
1122 3658 1293 3728 nostrum’';

192 3745 221 3802 S.
237 3743 366 3815 Ephrem
381 3743 462 3813 (orat.
476 3742 514 3799 de
528 3759 618 3812 marg.
635 3744 723 3814 pret.)
738 3762 744 3798 τ
763 3744 780 3770 “
793 3741 955 3799 Perfectum
975 3741 1065 3799 habet
1077 3740 1232 3814 duplicem
1246 3764 1292 3802 na·

190 3842 292 3901 turam,
310 3849 347 3888 ne
360 3830 434 3887 duas
448 3830 559 3902 perdat.
595 3829 701 3900 Neque
711 3830 791 3886 enim
802 3830 831 3885 in
842 3829 901 3886 uua
915 3828 978 3886 sola
992 3829 1095 3886 naturai
1109 3820 1195 3888 Deus
1209 3851 1294 3906 super

190 3929 294 3976 terram
308 3928 352 3975 est
365 3917 443 3974 visus
455 3939 462 3984 ;
482 3933 580 3988 neque
593 3917 623 3972 in
636 3917 727 3973 altera
739 3917 802 3974 sola
815 3917 907 3973 homo
921 3917 950 3972 in
963 3916 1056 3974 coelos
1068 3917 1207 3978 ascendit
1222 3942 1228 3977 :
1247 3939 1294 3978 ve·

189 4025 252 4063 rum
268 4005 415 4078 perfectus
428 4023 462 4062 ex
476 4004 617 4077 perfecto
633 4005 725 4060 homo
742 4023 778 4061 ex
796 4004 927 4074 homine,
943 4005 1024 4062 Deus
1036 4022 1073 4062 ex
1087 4004 1162 4077 De0,
1180 4025 1218 4065 ex
1231 4009 1293 4065 Vir·

220 4206 229 4229 ¹
243 4197 283 4252 Cf.
297 4197 445 4265 Pelavt'us,
462 4196 478 4250 l.
496 4196 554 4260 ΙΙΙ,
569 4211 594 4248 c.
609 4195 676 4262 oq,
696 4194 842 4260 Sieulrup,
858 4192 895 4245 th.
911 4194 952 4256 46.

211 4282 357 4361 ²Apolog.
378 4289 419 4355 ΙΙ,
437 4306 463 4342 n.
482 4304 523 4358 13.
538 4318 573 4325 -
586 4291 597 4322 ³
612 4284 659 4337 hd
670 4280 793 4345 lleer.,l.
804 4280 867 4342 ΙΙΙ,
878 4294 904 4329 e.
920 4278 962 4327 ΙΙΙ.
