2684 4634
641 165 779 215 CAPUT
796 166 838 215 11.

193 343 317 404 tuimus
337 344 496 406 attributa
515 344 630 406 divina
651 366 705 408 uec
723 346 763 408 ab
781 345 917 408 esseutitt
936 367 990 408 uec
1008 345 1096 408 iuter
1110 367 1144 408 se
1162 345 1289 408 realiter

192 447 362 529 distingui,
374 449 433 511 sed
443 448 636 512 virtualiter.
687 489 689 493 <
958 449 969 482 l

194 550 244 630 (a)
262 549 391 612 Certum
407 561 455 613 est
467 553 631 632 imprimes
652 553 811 615 attributa
833 552 947 614 diviua
965 573 1019 615 uec
1033 552 1074 614 ab
1088 549 1226 616 esseutid
1242 572 1292 613 uec

194 654 280 716 iuter
300 675 333 716 se
354 655 486 717 realiter
504 656 642 735 difflrre.
688 657 777 718 Nam
800 657 834 718 in
858 656 967 720 Sacris
991 656 1127 719 Litteris
1150 655 1292 718 essentia

194 757 306 818 divina
322 768 356 820 et
371 758 530 821 attributa
545 759 587 823 de
603 779 638 820 se
656 759 796 820 invicem
817 760 1041 839 praedicantur
1055 760 1088 821 in
1104 755 1292 822 abstrabto:

194 860 299 940 “Ego
315 859 487 942 Sapientia
509 861 625 923 habito
640 862 672 922 in
689 862 849 923 consilio1
865 884 872 938 ;
895 853 987 925 Deus
1010 862 1070 925 lux
1093 870 1183 924 est
1203 861 1293 923 Deus

194 962 313 1024 caritas
328 972 404 1026 est2
420 985 427 1040 ;
449 964 524 1046 Ego
539 985 611 1026 sum
628 965 691 1040 via,
707 966 826 1028 veritas
842 974 875 1027 et
890 965 959 1027 vita
970 965 1011 1020 ”3
1026 989 1033 1045 3
1056 964 1149 1045 atqui
1164 965 1192 1025 si
1209 971 1294 1025 esset

195 1063 364 1128 distinctio
380 1068 474 1129 realis
490 1069 575 1130 inter
586 1068 764 1130 essentiam
780 1078 814 1130 et
829 1068 989 1130 attributa
1002 1067 1124 1142 divina,
1136 1087 1204 1129 non
1221 1087 1294 1149 pos-

195 1178 270 1231 sent
284 1170 326 1232 de
342 1191 377 1232 se
393 1172 532 1233 invicem
555 1171 737 1252 praedicari,
752 1192 809 1234 seu
833 1169 1036 1234 identificari.
1083 1171 1173 1233 Hinc
1189 1169 1295 1251 Euge-

193 1272 272 1334 ·nius
299 1273 363 1334 III
389 1273 421 1335 in
453 1275 553 1337 Cone.
580 1274 736 1336 Remeusi
763 1294 905 1337 errorem
939 1274 1079 1337 Gilberti
1106 1274 1158 1335 his
1187 1272 1296 1335 verbis

196 1375 412 1437 damnavit4:
437 1375 637 1439 “Credimus
660 1385 694 1438 et
720 1376 917 1439 confitemur
939 1377 1124 1458 simplicem
1141 1384 1296 1438 naturam

196 1480 380 1542 divinitatis
395 1500 468 1542 esse
484 1481 604 1557 Deum,
620 1501 680 1542 nec
696 1481 808 1562 aliquo
828 1501 927 1543 sensu
946 1480 1110 1543 catholico
1126 1500 1227 1561 posse
1242 1499 1296 1540 ne-

195 1583 267 1664 gari
282 1583 362 1663 quin
377 1582 550 1645 Divinitas
563 1583 609 1645 sit
622 1584 721 1660 Deus,
736 1594 766 1645 et
780 1583 870 1650 Deus
884 1583 1046 1646 diviuitas
1055 1583 1079 1646 ’'.

197 1687 248 1767 (b)
267 1685 488 1749 Communiter
501 1696 626 1748 terretur
641 1687 757 1748 diviua
777 1686 937 1749 attributa
957 1685 997 1748 ab
1018 1685 1153 1748 assentiri
1169 1695 1202 1747 et
1216 1685 1301 1748 inter

196 1812 229 1852 se
243 1789 428 1851 virtualiter
444 1788 612 1869 distingui.
659 1790 747 1851 Nam
764 1790 797 1850 in
816 1790 996 1871 Scripturis
1012 1790 1104 1852 Deus
1120 1788 1300 1851 exhibetur

198 1902 234 1956 ut
249 1892 385 1955 diversis
408 1892 576 1954 attributis
599 1901 744 1978 ornatus
759 1893 827 1954 imo
852 1893 1009 1974 opposita
1034 1893 1076 1954 de
1099 1891 1156 1953 illo
1179 1891 1301 1972 praedi-

197 2005 338 2058 cantur:
365 1993 484 2057 dicitur
506 1995 595 2057 enirn
616 1995 725 2075 justus
751 2004 785 2056 et
804 1995 1000 2071 misericors,
1018 2014 1156 2076 parcens
1177 2003 1218 2056 <et
1240 2014 1301 2076 pu-

199 2101 300 2173 niens
315 2107 375 2158 etc.
420 2096 516 2177 “Qui
532 2097 612 2159 facis
628 2097 886 2160 misericordiam
911 2099 944 2158 in
968 2098 1124 2174 millibus
1139 2106 1173 2160 et
1189 2098 1300 2160 reddis

199 2203 408 2283 iniquitatem
425 2208 556 2280 patrum
573 2201 606 2261 in
623 2200 731 2261 sinum
749 2199 889 2262 filiorum
906 2221 1020 2264 eorum
1040 2210 1116 2283 post
1134 2221 1214 2264 eos:
1237 2200 1302 2262 for-

198 2307 334 2379 tissime,
344 2323 465 2384 magne
474 2312 508 2365 et
517 2312 645 2385 potens,
657 2303 823 2367 Dominus
834 2305 1041 2368 exercituum
1054 2325 1176 2368 nomen
1188 2304 1300 2396 tibi''⁵3

199 2409 291 2490 atqui
318 2407 398 2469 illud
423 2405 491 2467 fieri
520 2407 635 2487 nequit
664 2407 726 2467 nisi
755 2405 1008 2471 fundamentum
1036 2407 1216 2471 haberetur
1242 2429 1302 2490 pro

199 2514 296 2577 variis
312 2512 400 2573 hisce
417 2510 696 2592 appellationibus
710 2532 717 2587 ;
736 2530 822 2590 ergo.

244 2618 373 2678 Revera
389 2610 559 2675 distinctio
574 2612 722 2674 virtualis
738 2633 777 2674 ea
793 2622 843 2675 est
859 2634 934 2693 quae
949 2613 1170 2677 fundamento
1186 2615 1301 2676 nititur

200 2724 232 2784 in
256 2741 290 2782 re
313 2720 406 2800 ipsa;
433 2717 525 2797 atqui
548 2716 614 2778 tale
641 2714 895 2778 fundamentum
924 2718 956 2778 in
983 2718 1059 2780 Deo
1081 2718 1208 2794 existit,
1224 2738 1297 2780 nam

200 2825 312 2888 divina
328 2831 455 2896 natura,
471 2829 605 2901 propter
621 2838 715 2881 suam
732 2818 940 2897 intinitatem,
952 2821 1130 2901 aequivalet
1145 2821 1299 2884 omnibus

200 2924 456 3011 perseitionibus
471 2945 545 3004 quae
562 2925 594 2985 in
611 2924 769 2985 creaturis
781 2922 913 2985 divisim
924 2925 1140 3005 reperiuntur,
1151 2934 1186 2987 et
1198 2945 1297 3008 quum

201 3032 346 3093 diversos
362 3024 498 3088 effertus
515 3024 556 3087 ad
574 3035 670 3088 extra
686 3024 856 3105 producat,
868 3027 1014 3089 diversas
1030 3027 1169 3090 exhibet
1185 3039 1298 3109 poten-

201 3134 264 3196 tias
286 3130 459 3209 variasque
482 3128 656 3190 relationes
680 3148 754 3189 cum
779 3128 936 3191 creaturis
954 3129 1092 3193 obtinet.
1139 3131 1241 3213 Quod
1256 3131 1299 3192 sic

201 3235 346 3298 declarat
371 3232 404 3294 S.
427 3231 612 3293 tuomum:
636 3232 787 3296 “Omnia
810 3234 902 3294 'enim
929 3233 1120 3314 hujusmodi
1147 3234 1300 3298 dicuntur

201 3339 242 3400 de
260 3339 334 3399 Deo
349 3344 382 3397 et
397 3335 554 3396 creaturis
578 3355 643 3396 non
667 3335 843 3415 aequivoce,
859 3336 918 3398 sed
940 3337 1121 3400 secundum
1138 3338 1298 3400 rationem

201 3439 370 3519 analogiae.
419 3437 520 3500 Unde
543 3458 617 3499 cum
642 3439 675 3499 in
699 3441 848 3501 creatura
871 3440 955 3502 ratio
978 3441 1150 3523 sapientiae
1171 3461 1240 3504 non
1260 3442 1300 3504 sit

202 3668 305 3722 animal
318 3666 455 3720 rationale
469 3684 475 3719 :
494 3682 557 3718 nam
570 3682 587 3717 a
596 3669 680 3733 parte
691 3666 736 3717 rei
746 3666 823 3718 nulla
835 3666 992 3721 differentia
1012 3666 1106 3721 existit
1125 3667 1199 3721 inter
1214 3667 1301 3722 homi·

202 3773 267 3810 nem
279 3764 307 3807 et
320 3754 424 3806 animal
437 3753 584 3806 rationale.
623 3754 694 3805 Haec
712 3754 898 3807 communiter
916 3755 1104 3809 admittuntur
1116 3774 1123 3820 ;
1139 3755 1192 3810 sed
1205 3757 1302 3810 Scotus

202 3843 286 3896 aliam
299 3850 434 3909 praeterea
447 3838 657 3892 distindtionem
674 3839 780 3891 invenit
796 3856 881 3908 quam
896 3851 979 3895 vocat
988 3842 1143 3912 formalem
1158 3843 1301 3906 alluvlem,

202 3945 265 3999 quae
278 3927 371 3981 existit
383 3927 454 3978 inter
466 3926 558 3977 varias
572 3926 755 3978 formalitates
768 3926 849 3978 unius
862 3937 890 3980 et
903 3928 1031 3995 ejusdem
1044 3928 1092 3981 rei.
1124 3929 1169 3982 De
1182 3928 1227 3982 his
1240 3928 1303 3980 vide

204 4013 401 4068 Praelettiones
414 4013 633 4081 philosophicas.

238 4102 344 4153 ¹Prov.
360 4100 442 4162 Vlll‚
460 4113 497 4150 12.
512 4099 668 4165 —2lJ0a.
687 4100 707 4162 Ι,
724 4110 756 4165 5;
777 4099 824 4165 IV,
838 4101 862 4152 8.
880 4103 1002 4169 -3J0u.
1019 4103 1098 4167 XIV,
1111 4101 1135 4154 6.
1150 4101 1303 4171 -4Apud

205 4187 301 4252 Lubbe,
311 4187 444 4251 Concilia,
454 4198 472 4240 t.
487 4189 522 4254 X,
539 4204 564 4254 p.
582 4187 655 4239 1108.
668 4188 824 4254 —⁵Jereuz.
836 4189 962 4256 XXXII,
977 4190 1015 4240 18.
1030 4219 1064 4226 -
1073 4187 1104 4240 6Ι
1120 4186 1194 4242 Dist.
1203 4189 1302 4250 XXll,

203 4295 229 4346 q.
246 4293 305 4342 1,a.
320 4289 335 4340 3
349 4275 385 4327 ad
398 4293 423 4340 4.
718 4274 719 4277 ’
