2684 4634
277 168 333 217 DE
351 166 568 222 MYSTERIO
587 166 938 217 INGARNATIONIS.
1089 164 1155 213 463

60 284 994 294 *m*

58 348 92 410 in
110 370 152 410 eo
168 351 376 414 admittenda
392 361 449 414 est
499 352 588 413 Hinc
604 349 743 430 intelligi
760 350 857 411 datur
873 348 1042 427 quomodo
1059 368 1077 407 a
1096 348 1155 408 Pa-

57 453 166 515 tribus
197 448 318 534 triplex
349 456 579 536 operationum
610 474 713 535 genus
745 452 924 532 aliquando
959 451 991 511 in
1024 450 1155 514 Christo

57 555 284 638 distinguatur
306 559 430 633 divina,
448 559 593 620 humana
619 567 653 619 et
680 556 889 619 theandrica:
905 553 1093 634 “siquidem
1118 565 1155 616 ut

57 657 151 721 Deus
167 670 296 724 tantum
313 662 520 744 operabatur,
536 660 670 741 quando
693 660 813 722 absens
836 657 1034 719 centurionis
1051 656 1153 718 tilium

57 764 202 827 sanabat
217 765 380 847 (operatio
395 765 539 845 divina),
558 773 594 826 ut
613 764 705 826 homo
726 773 865 837 tantum,
882 762 941 823 etsi
963 761 1054 823 Deus
1077 771 1154 836 erat,

56 868 194 944 quando
207 868 403 931 comedebat
415 878 448 931 et
461 867 652 932 tristabatur
666 865 827 948 (operatio
839 865 1009 944 lzurrrana);
1020 865 1153 926 mixtim

57 978 172 1032 autem
188 971 387 1051 operabatur
402 972 565 1046 miracula,
577 972 658 1033 coeci
671 969 783 1049 oculos
796 969 966 1032 illiniendo
979 969 1154 1031 restituens

59 1068 229 1157 (operatio
244 1075 429 1138 theandrico
444 1096 502 1138 seu
517 1074 692 1154 deivirilis)
704 1087 723 1135 1.

91 1205 133 1274 9⁶·
174 1207 292 1264 20Solo.
307 1208 494 1280 dffcultatcs.
527 1209 575 1278 (A)
589 1207 736 1279 ObJ'icitur
746 1206 867 1278 quidem
880 1206 1046 1262 Honon‘um
1059 1207 1154 1277 dupli-

57 1310 125 1349 cem
139 1292 170 1349 in
183 1293 301 1352 Christo
314 1296 494 1354 voluntatem
510 1297 661 1367 negavisse
672 1296 701 1352 in
713 1296 768 1366 Ep.
780 1294 949 1365 dogmatica
959 1294 997 1351 ad
1009 1296 1151 1366 Sergium,

58 1390 87 1437 et
101 1392 223 1452 propter
235 1382 292 1441 hoc
307 1384 519 1442 uthaereticum
536 1394 639 1455 postea
653 1383 827 1439 damnatum
841 1380 939 1437 luisse.
980 1381 1038 1439 Sed
1053 1382 1153 1439 imme-

58 1468 125 1538 rit0,
141 1486 209 1525 nam
224 1471 262 1537 (a)
276 1471 386 1528 nullam
404 1490 440 1529 ex
454 1470 594 1528 cathedri
608 1470 704 1528 edidit
719 1469 932 1539 definitionem,
949 1469 1010 1540 sed,
1023 1489 1040 1526 a
1053 1470 1155 1543 Sergio

58 1556 213 1627 deceptus,
228 1555 360 1614 hortatus
372 1565 413 1614 est
424 1568 537 1616 tantum
552 1558 582 1614 in
596 1558 707 1629 privata
722 1558 785 1629 Ep,
800 1575 853 1629 pro
867 1556 948 1614 bono
966 1558 1055 1627 pacis,
1067 1559 1155 1616 absti-

59 1642 192 1700 nendum
207 1662 270 1703 esse
282 1663 300 1702 a
312 1644 459 1703 vocabulo
476 1645 562 1703 unius
580 1645 625 1702 vel
642 1644 769 1717 duplicis
786 1644 962 1711 voluntatis;
978 1647 1018 1716 (b)
1035 1646 1155 1704 aliunde

59 1747 120 1787 non
133 1742 249 1790 constat
261 1732 290 1789 in
304 1733 408 1790 eadem
424 1735 480 1805 Ep.
497 1733 589 1790 ullum
604 1751 668 1790 esse
682 1750 808 1791 errorem
826 1732 1065 1801 dogmaticum²;
1086 1753 1154 1790 nam

59 1827 91 1873 ut
116 1818 243 1890 explicat
259 1819 390 1893 Joannes
412 1819 465 1891 IV,
489 1821 637 1878 secundus
659 1819 787 1876 Honorii
810 1837 969 1889 successor,
990 1821 1156 1879 “decessor

59 1921 144 1960 meus
157 1905 269 1963 docens
282 1906 320 1964 de
334 1908 470 1978 mysterio
489 1909 704 1965 Incarnationis
723 1907 832 1966 Christi
853 1907 979 1977 dicebat,
994 1926 1053 1966 non
1066 1910 1155 1968 suisse

59 1990 88 2044 in
101 2006 148 2058 eo,
162 1990 237 2047 sicut
250 1991 279 2046 in
293 1990 380 2048 nobis
393 1993 602 2063 peccatoribus,
613 1993 719 2050 mentis
731 2003 761 2051 et
773 1996 869 2052 carnis
881 1997 1042 2054 contrarias
1054 2000 1155 2056 volun-

58 2086 133 2134 tates
143 2077 160 2116 '³
174 2097 181 2148 3
200 2079 238 2149 (c)
251 2079 405 2150 proindea
421 2079 546 2136 Concilio
566 2080 613 2163 VI
625 2079 784 2138 damnatus
803 2083 857 2139 fuit
876 2101 936 2140 non
953 2094 985 2142 ut
1001 2086 1155 2144 haereticus

57 2172 180 2244 proprio
193 2190 289 2242 sensu,
299 2159 350 2231 sed
362 2183 393 2230 ut
402 2160 504 2231 haeresi
515 2173 624 2242 savem,
635 2174 784 2231 silentium
798 2176 915 2247 utrique
928 2179 1001 2249 parti
1016 2180 1154 2253 inoppor-

57 2269 165 2317 tunum
178 2260 370 2332 imponendo
384 2279 419 2318 ex
432 2280 492 2333 quo
506 2261 747 2319 monotheliticus
763 2280 842 2320 error
861 2283 920 2321 non
935 2284 1038 2336 parum
1052 2286 1155 2341 propa·

55 2356 141 2419 gatus
160 2347 222 2418 fuit,
238 2348 450 2420 utexplicatur
468 2367 485 2405 a
505 2349 607 2406 Leone
619 2349 665 2418 11,
678 2348 716 2405 ad
732 2350 887 2421 Hispaniae
902 2352 1069 2425 Episcopos
1088 2358 1155 2413 scri-

56 2435 149 2494 bente
160 2437 198 2492 :'“
208 2434 257 2506 qui
272 2435 451 2507 (Honorius)
464 2435 614 2492 flammam
628 2434 757 2492 haeretici
771 2436 919 2507 dogmatis
932 2456 1001 2509 non,
1011 2451 1043 2497 ut
1056 2441 1156 2500 decuit

56 2522 263 2596 Apostolicam
287 2522 500 2594 auetoritatem,
524 2523 712 2595 incipientem
735 2523 880 2591 exstinxit,
902 2526 954 2583 sed
977 2529 1155 2600 negligendo

55 2610 191 2669 confovit
200 2610 223 2667 ''.

88 2792 159 2849 llta
171 2795 319 2871 Mammas
332 2793 375 2846 M
392 2790 431 2870 (in
450 2807 467 2858 4
488 2793 604 2868 Dionys.
623 2792 724 2863 Areop.
741 2793 907 2864 epistolam).
947 2796 989 2849 Cf.
1005 2799 1151 2869 Patavina,
1179 2815 1182 2821 ·

55 2886 71 2938 l.
86 2884 172 2951 Vlll,
190 2899 213 2936 c.
230 2895 312 2948 7·13;
332 2882 477 2949 Stentrup,
494 2881 530 2933 th.
548 2892 645 2948 51·53;
665 2879 787 2944 Hurter,
803 2899 829 2934 n.
845 2885 967 2952 554·558.
992 2910 995 2914 ·

90 2971 236 3024 ²Affirmat
249 2969 364 3039 quidem
373 2967 521 3022 Honorius
534 2985 619 3021 unam
632 2985 694 3022 esse
704 2971 877 3024 voluntatem
887 2971 914 3024 in
928 2972 1048 3044 christo,
1060 2975 1113 3029 sed
1122 2994 1156 3030 ex

55 3069 188 3128 contextu
202 3067 278 3126 patet
291 3058 368 3110 illam
378 3057 550 3124 voluntatem
564 3073 626 3109 esse
639 3056 908 3126 divino-humanam,
917 3077 969 3113 nec
978 3061 1049 3116 duas
1061 3065 1154 3119 volun·

55 3157 127 3204 tates
146 3153 181 3201 ut
196 3148 236 3200 sic
253 3145 371 3212 excludi,
391 3145 441 3199 sed
460 3145 551 3198 solum
569 3143 640 3197 duas
658 3148 817 3198 contrarias
838 3149 995 3202 voluntates
1014 3169 1019 3203 :
1039 3152 1155 3219 proinde

18 3268 22 3279 ·
56 3229 160 3291 modus
178 3232 289 3288 dicendi
310 3242 353 3287 est
372 3233 514 3298 obscurus,
532 3248 584 3284 nec
597 3232 690 3285 forsan
710 3250 787 3285 sanae
806 3235 990 3304 philosophiae
1009 3250 1154 3294 consenta-

55 3329 134 3391 neus,
143 3338 200 3375 non
213 3304 306 3374 autem
320 3319 475 3373 haereticus.
500 3319 544 3371 En
554 3319 640 3372 verba
650 3319 767 3371 Honorii
781 3339 787 3373 :
800 3321 816 3346 “
827 3321 912 3383 Unde
922 3333 948 3375 et
962 3341 1048 3376 ronam
1059 3327 1154 3378 volun-

55 3422 144 3466 tatem
157 3409 276 3462 fatemur
290 3409 325 3460 D.
339 3408 374 3460 N.
388 3407 458 3474 Jesu
471 3405 581 3472 Christi,
596 3405 660 3475 quia
675 3405 797 3474 protetio
810 3424 826 3460 e
842 3408 996 3462 Divinitate
1009 3424 1154 3481 assumpta

55 3509 99 3553 est
112 3505 209 3550 nostra
221 3505 329 3561 natura,
339 3511 395 3553 non
409 3494 491 3562 culpa
505 3492 531 3546 in
546 3493 624 3547 illa...
666 3495 730 3546 Non
744 3504 787 3547 est
800 3495 895 3563 itaque
906 3508 1051 3565 assumpta
1064 3518 1081 3553 a
1095 3502 1153 3553 Sal-

55 3596 152 3640 vatore
164 3583 261 3637 vitiata
274 3593 379 3650 natura,
396 3600 458 3651 quae
471 3592 637 3651 repugnaret
656 3583 709 3651 legi
729 3583 830 3636 mentis
843 3584 910 3652 ejus,
928 3586 978 3637 sed
991 3588 1066 3640 venit
1079 3606 1152 3657 quae-

55 3691 114 3729 rere
128 3682 156 3727 et
169 3673 277 3726 salvare
296 3672 371 3742 quod
391 3671 519 3740 perierat,
533 3669 549 3723 i.
563 3687 587 3722 e.
604 3669 731 3724 vitiatam
750 3672 864 3725 humani
884 3673 994 3740 generis
1014 3685 1150 3730 naturam.

57 3764 134 3815 Nam
153 3761 197 3815 lex
215 3760 270 3814 alia
289 3758 318 3812 in
336 3756 469 3822 membris
488 3767 535 3812 aut
554 3760 682 3812 voluntas
700 3759 810 3813 diversa
823 3777 879 3812 non
893 3760 943 3814 fuit
956 3761 1000 3813 vel
1013 3765 1153 3817 contraria

56 3847 204 3911 Salvatori,
219 3848 285 3917 quia
298 3865 382 3916 super
394 3850 485 3917 legem
498 3858 580 3902 natus
594 3857 635 3899 est
649 3848 780 3899 humanae
794 3847 962 3900 conditionis
974 3845 995 3901 ⁷¹.
1017 3848 1056 3900 Cf.
1073 3851 1152 3903 Sten-

54 3939 132 4004 trup,
148 3935 186 3988 th.
203 3947 246 4003 54;
260 3935 380 4000 Hurter,
397 3937 419 3999 l,
435 3954 460 3990 n.
475 3950 506 4005 59
511 3936 600 4003 5=6003
614 3936 665 3989 sed
678 3935 833 4004 praesertim
840 3936 871 4003 J.
884 3937 1035 4002 Pennacln',
1044 3937 1079 3989 de
1095 3940 1152 3991 Ho-

54 4022 125 4077 norii
148 4023 258 4090 1·R.,P.
274 4023 360 4076 causa
373 4022 401 4075 in
416 4025 501 4076 Cone.
516 4025 566 4088 Vl,
582 4024 680 4075 Romae
697 4022 780 4086 1870;
802 4023 962 4088 Colombr'er,
977 4024 1083 4076 Etudes
1103 4026 1153 4079 des

55 4111 108 4163 ΡΡ.
131 4108 257 4176 Jesuites,
274 4109 334 4163 dec.
348 4112 477 4179 69—apr.
495 4125 546 4176 703
568 4111 708 4181 Legrand,
728 4110 795 4162 diss.
814 4112 862 4176 lV,
884 4129 907 4163 c.
927 4113 975 4176 lV,
995 4113 1103 4179 Migrre,
1117 4115 1149 4168 T.

54 4196 135 4264 Curs.
149 4195 199 4259 lX,
214 4207 328 4264 502‚sq.;
350 4196 469 4263 Bollala,
486 4197 576 4265 Reply
589 4206 617 4250 to
632 4196 745 4250 Renouf
755 4214 791 4249 on
806 4199 882 4265 Pope
898 4199 1057 4262 Honorius,
1065 4210 1158 4251 nostr.

57 4277 105 4335 Tr.
120 4281 155 4334 do
165 4279 295 4347 Ecclest'oi,
310 4282 411 4350 n.‚r89.
1055 4303 1056 4306 ’
