2684 4634
287 185 343 235 DE
361 184 580 239 MYs'rEmo
600 187 951 239 INCARNATIONIS.
1108 183 1168 234 461

63 360 136 432 gine
155 362 291 421 Christus
302 364 326 421 ''.
365 364 406 436 (b)
423 365 481 422 Alii
501 365 602 424 Patres
620 383 680 422 non
699 365 795 423 solum
811 364 978 424 doctrinam
998 361 1075 418 hane
1093 377 1169 416 asse-

64 460 143 520 runt,
161 449 215 508 sed
230 450 318 509 etiam
333 452 457 524 egregiis
476 452 604 525 probant
621 454 801 524 argumentis
814 470 850 512 ex
863 451 927 524 ipsa
946 448 1085 506 unitionis
1096 465 1168 505 voce

65 555 134 608 quae
147 537 295 609 significat
306 538 381 598 duas
396 540 443 599 vel
460 539 558 612 plures
572 550 689 598 naturas
703 540 777 599 inter
790 558 822 598 se
834 540 964 598 diversas
983 536 1066 606 uniri,
1083 553 1119 593 ex
1131 553 1168 592 eo

64 624 150 695 quod
160 625 183 682 si
198 643 257 683 una
270 635 385 684 tantum
397 637 475 686 esset
487 637 599 698 natura,
610 627 675 686 haec
685 645 742 686 nec
755 627 854 685 divina
868 643 922 684 nec
932 625 1062 682 humana
1071 632 1147 680 esset
1160 642 1167 678 :

65 729 133 781 quae
146 722 321 783 argumenta
334 714 394 772 iuse
407 714 493 772 refert
506 713 645 772 Petavr'us
656 715 673 772 l.
689 715 735 772 cit.

97 842 141 894 93
182 833 210 885 2⁰
222 829 297 889 Salv.
310 830 372 903 diff
407 831 458 904 (Α)
470 832 636 892 Adversarii
650 834 678 890 in
693 833 825 891 medium
839 832 989 905 proferunt
1002 831 1066 888 haee
1079 829 1167 887 verba

64 915 193 986 symboli
213 917 437 976 Athanasiani:
458 921 563 978 “sicut
586 922 686 978 anima
709 919 859 978 rationalis
883 930 913 977 et
937 936 1006 975 caro
1027 934 1103 973 unus
1123 927 1167 973 est

64 1003 168 1070 homo,
182 1004 223 1062 ita
237 1005 319 1063 Deus
331 1016 361 1065 et
373 1005 465 1065 homo
478 1025 554 1066 unus
565 1018 609 1066 est
622 1008 757 1068 Christus
766 1008 793 1076 ”3
806 1008 888 1080 atqui
902 1007 931 1063 in
945 1006 1066 1064 homine
1078 1005 1166 1061 unica

64 1101 108 1149 est
120 1101 227 1149 natura
238 1113 246 1164 ;
262 1111 333 1165 ergo
346 1093 454 1166 pariter
466 1095 496 1152 in
509 1095 638 1155 Christo.

96 1181 184 1251 Resp.
196 1203 208 1237 .·
220 1180 275 1238 Illa
283 1183 464 1254 comparatio
474 1195 630 1256 usurpatur
639 1184 677 1243 ad
688 1184 908 1243 ostendendum
922 1184 1064 1240 unionem
1073 1180 1164 1238 Verbi

63 1286 132 1325 cum
147 1269 251 1326 natura
264 1269 394 1327 humani
407 1288 472 1329 esse
483 1273 524 1343 (ι)
537 1272 753 1329 substantialem
767 1283 796 1330 et
810 1289 870 1329 non
881 1270 1024 1327 moralem
1037 1278 1165 1338 tantum;

64 1357 102 1427 (b)
105 1357 295 1428 personalem,
307 1356 347 1415 ita
360 1368 392 1415 ut
405 1369 509 1417 natura
521 1359 652 1417 humana
665 1371 694 1417 et
708 1371 810 1417 natura
822 1359 923 1417 divina
936 1358 1091 1416 efformem
1103 1355 1165 1412 uni-

63 1463 129 1501 cam
143 1461 311 1516 personam,
324 1445 400 1504 sicut
412 1444 443 1503 in
455 1445 578 1505 homine
594 1469 600 1503 :
619 1449 695 1506 sicut
715 1449 795 1506 enirn
815 1465 891 1505 unus
909 1446 1002 1503 horno
1014 1463 1031 1503 e
1043 1444 1165 1502 diversis

64 1532 186 1602 naturis,
198 1531 342 1604 corporali
360 1551 395 1591 ac
413 1533 565 1606 spirituali,
578 1536 777 1608 componitur,
793 1553 860 1606 quae
880 1535 1027 1605 propriam
1050 1540 1165 1589 servant

63 1621 92 1678 in
106 1619 243 1679 unitione
256 1620 463 1692 differentiam,
476 1622 516 1680 ita
528 1623 637 1695 pariter
649 1640 726 1680 unus
739 1622 875 1681 Christus
888 1639 905 1679 e
918 1619 1035 1680 duabus
1054 1617 1164 1675 naturis

62 1707 167 1779 existit,
184 1725 260 1779 quae,
276 1707 340 1767 sine
353 1708 413 1766 ulla
425 1709 610 1781 confusione,
621 1728 689 1768 suas
702 1711 897 1782 proprietates
910 1708 1037 1766 retinent
1046 1707 1064 1764 ¹.
1094 1705 1163 1762 Non

61 1805 164 1853 autem
177 1805 334 1868 usurpatur
345 1795 384 1854 ad
396 1796 626 1868 significandum
639 1798 758 1854 unicani
773 1807 907 1854 naturam
920 1812 985 1853 esse
996 1794 1025 1850 in
1036 1792 1164 1861 Christo,

62 1892 94 1941 ut
106 1893 211 1955 aperte
223 1892 338 1941 constat
350 1901 386 1943 ex
398 1893 538 1943 contextu
550 1907 557 1952 ;
577 1903 646 1942 nam
659 1883 830 1943 immediate
849 1894 918 1941 ante
938 1881 1056 1954 praefata
1075 1879 1164 1936 verba

61 1989 199 2044 expresse
211 1970 376 2029 declaratur
388 1972 540 2031 Christum
554 1991 618 2031 esse
628 1992 719 2032 unum
733 1976 750 2002 “
760 1991 816 2029 nan
828 1971 988 2043 confusione
1000 1967 1165 2026 substantiis

61 2063 126 2129 (seu
141 2058 266 2129 naturae)
278 2057 328 2114 sed
337 2058 450 2116 unitate
460 2067 586 2131 persana
596 2059 620 2116 ''.
661 2059 750 2125 Nam,
765 2069 797 2116 ut
810 2058 850 2116 ait
864 2058 893 2115 S.
908 2057 1031 2114 Tltamas
1043 2058 1080 2127 (3,
1093 2073 1121 2126 q.
1139 2074 1163 2113 2,

59 2165 83 2204 a
98 2168 109 2203 1
126 2146 166 2205 ad
180 2147 218 2218 2),
233 2147 295 2205 “ex
307 2145 405 2203 animi
417 2156 448 2206 et
460 2164 584 2219 corpore
595 2147 784 2204 constituitur
794 2147 824 2203 in
835 2162 1018 2217 unoquoque
1029 2153 1162 2200 nostrum

59 2235 174 2307 duplex
188 2232 284 2291 unitas
297 2242 409 2291 uaturae
420 2244 449 2293 et
464 2251 615 2306 personae:
630 2245 741 2292 naturae
755 2233 887 2305 quidem,
901 2231 1067 2291 secundum
1081 2229 1163 2301 quod

59 2322 161 2380 anima
176 2319 275 2377 unitur
287 2321 412 2392 corpori,
422 2320 582 2379 formaliter
595 2321 751 2393 perficiens
765 2322 872 2394 ipsum,
889 2332 920 2378 ut
933 2338 968 2378 ex
981 2319 1100 2378 duobus
1114 2317 1164 2374 liat

59 2427 121 2468 una
135 2418 248 2477 natura,
258 2406 334 2466 sicut
346 2425 382 2466 ex
394 2406 462 2465 adiu
473 2418 502 2467 et
513 2408 655 2480 potentii,
666 2407 712 2466 vel
725 2408 846 2468 materiai
859 2418 888 2465 et
902 2408 995 2465 forma
1003 2426 1011 2478 3
1030 2417 1058 2464 et
1072 2422 1163 2477 quan·

59 2509 124 2557 turn
138 2495 179 2553 ad
192 2494 250 2552 hoc
262 2511 323 2552 non
335 2494 497 2553 attenditur
507 2494 679 2567 similitudo
691 2495 761 2567 quia
771 2504 875 2554 natura
884 2494 985 2553 divina
995 2511 1055 2550 non
1065 2501 1163 2564 potest

59 2602 126 2643 esse
139 2580 272 2654 corporis
284 2581 387 2647 forma,
400 2590 432 2639 ut
444 2581 475 2642 in
485 2581 581 2653 primo
592 2581 750 2654 probatum
761 2596 804 2641 est
815 2601 823 2652 3
843 2581 939 2638 unitas
950 2598 1018 2638 vero
1029 2595 1162 2650 personae

59 2664 251 2726 constituitur
264 2681 300 2723 ex
312 2663 354 2723 eis
366 2663 396 2721 in
410 2674 556 2736 quantum
575 2675 619 2724 est
638 2684 714 2723 unus
733 2664 840 2738 aliquis
853 2664 1017 2723 subsistens
1030 2664 1059 2719 in
1073 2680 1162 2719 carne

59 2767 88 2814 et
107 2753 227 2813 animi:
254 2762 284 2811 et
302 2761 446 2824 quantum
464 2753 504 2812 ad
522 2752 580 2811 hoc
599 2753 761 2812 attenditur
779 2753 961 2823 similitud03
987 2768 1063 2808 unus
1082 2750 1160 2807 enim

60 2841 198 2902 Christus
211 2839 341 2897 subsistit
349 2838 384 2924 in
397 2838 498 2897 divini
510 2840 615 2898 natura
627 2852 656 2899 et
670 2840 833 2899 humana'’.

93 2976 137 3029 94.
176 2961 226 3031 (B)
239 2957 429 3029 Obiiciuntur
447 2958 555 3031 pariter
573 2960 662 3018 verba
676 2961 705 3018 S.
726 2960 816 3031 Cyril.
834 2959 949 3017 Alex.².·
968 2958 1067 3014 “Post
1079 2955 1162 3013 unio·

59 3069 131 3110 nem
152 3066 213 3107 una
230 3049 291 3120 jam
313 3047 484 3120 intelligitur
503 3057 607 3106 natura
629 3044 688 3119 (μία
708 3045 792 3117 φύσις)
812 3048 861 3105 illa
883 3047 975 3120 ipsius
995 3043 1052 3102 Dei
1072 3042 1162 3101 Verbi

59 3142 213 3198 incarnata
222 3136 257 3209 ”3
274 3154 345 3208 ergo
359 3145 426 3209 post
439 3136 581 3194 unionem
597 3154 655 3193 una
667 3146 799 3194 remanet
812 3146 924 3193 natura.

93 3228 181 3297 Resp.
219 3223 275 3282 Ille
286 3223 406 3282 dicendi
419 3223 536 3292 modus,
549 3223 684 3294 quamvis
702 3223 797 3295 primo
815 3223 922 3281 intuitu
936 3219 1161 3294 aequivocationi

59 3315 158 3372 favere
170 3311 311 3378 videatur,
327 3310 474 3382 optimum
493 3328 528 3367 ac
548 3310 729 3382 profundum
743 3328 861 3367 sensum
876 3310 966 3368 habet
979 3319 1008 3367 et
1020 3327 1037 3365 a
1050 3306 1161 3378 Cyrillo

60 3408 219 3472 usurpatus
232 3397 293 3468 fuit,
310 3406 342 3455 ut
355 3396 485 3456 Nestorii
499 3397 631 3469 perfidiae
649 3416 680 3456 se
699 3408 863 3470 opponeret
881 3397 1045 3468 meliusque
1059 3394 1161 3450 vitaret

58 3483 265 3559 imperfectam
274 3483 423 3554 unionem,
435 3484 494 3555 qua
502 3483 633 3542 hicduas
641 3485 801 3556 copulabat
811 3497 927 3544 naturas
932 3505 939 3554 ;
954 3502 1022 3541 narn
1031 3483 1160 3541 dicendo

59 3592 149 3632 anam
162 3572 254 3630 Verbi
268 3581 401 3629 naturam
415 3572 607 3642 incarnatam,
624 3572 811 3643 significabat
824 3574 885 3632 duo
900 3596 905 3630 :
921 3574 1017 3644 primo
1031 3585 1098 3644 post
1111 3572 1160 3628 In-

57 3658 262 3720 carnationem
274 3658 349 3717 duas
362 3659 392 3716 in
406 3658 526 3718 Christo
545 3676 609 3716 esse
628 3670 755 3730 naturas,
769 3673 902 3718 naturam
918 3659 1009 3719 Verbi
1029 3671 1057 3717 et
1077 3669 1161 3715 natu·

58 3764 121 3804 ram
140 3744 306 3800 humanam
327 3745 406 3815 (quae
427 3743 599 3816 designatur
620 3763 673 3817 per
692 3747 871 3805 vocabulum
895 3747 1103 3816 incarnatam);
1131 3755 1160 3802 et

57 3831 194 3892 secundo
214 3847 307 3887 unum
329 3848 394 3888 esse
416 3830 594 3902 subiecium,
613 3832 746 3890 Verbum
768 3834 879 3892 scilicet
902 3834 1102 3900 Incarnatum,
1121 3832 1159 3889 de

57 3936 120 3993 quo
131 3928 194 3977 tam
207 3915 308 3975 divina
325 3934 416 3990 quam
436 3918 566 3975 humana
579 3919 784 3990 praedicantur.
824 3921 906 3977 Hine
925 3920 963 3978 ad
983 3919 1157 3977 Successum

56 4008 116 4079 (ep.
131 4005 179 4077 46)
193 4002 397 4085 Cytillusesse
410 4004 573 4063 scribebat.
589 4006 647 4063 “Si
661 4007 796 4066 dieentes
809 4027 898 4064 unam
918 4014 1056 4064 naturam
1078 4005 1161 4062 Verbi

90 4215 99 4240 ¹
113 4209 170 4264 Cir.
188 4210 331 4279 Petavius,
347 4210 365 4265 1.
384 4211 438 4265 111.
453 4228 475 4265 c.
493 4227 532 4279 10,
550 4229 577 4266 n.
594 4225 625 4278 73
645 4212 792 4282 santorp,
805 4212 844 4266 tlt.
860 4228 902 4282 ut).

88 4297 140 4348 ²0.
156 4296 276 4360 Neston,
288 4295 305 4349 l.
324 4296 361 4363 Η,
380 4297 417 4351 ed
428 4299 541 4368 mirae,
560 4301 613 4364 lX,
630 4303 674 4356 60.
