2684 4634
142 183 208 233 574
288 199 290 203 ·
589 187 729 238 cnrur
746 162 800 269 iv.

139 373 211 425 rent
239 337 449 428 divinitatem
474 365 605 441 Christi,
633 375 843 430 asseruerunt
875 367 1003 430 cultum
1039 365 1148 428 latriae
1176 364 1225 445 ipsi

139 467 260 542 deberi,
275 477 312 530 ut
329 469 391 530 Dei
408 469 543 549 legato1.

177 619 245 698 258.
291 633 321 678 20
340 621 437 679 Thesis
452 641 462 673 :
491 619 666 700 Christus,
684 626 723 685 ut
739 621 794 685 hic
811 621 926 692 homo,
944 624 1002 684 est
1018 619 1225 697 adorandus,

136 738 184 776 seu
200 716 357 780 humana
373 715 505 781 Christi
522 723 660 797 natura,
682 720 863 797 quatenus
877 717 1106 798 hypostatice
1121 715 1227 780 Verbo

137 815 337 893 conjuncta,
358 833 430 877 una
445 819 481 878 et
497 816 623 897 eadem
639 816 847 902 adoratione
868 834 950 880 cum
973 815 1106 880 eodem
1121 815 1227 879 Verbo

137 919 194 978 est
209 913 367 976 colenda.
415 915 467 978 De
472 916 544 997 fide
559 927 606 978 est
627 938 671 979 ex
691 916 777 980 Conc.
790 937 861 997 gru.
888 916 918 979 V
929 914 1141 978 definiente:
1174 913 1225 976 “Si

136 1022 243 1102 quis...
261 1039 326 1081 non
352 1021 418 1081 una
440 1021 635 1082 adoratione
652 1020 802 1082 Verbum
828 1021 1038 1082 incarnatum
1063 1039 1143 1081 cum
1166 1019 1225 1099 ejus

135 1145 232 1187 carne
257 1125 384 1206 adorat,
407 1123 506 1204 juxta
529 1125 618 1204 quod
643 1120 775 1187 Sanctae
801 1124 863 1185 Dei
888 1123 1049 1184 Ecclesiae
1073 1121 1119 1183 ab
1142 1123 1225 1185 initio

134 1229 292 1292 traditum
310 1236 367 1302 est,
385 1227 460 1289 talis
477 1227 655 1288 anathema
672 1228 714 1288 sit
724 1220 757 1288 ’'ss
796 1223 971 1311 (Denzing.
986 1247 1015 1287 n.
1040 1229 1126 1308 180).

178 1331 396 1411 Explicatur:
424 1330 500 1391 Duo
516 1338 594 1391 sunt
610 1329 847 1410 distinguenda
860 1330 891 1390 in
909 1327 997 1390 cuitu
1012 1325 1223 1393 humanitatis

135 1435 265 1507 Christi,
276 1430 443 1513 objedtum
458 1443 491 1494 et
503 1433 684 1494 motivum:
708 1433 758 1513 (a)
770 1429 937 1512 objedtum
949 1439 1000 1492 est
1009 1431 1150 1511 quidem
1163 1432 1222 1513 ipsa

134 1539 282 1600 humana
299 1547 416 1599 natura
427 1535 558 1612 Christi,
571 1557 635 1598 non
654 1545 765 1598 autem
783 1538 815 1597 in
833 1532 999 1599 abstracto
1012 1536 1221 1609 considerata,

132 1644 189 1705 sed
207 1643 239 1703 in
251 1650 416 1715 concret0,
428 1659 488 1700 seu.
498 1649 660 1719 quatenus
674 1637 846 1702 actualiter
858 1648 891 1701 et
903 1637 1125 1719 personaliter
1141 1639 1219 1701 unita

132 1746 253 1808 Verbo.
302 1739 356 1828 (b)
370 1744 533 1805 Motivum
551 1752 663 1805 autem
681 1743 766 1805 illius
783 1744 890 1805 cuitus
906 1752 957 1804 est
972 1744 1054 1804 unio
1070 1743 1218 1825 hyposta-

131 1851 195 1912 tica
211 1848 294 1913 ,tatis
318 1856 445 1909 naturae
461 1867 536 1909 cum
561 1850 702 1927 persona
718 1847 843 1909 Verbi:
880 1846 1018 1927 proinde
1035 1845 1215 1909 humanitas

130 1961 252 2027 Christi
269 1959 426 2022 adoratur
441 1960 575 2040 quidem
594 1959 627 2020 in
637 1980 676 2033 se,
692 1960 748 2021 sed
762 1980 824 2021 non
832 1968 1016 2039 propterte,
1027 1968 1062 2021 et
1078 1962 1216 2022 adoratio

130 2065 192 2147 ipsi
217 2064 347 2126 reddita
371 2082 436 2123 non
464 2063 551 2124 sistit
575 2062 606 2122 in
632 2062 849 2135 humanitate,
865 2062 922 2123 sed
947 2062 979 2122 in
997 2061 1116 2125 Verbo
1139 2065 1214 2144 quod

129 2168 371 2231 humanitatem
389 2166 552 2227 terminat.

170 2328 238 2397 259.
290 2317 460 2378 Probatur.
508 2316 567 2397 (A)
599 2317 716 2396 Scrr'pt.
762 2316 901 2380 “Omne
932 2315 1098 2397 judicium
1135 2321 1214 2383 dedit

129 2421 222 2495 Filio,
242 2428 279 2480 ut
294 2439 410 2480 omnes
437 2419 655 2481 honorificent
673 2419 802 2495 Filium,
818 2419 903 2481 sicut
925 2418 1149 2484 honorificant
1166 2424 1213 2484 Pa-

127 2535 211 2587 trem
224 2523 277 2600 ''²;
301 2522 421 2584 “Deus
434 2522 597 2585 exaltavit
614 2522 715 2597 ilium,
726 2532 759 2585 et
776 2523 914 2584 donavit
930 2521 975 2582 illi
992 2543 1118 2586 nomen
1134 2524 1211 2606 quod

125 2638 176 2690 est
199 2647 296 2707 super
318 2646 418 2688 omne
442 2646 588 2688 nomen:
621 2637 657 2689 ut
681 2628 714 2688 in
739 2627 873 2688 nomine
898 2626 977 2706 Jesu
1003 2647 1105 2690 omne
1137 2649 1211 2711 genu

126 2730 276 2794 fledtatur
303 2730 498 2804 coelestium,
524 2732 727 2792 terrestrium
752 2740 786 2792 et
810 2729 1011 2792 infernorum
1026 2730 1076 2810 '’³;
1110 2733 1211 2797 “Cum

125 2836 244 2898 iterum
270 2834 450 2896 introducit
468 2836 726 2916 primogenitum
745 2836 777 2896 in
794 2834 907 2896 orbem
925 2843 1029 2908 terrae,
1046 2838 1128 2899 dicit
1147 2862 1153 2900 :
1187 2847 1212 2897 et

124 2941 264 3001 adorent
288 2923 364 3000 eum
385 2957 501 2999 omnes
525 2938 647 3019 Angeli
674 2938 738 2999 Dei
751 2938 803 3014 ''4;
837 2937 998 3018 “Dignus
1022 2949 1076 3002 est
1103 2941 1212 3023 Agnus

123 3043 179 3123 qui
200 3041 328 3102 occisus
345 3050 395 3102 est
412 3041 561 3120 accipere
580 3042 736 3102 virtutem
754 3049 787 3102 et
803 3041 1014 3103 divinitatem
1022 3042 1059 3097 ”5
1077 3045 1108 3124 (i.
1122 3065 1147 3107 e.
1164 3045 1212 3106 ho-

124 3164 220 3205 nores
244 3143 396 3224 divinos).
445 3144 545 3207 Unde
574 3145 653 3206 sic:
689 3165 732 3206 ex
757 3144 907 3206 textibus
933 3144 1053 3220 allatis
1070 3146 1211 3211 Christus

123 3247 313 3311 adorandus
329 3256 380 3308 est
397 3247 481 3308 sicut
495 3248 600 3322 Pater,
617 3249 649 3310 in
666 3249 751 3310 coelo
767 3257 800 3309 et
817 3248 848 3308 in
867 3252 961 3322 terra,
972 3250 1075 3312 etiam
1093 3252 1137 3313 ab
1150 3253 1212 3314 An-

122 3351 204 3433 gelis
230 3351 303 3425 Dei,
327 3360 359 3411 et
383 3349 525 3411 honores
549 3351 679 3413 divinos
706 3352 854 3432 accipere
877 3351 993 3428 debet;
1032 3358 1126 3435 atqui
1152 3357 1211 3418 haec

120 3455 233 3516 omnia
250 3455 474 3534 praedicantur
498 3455 540 3515 de
557 3454 688 3516 Christo
712 3454 855 3529 homine,
878 3448 1002 3517 scilicet
1025 3457 1069 3520 de
1087 3459 1212 3522 Christo

120 3558 303 3645 accipiente
316 3566 517 3636 potestatem
531 3557 714 3637 judicandi,
730 3560 903 3622 exinanito
919 3570 952 3623 et
968 3562 1158 3641 obediente,
1168 3566 1210 3628 vel

155 3773 246 3823 ¹Haec
266 3772 341 3823 enim
361 3772 491 3839 leguntur
510 3772 537 3823 in
554 3773 658 3824 Cateclz.
679 3771 786 3826 Racov.
809 3791 834 3842 q.
856 3777 915 3840 236,
935 3777 980 3828 ubi
1001 3777 1211 3834 Socinianorum

119 3857 245 3911 docirina
265 3860 445 3911 continetur:
466 3859 567 3926 “Quid
588 3873 722 3926 praeterea
739 3862 877 3913 Dominus
890 3863 971 3929 Jesus
991 3865 1056 3918 huic
1076 3879 1211 3935 praecepto

118 3945 243 3998 addidit?
272 3946 304 3996 ld
319 3947 392 4014 quod
408 3948 492 3999 etiam
508 3947 659 3999 Dominum
670 3950 765 4015 Jesum
775 3965 825 4016 pro
837 3951 897 4003 Deo
910 3966 1067 4017 agnoscere
1080 3965 1210 4019 tenemur,

118 4033 134 4084 i.
151 4049 175 4084 e.
193 4049 242 4099 pro
264 4049 297 4084 eo
318 4032 363 4101 qui
389 4033 415 4085 in
440 4051 490 4085 nos
512 4045 678 4100 potestatem
703 4036 787 4087 habet
807 4035 940 4103 divinam,
957 4047 984 4090 et
1005 4039 1050 4090 cui
1071 4057 1123 4094 nos
1142 4045 1209 4095 divi·

117 4132 185 4166 num
204 4117 332 4167 etrlrilrere
350 4117 479 4168 honorem
499 4114 625 4170 obstricti
647 4121 773 4172 snmus”.
824 4119 866 4173 Cf.
887 4118 1021 4187 riloelher‚
1042 4124 1209 4190 Symbolism

117 4199 307 4270 §Lxxxm

150 4289 228 4356 ¹·'Juu
245 4290 278 4353 t',
295 4305 332 4355 ²3-
349 4322 381 4326 —
399 4292 521 4361 '‘Plrilr'p.
543 4293 580 4354 ll,
594 4294 665 4346 8-10.
683 4326 716 4332 —
729 4295 832 4348 ⁴Hebr.
850 4297 870 4363 1,
886 4297 910 4349 6.
927 4325 958 4333 -
972 4295 1078 4367 ⁵Apoc.
1089 4301 1122 4366 t,
1138 4318 1176 4354 12.
