2684 4634
192 166 248 221 DE
265 165 522 215 EXISTENTIA
539 165 682 216 TRIUM
704 165 1009 216 PERSONARUM.
1092 167 1156 217 223

56 352 137 406 sunt
152 352 318 426 cogentes,
327 346 409 409 cidit
423 347 458 410 iu
475 346 659 408 irrisionem
676 347 864 428 infidelium.
889 351 894 361 ’
907 347 1056 410 Credunt
1067 348 1155 410 enim

56 447 150 527 quod
166 448 357 529 hujusmodi
374 450 558 512 rationibus
574 451 764 526 innitamur,
779 460 812 512 et
829 460 964 532 propter
978 472 1034 513 eas
1044 453 1156 513 creda-

57 571 142 613 mus
189 553 388 635 Quae'igitur
404 553 478 615 fidei
497 563 581 628 sunt,
597 574 662 615 non
680 564 757 616 sunt
773 556 934 617 tentanda
947 555 1076 635 probari
1094 555 1155 616 nisi

57 674 116 733 per
133 653 349 718 audieritates
365 656 416 717 his
426 657 482 737 qui
494 654 709 719 audtoritates
726 657 917 738 suscipiant.
957 657 1057 738 Apud
1074 658 1156 720 alios

57 778 138 819 vero
154 758 274 844 sufficit
290 759 466 821 defendere
484 780 548 820 non
567 766 639 821 e'sse
655 760 861 841 impossibile
884 761 973 840 quod
996 761 1156 841 praedicat

58 857 200 922 fides'”..
498 868 499 872 ’
836 866 838 872 ’
1000 865 1005 871 ’

97 1004 150 1087 97.
176 1010 274 1067 Theoi
288 1002 322 1067 '2⁴
370 1006 479 1073 Nulla
494 1005 735 1090 repugnantia
750 1010 943 1089 percipitur
959 1011 994 1074 in
1010 1009 1155 1091 dogma·

58 1112 96 1170 te
109 1107 179 1172 SS.
194 1107 380 1201 Trinitatis
395 1114 492 1173 recte
508 1109 676 1187 exposito
689 1125 708 1173 ².
753 1112 904 1169 Probatur.

101 1258 151 1337 98.
201 1255 505 1337 <A)Aiciioritate:
539 1259 720 1338 Jamcnim
745 1258 1156 1321 anovemdecimsaeculis

60 1359 142 1420 illud
159 1360 283 1441 dogma
303 1361 447 1423 creditur
462 1381 528 1423 non
553 1362 660 1423 solum
681 1382 700 1423 a
722 1361 857 1423 rudibus
874 1364 931 1425 sed
949 1384 968 1424 a
984 1361 1059 1423 viris
1074 1383 1155 1442 prae·

60 1464 281 1539 stantissimiS,
298 1485 362 1525 non
379 1463 487 1526 solum
505 1465 537 1525 in
554 1448 748 1546 Theologit,
763 1465 935 1527 sedetiam
953 1465 985 1525 in
1004 1464 1156 1526 Philoso-

60 1566 140 1646 phia
152 1575 186 1629 et
202 1567 346 1629 scientiis
363 1567 569 1630 naturalibus
585 1567 731 1641 versatis,
742 1568 797 1648 qui
814 1567 1026 1629 difficultates
1042 1578 1157 1629 contra

60 1669 142 1731 illud
165 1668 283 1732 allatas
300 1671 546 1752 perpenderunt
569 1681 602 1732 et
621 1670 850 1746 confutaruut;
877 1671 969 1751 atqui
993 1682 1156 1751 repugnat

60 1782 112 1835 tot
123 1776 303 1855 tantosque
320 1776 406 1837 viros
418 1774 593 1837 admisisse
603 1776 728 1855 dogma
744 1775 937 1857 absurdum,
950 1776 1068 1836 rationi
1079 1760 1156 1836 con·

59 1877 210 1958 trarium,
228 1861 409 1959 praesertim
436 1899 538 1960 quum
568 1879 704 1941 minime
727 1879 937 1960 passionibus
965 1879 1082 1953 faveat,
1098 1881 1155 1964 sed

57 1981 140 2062 ipsis
155 1990 352 2062 opponatur.
364 1982 489 2044 -Nec
505 1983 634 2044 dicatur
651 1983 786 2044 eosdem
804 2002 870 2043 non
887 1981 988 2043 semel
1005 1983 1090 2044 eirca
1106 2004 1156 2044 res

59 2083 260 2148 scientifieas
284 2086 462 2165 erravisse;
489 2107 566 2148 nam
592 2107 635 2148 ex
660 2076 813 2167 eoquod
838 2087 998 2148 moderna
1022 2088 1157 2149 inventa

60 2183 294 2266 ignoraverint,
317 2186 453 2247 minime
476 2186 623 2266 sequitur
643 2207 700 2248 eos
716 2184 877 2247 inhabiles
898 2185 1055 2248 suissead
1070 2186 1156 2266 judi-

60 2290 206 2351 candum
223 2290 265 2351 de
281 2289 500 2370 repugnantia
515 2288 567 2351 vel
585 2309 651 2351 non
671 2290 892 2371 repugnantia
919 2286 1155 2375 propositionis

60 2412 135 2471 quae
160 2406 228 2452 non
256 2391 299 2453 ad
326 2391 481 2473 physicas
508 2391 664 2454 scientias
687 2391 826 2472 speetat,
847 2393 904 2453 sed
931 2392 972 2454 ad
1004 2402 1155 2454 naturam

60 2494 218 2557 divinam.
264 2494 475 2560 Temeritatis
486 2503 573 2556 certe
591 2495 635 2555 rei
651 2504 729 2557 sunt
745 2496 801 2576 qui
818 2495 849 2556 in
867 2495 963 2557 rebus
981 2516 1069 2556 mere
1085 2495 1157 2556 reli-

61 2597 160 2678 giosis
177 2598 355 2676 absurdam
372 2619 444 2661 esse
460 2598 630 2660 declarant
643 2597 828 2661 dodtrinam
839 2619 939 2679 quam
956 2600 1067 2660 animo
1083 2620 1156 2680 pro-

10 2696 14 2777 ξ
62 2700 137 2763 fessi
162 2709 242 2762 sunt
268 2699 447 2783 palamque
472 2703 726 2784 propugnzirunt
751 2688 935 2764 doilissimi
963 2702 1022 2763 viri
1044 2701 1156 2782 quales

62 2805 195 2867 luerunt
208 2804 243 2868 S.
253 2804 418 2888 Justiizus,
437 2803 598 2886 Origines,
617 2805 878 2880 S.Atlmnasz‘us,
895 2805 1156 2886 S.Augustinus,

62 2908 279 2988 sexcentique
300 2907 354 2983 alii
371 2909 494 2984 Patres,
508 2929 637 2972 necnon
656 2908 691 2970 S.
714 2907 864 2983 Thomas,
881 2907 1156 2987 aliique-Schola-

64 3011 134 3073 stici
158 3008 332 3085 Dottores,
353 3020 411 3073 aut
431 3011 531 3073 etiam
554 3010 731 3083 Descartes,
747 3009 955 3084 Leibnilzins,
972 3030 1038 3071 uno
1056 3011 1157 3072 verbo

65 3113 211 3194 plerique
237 3111 423 3194 philosophi
450 3123 508 3176 aut
529 3114 741 3176 scientiarum
769 3113 991 3193 cultoresssqui
1020 3114 1155 3184 nomine

65 3216 242 3286 christiano
256 3216 459 3298 gloriantur..

102 3387 152 3451 99.
203 3369 264 3450 (B)
275 3369 416 3432 Ratione
431 3393 443 3433 .·
466 3371 598 3433 adesset
622 3370 758 3453 quidem
784 3369 1004 3450 repugnantia
1031 3371 1066 3446 in
1088 3390 1157 3450 my·

66 3472 162 3533 sterio
180 3470 239 3535 SS.
256 3471 437 3549 Trinitatis,
453 3473 479 3533 si
496 3471 567 3553 ejus
584 3472 769 3534 enuntiatio
793 3473 976 3551 contineret
1000 3472 1157 3533 terminos
1186 3464 1188 3468 ⁴

10 3618 18 3683 Ι
67 3593 97 3634 se
110 3573 254 3636 invicem
269 3575 501 3651 excludentes;
539 3575 630 3655 atqui
649 3595 714 3636 non
731 3584 782 3637 est
799 3577 859 3652 ita;
897 3594 972 3635 nam
996 3573 1157 3634 nondici-

69 3696 136 3739 mus
151 3687 219 3739 tres
235 3698 306 3740 esse
322 3674 355 3739 in
373 3670 447 3740 Deo
465 3687 600 3762 naturas
617 3687 650 3762 et
671 3679 768 3741 simul
794 3698 896 3740 unam
922 3687 1084 3752 naturam,
1101 3685 1157 3737 aut

10 3696 18 3843 i
70 3787 129 3842 tres
149 3799 302 3861 personas
328 3789 362 3843 et
388 3801 488 3843 unam
514 3801 705 3861 personam,
715 3781 773 3843 sed
795 3781 935 3842 dicimus
953 3778 1062 3840 Deum
1086 3798 1157 3839 esse

70 3903 165 3947 unum
181 3885 244 3947 sub
259 3881 408 3966 respeiiu
426 3893 605 3959 naturae,et
617 3885 739 3947 trinum
757 3884 819 3945 sub
835 3882 984 3963 respeitu
1002 3903 1157 3963 persona-

72 4005 150 4069 rum;
171 3987 322 4069 jamvero
343 3986 477 4073 aliquo'd
494 4009 552 4058 ens
569 3996 680 4069 potest
696 4008 768 4049 csse
784 4008 886 4048 unum
904 3987 966 4048 sub
982 3987 1094 4066 aliquo
1110 4007 1156 4046 rc-

100 4186 156 4240 ¹Ci.
171 4186 200 4239 S.
216 4187 243 4238 T
240 4185 267 4237 h.
280 4186 310 4239 C.
322 4185 437 4252 Gentil,
450 4189 491 4239 cc.
506 4155 544 4251 1o,
559 4187 648 4253 1416,
664 4200 696 4251 23
702 4204 708 4248 ;
730 4185 865 4250 Billuart,
879 4184 944 4236 diss
961 4201 1076 4251 prooem.
1091 4201 1115 4236 a.
1131 4198 1155 4253 3,

72 4272 119 4338 iii
136 4274 268 4339 perrone,
285 4287 330 4340 131
346 4289 399 4342 sq.;
410 4273 516 4341 Knoll,
531 4270 545 4342 ἓ
563 4286 627 4340 [[5;,
642 4273 804 4338 Franzelr‘n,
818 4272 855 4325 th.
869 4286 909 4324 20.
