2684 4634
352 189 408 239 ou
426 182 646 238 Mrsrumo
664 185 1002 236 nnouupmoms.
1038 173 1040 176 ’
1163 185 1230 236 535

122 370 231 434 mista
244 379 366 446 autem,
381 379 506 433 etcum
524 369 586 431 iilis
602 387 720 430 omnes
736 367 803 430 fere
818 366 976 447 theologi,
992 366 1115 428 docent
1133 365 1231 427 satis-

121 470 305 536 factionem
323 470 445 537 Christi
460 466 501 535 ex
513 493 547 533 se
562 472 663 534 fuisse
679 491 745 533 non
763 470 870 533 solum
893 469 1156 550 aequivalentem‚
1172 468 1230 530 sed

122 574 461 656 superabundantem,
485 583 520 637 et
546 573 603 636 iila
627 574 795 636 sententia
820 574 916 636 nobis
943 573 1082 636 omnino
1106 572 1231 652 ample-

121 675 247 741 &enda
260 677 392 741 videtur
405 690 426 753 ¹,
442 678 677 759 probaturque,
843 678 847 684 ’

234 777 238 785 ι

168 788 237 877 (Α)
257 792 438 874 Scriptura.
484 792 583 865 Nam,
599 811 643 852 ex
667 789 780 867 dietis,
795 791 827 856 S.
846 790 968 853 Paulus
989 801 1087 853 vocat
1102 791 1230 853 satisfa-

121 892 271 958 ctionem
295 895 417 959 Christi
441 894 635 976 simpliciter
657 893 1007 974 superabundantem;
1030 893 1122 973 atqui
1144 913 1231 974 prae-

70 992 73 1061 ἶ
122 1001 295 1078 posterum
311 1008 399 1062 esset
421 999 468 1062 ita
491 999 659 1080 appellare
674 996 936 1060 satisfactionem
952 1017 1027 1077 quae
1044 997 1124 1059 e'rese
1140 998 1229 1077 pror·
1277 1049 1279 1053 ,

121 1121 179 1163 sus
195 1086 399 1164 insufficiens
415 1111 511 1178 esset,
529 1112 562 1165 et
586 1122 662 1182 quae
685 1101 888 1182 aequivalens
905 1120 971 1162 non
989 1099 1091 1176 fieret,
1107 1100 1170 1161 nisi
1186 1121 1230 1162 ex

121 1204 355 1284 acceptatione
383 1203 456 1268 Dei.
501 1203 586 1286 Quis
610 1204 699 1266 enim
728 1205 813 1266 serio
838 1198 955 1266 dicere
974 1203 1110 1268 audebit
1137 1202 1229 1265 illum

121 1304 311 1367 debitorem
349 1305 582 1386 superabunde
618 1304 825 1381 satisfecisse,
855 1308 921 1386 qui,
952 1291 1055 1387 quum
1094 1317 1229 1370 centum

113 1414 282 1471 nummos
298 1408 443 1485 deberet,
459 1409 703 1491 quinquaginta
719 1417 850 1470 tantum
868 1409 975 1485 solvit,
986 1409 1063 1472 licet
1079 1411 1229 1486 creditor,

121 1517 358 1590 paupertatem
383 1507 455 1589 ejus
485 1508 610 1584 videns,
635 1509 720 1571 hanc
748 1510 1001 1575 insufficientem
1030 1512 1228 1576 solutionem

121 1614 372 1694 acceptaverit?
419 1612 541 1675 Nonne
565 1613 665 1693 igitur
687 1613 808 1675 Paulus
830 1625 944 1695 aperte
960 1635 1021 1677 nos
1037 1616 1177 1697 decepit,
1194 1617 1229 1690 si,

120 1719 206 1780 dum
223 1718 365 1798 pretium
382 1737 402 1779 a
417 1715 550 1779 Christo
566 1716 712 1778 solutum
739 1737 783 1778 ex
807 1737 843 1778 se
866 1718 908 1779 ad
933 1718 1093 1780 solvenda
1116 1718 1230 1780 debita

121 1804 233 1902 impar
255 1830 350 1896 esset,
370 1816 528 1882 audacter
551 1819 748 1881 affirmavit:
772 1819 828 1881 ubi
852 1820 1036 1896 abundavit
1059 1806 1229 1895 delictum,

119 1922 401 2004 superabundavit
413 1922 541 2004 gratia?

165 2030 229 2112 (Β)
262 2023 385 2093 Tradit.
434 2029 578 2094 Clemens
614 2030 669 2108 VI,
700 2031 733 2092 in
760 2030 857 2094 Bulla
884 2020 1085 2113 supradicta,
1113 2035 1243 2097 asserit·

120 2127 386 2195 satisfactionem
404 2131 527 2195 Christi
544 2152 615 2194 esse
632 2133 960 2214 superabundantem
978 2157 1016 2198 ere
1030 2135 1100 2217 ipset
1115 2137 1230 2201 unione

120 2234 344 2317 hypostatied,·
385 2236 478 2317 atqui
509 2237 601 2316 quod*
631 2247 683 2298 est
713 2238 987 2319 superabundans
1026 2250 1086 2301 ex⁵
1106 2241 1228 2303 unione

120 2339 334 2422 hypostatica
350 2359 418 2402 non
435 2348 546 2420 potest
562 2340 627 2402 dici
648 2340 815 2404 sufficiens
838 2361 882 2403 ex
905 2342 975 2404 sola
996 2344 1229 2424 'acceptatione

120 2452 155 2506 et
194 2442 441 2505 condonatione
479 2441 564 2519 Dei;
602 2462 690 2523 ergo.
744 2444 884 2525 Insuper
923 2444 955 2508 S.
989 2444 1157 2519 Pontifex,
1195 2445 1228 2506 in

119 2546 242 2608 eadem
260 2545 356 2609 Bulla
371 2544 547 2608 manifeste
563 2547 723 2626 supponit
736 2548 855 2609 merita
866 2546 989 2610 Christi
1006 2567 1078 2607 esse
1091 2545 1229 2622 infinita,

120 2669 160 2711 ac
176 2648 318 2730 proinde
333 2648 453 2711 infiniti
468 2649 589 2711 valoris
598 2671 605 2726 ;
628 2650 721 2730 atqui
738 2650 824 2730 quod
842 2660 893 2712 est
909 2648 1030 2712 infiniti
1046 2650 1166 2711 valoris
1178 2661 1229 2713 est

120 2772 160 2815 ex
172 2772 208 2814 se
218 2751 492 2833 superabundans
508 2752 551 2814 ad
568 2752 843 2815 satisfaciendum
860 2774 921 2834 pro
937 2754 1082 2834 peccatis
1099 2753 1226 2815 nostris

166 2911 234 2977 194
285 2898 343 2981 (C)
365 2899 443 2962 Rat.
472 2899 575 2962 Theol.
627 2899 678 2981 (a)
701 2898 893 2963 satisfattio
915 2898 1038 2963 Christi
1060 2899 1122 2961 fuit
1141 2919 1180 2962 ex
1196 2920 1229 2960 se

120 3000 324 3084 (equivalens.
365 3000 428 3064 Illa
443 3002 532 3064 enim
549 2999 733 3065 satisfactio
749 3011 801 3064 est
817 3023 861 3064 ex
878 3023 912 3063 se
929 3000 1140 3082 aequivaienS,
1153 3021 1227 3082 quae

120 3116 173 3169 est
189 3124 233 3166 ex
250 3124 286 3166 se
302 3104 422 3167 infiniti
437 3105 580 3187 valoris3
602 3107 704 3187 atqui,
717 3115 852 3186 propter
868 3106 1024 3168 unionem
1042 3102 1227 3186 hypostati-

116 3217 207 3284 cam,
222 3228 261 3270 ac
277 3194 425 3289 proinde,
437 3210 481 3291 'err
500 3228 543 3285 se,
556 3207 704 3272 actiones
721 3208 876 3270 humanae
893 3207 1015 3272 Christi
1032 3207 1109 3271 licet
1125 3207 1227 3269 finitae

122 3314 155 3374 in
183 3315 244 3372 sua
270 3311 410 3399 entitate
437 3309 588 3392 physica,
615 3311 748 3374 fuerunt
776 3321 888 3374 tamen
915 3311 1083 3373 moraliter
1107 3310 1226 3373 infiniti

121 3413 253 3489 valoris,
265 3422 298 3475 et
314 3399 449 3493 quidem
466 3413 642 3494 dupliciter
655 3436 662 3492 ;
684 3434 762 3476 nam
780 3413 949 3477 actionum
963 3413 1055 3475 valor
1070 3404 1227 3493 primario

121 3508 248 3600 pendet
270 3537 290 3578 a
311 3505 472 3596 degenerare
486 3526 632 3596 persone
654 3517 814 3596 agentem,
833 3525 866 3578 et
883 3516 1078 3577 secundario
1095 3535 1114 3576 a
1122 3515 1227 3594 pretio

154 3737 165 3770 1
178 3736 198 3789 ‘.‘
210 3733 293 3791 illam
302 3735 483 3805 (sententiam
492 3734 715 3802 Thomistarum)
728 3733 858 3789 existimo
872 3733 911 3787 ita
925 3742 1040 3799 certam,
1048 3741 1078 3786 ut
1088 3730 1233 3785 contraria

119 3840 173 3879 nec
186 3821 350 3893 probabilis,
363 3838 416 3876 nec
428 3821 484 3891 pia,
497 3838 550 3876 nec
564 3821 629 3875 fidei
643 3821 712 3874 satis
726 3832 918 3876 consentanea
936 3820 1065 3873 videatur
1071 3819 1085 3846 ’'
1098 3818 1226 3885 (Suaree,

119 3911 193 3981 disp.
210 3909 261 3974 lv,
277 3905 345 3964 sedi.
359 3925 384 3978 3,
398 3925 426 3962 n,
444 3909 498 3976 11).

154 3996 263 4066 ²Quod
277 3994 408 4049 illustrari
427 4004 522 4064 potest
540 3995 770 4064 comparatione:
791 3996 957 4064 obsequium
977 3994 1052 4063 quod
1072 3993 1198 4047 redditur
1210 4011 1227 4046 a

119 4087 193 4140 duce
206 4083 294 4153 pluris
306 4083 427 4136 habetur
439 4099 525 4151 quam
537 4083 561 4136 si
575 4100 592 4135 a
605 4082 716 4150 plebeio
735 4091 884 4151 praestetur
895 4101 902 4145 ;
922 4081 944 4133 si
958 4081 1007 4134 fiat
1020 4077 1125 4148 arege,
1141 4079 1227 4148 pluris

118 4173 214 4228 adhuc
227 4170 401 4226 aestimatur:
422 4169 445 4223 si
460 4186 525 4224 vero
538 4170 585 4222 fiat
598 4187 616 4222 a
629 4170 750 4238 persona
763 4169 880 4236 infiniti,
894 4168 947 4223 erit
959 4167 1123 4238 simpliciter
1137 4165 1227 4219 infini-

117 4272 181 4316 tum
192 4258 247 4328 (Cf
262 4258 401 4313 Salmant.
415 4257 432 4312 l.
446 4274 470 4311 c.
486 4274 512 4310 n.
530 4257 599 4327 171).
