2684 4634
135 196 201 248 556
575 196 716 251 CAPUT
733 199 795 249 111.

134 398 194 458 pro
210 382 282 440 tota
297 378 470 442 hominum
487 378 656 440 societate.
704 377 784 440 Nec·
796 378 923 442 dicatur
940 378 1067 443 Christi
1086 379 1222 444 immola·
1263 361 1265 365 ¹

134 482 259 544 tionem
276 503 296 543 a
312 481 497 543 tortoribus>
509 479 677 562 perediam
700 481 801 543 fuisse
810 504 817 559 ;
854 481 908 545 isti
924 481 1016 544 enim
1033 483 1171 546 suerunt
1183 505 1223 546 so·

134 585 304 647 lummodo
329 605 429 647 causa
453 585 714 647 instrumentalis
738 593 772 647 et
799 585 981 649 materialis
1003 587 1126 649 mortis
1151 585 1223 667 ejus;

134 690 191 750 sed
208 710 304 751 verus
320 689 473 750 sacerdos
490 687 551 750 fuit
567 687 638 768 ipse
654 688 815 762 Christus
831 698 998 768 quatenus
1024 691 1167 770 seipsam
1181 711 1223 751 vo·

133 790 275 853 luntarz'e
290 791 433 852 tradidit
446 791 579 853 mertia
595 791 775 853 tortoribus
792 791 994 872 infligendae,
1008 790 1114 873 juxta
1131 793 1222 856 illud:

132 902 148 928 “
166 898 241 976 Ego
257 917 380 978 ponam
397 897 543 959 animam
561 916 696 958 meam:
729 916 828 958 nemo
845 896 933 959 tollit
950 915 1028 957 eam
1054 915 1075 957 a
1099 916 1160 970 me,
1174 896 1221 957 sed

132 1022 195 1083 ego
211 1023 300 1082 pono
316 1021 390 1062 eam
408 1022 426 1062 a
444 1020 497 1060 me
513 1000 630 1080 ipso1’'
644 1020 651 1061 :
671 1020 736 1061 non
748 1000 936 1080 potuissent
946 1000 1036 1062 enim
1047 999 1221 1079 vitam'ejus

131 1108 266 1186 eripere,
290 1105 351 1166 nisi
370 1105 441 1184 ipse
457 1104 602 1184 seipsum
620 1103 666 1164 eis
683 1102 893 1181 tradidisset;
920 1114 953 1166 et
969 1105 1033 1166 hoc
1049 1104 1171 1167 sufficit
1191 1114 1219 1166 ut

133 1209 284 1272 Christus
300 1227 376 1268 vere
393 1206 491 1267 fuerit
507 1205 670 1280 sacerdos
687 1224 764 1267 narn
782 1206 814 1266 in
832 1205 1000 1268 sacrificiis
1016 1207 1059 1270 A.
1070 1207 1168 1288 Legis
1181 1208 1218 1267 vi-

131 1312 242 1376 &imae
259 1313 359 1374 etiam
378 1332 397 1372 a
413 1310 505 1372 laicis
522 1310 792 1386 immolabantur,
809 1321 842 1373 et
866 1331 886 1372 a
902 1308 1134 1372 sacerdotibus
1152 1308 1217 1370 ofle-

131 1416 288 1478 rebantur
300 1427 320 1475 ².
376 1410 430 1498 (d)
446 1413 597 1474 Tandem
624 1411 741 1473 melius
767 1414 902 1492 agnosci
930 1432 995 1474 non
1022 1421 1155 1492 poterat
1174 1432 1216 1472 su-

130 1539 282 1602 premum
300 1518 364 1580 Dei
380 1518 565 1579 dominium
584 1536 683 1597 quam
701 1537 759 1596 per
769 1527 909 1579 mortem
926 1517 1159 1592 hominis⁴Dei3
1179 1516 1216 1576 sic

129 1626 217 1686 enim
229 1621 521 1685 demonstrabatur
532 1640 649 1681 omnes
662 1630 838 1696 creaturas,
846 1622 947 1683 etiam
961 1618 1216 1700 perfectissimas

130 1731 241 1792 aDeo
268 1728 413 1808 pendere
440 1725 551 1806 quoad
579 1733 687 1785 totum
710 1743 807 1785 suum
828 1744 909 1797 esse,
926 1725 1103 1804 solumque
1119 1723 1215 1784 Deum

126 1833 180 1914 jus
197 1832 318 1894 habere
335 1832 376 1893 ad
393 1828 608 1891 existentiam
626 1835 658 1887 et
675 1825 844 1888 honorem.

171 1995 240 2058 231.
289 1994 324 2042 20
344 1978 532 2055 Qualz'tates.
580 1973 784 2038 Sacrificium
799 1975 921 2038 Christi
937 1975 970 2038 in
987 1997 1085 2038 cruce
1101 1976 1182 2038 fuit:

172 2095 222 2176 (a)
238 2091 516 2173 Perfecfir'ssimurn
534 2113 545 2151 .·
570 2111 646 2152 nam
664 2091 824 2172 perleciio
836 2092 974 2172 alicujus
987 2093 1139 2156 sacrificii
1150 2114 1218 2175 pen-

128 2199 185 2261 det
202 2196 385 2277 praesertim
406 2214 449 2254 ex
469 2192 630 2272 dignitate
645 2194 792 2269 veliem,
803 2205 836 2257 ct
852 2215 895 2257 ex
904 2197 1102 2275 perfetione
1117 2197 1219 2259 immo-

127 2301 279 2374 lationis,-
303 2300 395 2377 atqui
413 2299 444 2358 in
463 2296 622 2358 sacrificio
635 2298 740 2359 crucis
753 2295 888 2359 victima
898 2298 1013 2367 oblata
1022 2308 1094 2362 erat
1108 2299 1219 2361 infiniti

127 2405 257 2478 valoris
273 2413 306 2465 et
330 2402 516 2462 immolatio
541 2401 602 2462 fuit
625 2401 801 2481 completa,
818 2422 920 2481 quum
944 2413 1020 2483 post
1045 2405 1169 2467 multos
1192 2414 1221 2465 et

127 2509 301 2570 diuturnos
317 2506 456 2579 dolores
474 2504 624 2567 Christus
641 2506 777 2567 tandem
796 2515 936 2567 mortem
953 2506 1137 2569 violentam
1155 2529 1222 2589 pas-

126 2632 181 2674 sus
198 2610 310 2686 fuerit3
334 2629 420 2689 erge.

169 2715 219 2796 (b)
244 2714 381 2775 Finibus
408 2713 649 2774 incarnationis
680 2713 950 2773 accommodatum
978 2736 990 2775 .·
1038 2733 1119 2774 nam
1155 2712 1224 2774 finis

127 2818 369 2879 Incarnalionis
386 2836 452 2877 non
470 2824 519 2877 est
535 2815 643 2876 solum
661 2815 822 2877 redimere
845 2814 1025 2891 hominem,
1041 2817 1101 2878 sed
1126 2818 1222 2880 etiam

125 2921 171 2981 illi
197 2921 343 3001 praebere
367 2921 512 2980 remedia
538 2920 697 2980 adversus
722 2918 885 2998 triplicem
910 2922 1223 3000 concupiscentiam.

126 3025 230 3103 Atqui
248 3025 398 3088 Christus
416 3025 448 3084 in
467 3025 618 3104 passione
638 3023 709 3084 haec
734 3023 880 3085 remedia
904 3023 999 3085 nobis
1016 3025 1148 3104 praebet
1169 3045 1224 3105 per

124 3127 328 3206 exemplum,
339 3148 398 3186 nos
416 3128 569 3188 docendo
586 3127 757 3205 quomodo
770 3126 913 3199 divitias
924 3127 1066 3188 honores
1084 3138 1119 3190 et
1136 3128 1223 3190 volu-

123 3240 233 3311 ptates
250 3239 459 3291 contemnere
476 3232 678 3292 debeamus:
703 3231 764 3291 fuit
780 3232 869 3290 enim
881 3231 1038 3319 omnibus
1051 3231 1150 3292 bonis
1166 3253 1222 3293 ex-

123 3335 233 3408 ternis,
244 3334 344 3395 etiarn
355 3332 511 3409 vestibus
522 3335 692 3414 spoliatus
704 3334 890 3414 opprobriis
902 3344 1123 3408 saturatus&
1134 3336 1221 3397 omni

122 3446 363 3499 tormentorum
380 3457 501 3516 genere
518 3435 659 3497 afflictus
676 3436 727 3516 (S.
749 3437 806 3498 Tr.
826 3455 852 3516 3,
869 3456 898 3516 q.
914 3438 966 3514 46,
982 3457 1008 3498 a.
1028 3434 1113 3521 3·7).

165 3539 213 3619 (c)
231 3540 286 3599 Ex
303 3560 337 3600 se
353 3539 604 3619 efficacissimum
627 3564 637 3597 .·
674 3539 753 3600 illud
772 3539 859 3600 enim
883 3539 1080 3602 sacrificium
1106 3552 1158 3604 cst
1180 3562 1220 3602 ex

122 3661 156 3701 se
172 3640 300 3716 efficax,
317 3642 406 3720 quod
424 3662 468 3702 ex
485 3646 603 3702 natura
620 3646 679 3702 sua
696 3652 807 3723 potest
824 3643 934 3704 Deum
955 3644 1098 3723 placere,
1116 3644 1221 3706 nobis·

156 3844 164 3865 ¹
169 3839 234 3906 soa.
249 3840 285 3900 X,
305 3840 344 3890 18.

155 3925 203 3977 ²5.
220 3924 282 3990 Tu,
297 3939 321 3989 3,
337 3942 362 3992 q.
377 3939 420 3992 47,
439 3944 464 3978 a.
484 3944 504 3979 1.
545 3928 586 3979 cf.
605 3928 712 3993 Oelcler,
726 3948 770 3998 op.
786 3930 832 3984 cit.
857 3929 871 4001 ἓ
889 3934 949 3997 126;
977 3935 1071 4001 Laud,
1085 3937 1218 4003 Judische

121 4010 335 4077 Heiligthiimer‚
349 4029 375 4079 p.
394 4026 452 4079 579,
467 4030 506 4081 sq.
547 4015 630 4081 Quod
643 4016 758 4070 aliunde
777 4020 852 4072 clare
871 4020 1013 4088 colligitur
1031 4039 1066 4075 ex
1077 4024 1147 4080 Leo.
1164 4026 1184 4090 1,
1200 4037 1221 4090 5,

118 4096 166 4148 ubi
180 4097 281 4149 dicitur
293 4096 437 4151 victimam
452 4099 589 4152 immolari
604 4103 640 4154 ab
654 4120 687 4155 eo
701 4121 750 4170 pro
761 4122 816 4173 quo
830 4106 997 4161 sacrificium
1008 4109 1186 4177 offerebatur,
1196 4121 1222 4165 et

119 4182 210 4235 offerri
220 4201 237 4235 a
250 4184 443 4239 sacerdotibus
456 4204 461 4237 :
479 4186 719 4258 “immolabitque
732 4191 849 4245 vitulum
860 4209 956 4246 coram
970 4196 1106 4263 Domino,
1119 4208 1148 4251 et
1156 4198 1218 4251 offe-

117 4278 180 4322 rent
192 4269 240 4321 filii
253 4270 349 4323 Aaron
362 4273 523 4329 sacerdotes
537 4274 704 4343 sanguinem
717 4278 776 4346 ejus
786 4275 811 4332 ''.
