2684 4634
305 114 362 165 mr
379 108 725 164 opunnrrorursus
744 112 917 161 mvnvrs.
1098 98 1159 162 iia

58 293 116 350 cari
131 303 162 355 et
176 293 314 351 indurari.
352 292 510 350 Sumanrus
523 312 549 349 v.
564 308 590 362 g.
604 309 706 349 casum
720 289 889 359 Pharaonis,
906 290 1018 360 dequo
1032 287 1158 346 dicitur:

62 379 308 451 “Induravitque
321 379 470 436 Dominus
482 397 534 436 cor
547 380 708 437 Pharaonis
716 379 744 408 '⁹¹
748 399 756 451 ;
776 379 833 435 hoc
846 378 884 436 de
897 396 933 435 eo
947 395 1007 433 non
1018 374 1159 447 praedica·

59 477 105 525 tur
117 467 177 524 nisi
189 477 348 539 postquam
358 465 468 538 pluries
478 466 659 524 deciaratum
670 475 714 522 est
723 464 908 522 Pharaonem
918 454 1063 521 corsuum
1074 462 1159 518 indu-

58 555 147 625 rasse,
165 573 192 612 v.
208 572 235 626 g.
252 555 272 584 ‘⁴
281 554 396 612 Videns
409 564 510 611 autem
524 555 638 611 Pharao
652 552 734 624 quod
749 551 817 609 data
830 561 907 609 esset
920 550 1045 623 requies,
1059 550 1158 620 ingra-

58 641 202 698 vavr'tcor
213 658 308 712 suurn,
325 651 355 698 et
373 659 434 697 non
453 640 567 698 audivit
586 658 645 709 eos,
662 639 737 697 sicut
759 649 939 712 praeceperat
960 637 1108 695 Dominus
1117 636 1158 705 ”23

58 727 125 798 ipse
135 728 252 790 Pharao
261 746 324 785 rem
335 728 476 799 agnoscit,
489 728 618 786 dicendo
630 749 637 785 ι
656 725 892 784 “Peccavietiam
904 743 994 793 nunc;
1013 722 1160 780 Dominus

50 816 176 886 justus:
193 833 250 888 ego
262 825 292 874 et
303 816 433 888 popolus
446 834 540 883 meus,
555 815 686 887 impii''³;
705 814 776 871 hinc
794 813 899 872 merito
917 812 1021 869 audior
1040 809 1158 881 Sapien-

58 902 122 958 tica⁴
134 902 223 960 infert
237 905 335 961 Deum
348 904 507 976 AEgyptios
519 904 613 976 plagis
623 901 780 960 afficiendo
790 919 892 959 eorum
904 899 1119 957 correctionem
1130 906 1159 953 et

59 990 269 1062 poenitentiam
283 992 454 1050 intendisse.

102 1130 153 1194 99.
199 1114 250 1197 (b)
266 1118 406 1179 Peccata
417 1126 529 1180 autem
543 1115 611 1177 fieri
619 1114 823 1196 permittente
833 1113 909 1188 Deo,
920 1120 1052 1174 constat
1063 1130 1107 1172 ex
1119 1129 1159 1172 eo

60 1219 153 1299 quod
171 1219 252 1280 nihil
268 1219 442 1300 contingat
457 1220 520 1281 nisi
545 1220 619 1281 Deo
638 1218 771 1280 volente
793 1215 844 1279 vel
865 1215 1087 1296 permittente,
1102 1214 1158 1295 qui

60 1330 112 1383 est
120 1323 273 1384 omniurn
282 1322 464 1404 Supremus
472 1320 635 1385 Redtoret
645 1321 868 1384 Gubernator:
879 1323 966 1379 “non
979 1317 1016 1379 fit
1025 1314 1159 1398 aliquid,

59 1427 108 1487 ait
126 1412 410 1505 §.Augrrstz'nirsa
426 1425 487 1487 nisi
504 1426 720 1506 omnipotens
733 1423 801 1485 fieri
817 1421 896 1485 velit
912 1421 962 1483 vel
977 1421 1109 1483 sinendo
1125 1429 1163 1481 ut

50 1528 129 1609 fiat,
145 1528 197 1590 vel
215 1530 279 1611 ipse
284 1530 465 1608 faciendo''.
512 1529 548 1594 Si
564 1539 675 1592 autern
699 1529 884 1608 inquiratur
898 1545 955 1587 cur
971 1525 1062 1586 Deus
1086 1545 1160 1605 pec-

59 1642 176 1692 catum
193 1632 372 1712 permittat,
389 1631 442 1695 hae
457 1635 601 1696 rationes
625 1652 696 1694 curn
717 1629 846 1693 Lessio⁶
870 1612 977 1691 afferri
1001 1636 1160 1710 possunt:

60 1733 212 1799 “Prima
227 1754 327 1797 causa
342 1744 393 1796 est
408 1736 571 1816 generalis
580 1758 588 1814 ;
610 1736 689 1815 quia
704 1735 800 1797 decet
816 1731 1072 1813 gubernatorem
1089 1730 1160 1792 uni-

59 1836 225 1898 versalem
242 1847 275 1900 et
290 1857 490 1918 supremum,
506 1848 551 1914 ut,
564 1849 741 1920 postquam
754 1856 805 1897 res
817 1835 943 1915 optime
955 1842 988 1895 et
1000 1832 1160 1894 sufficien-

60 1939 192 2000 tissime
208 1941 250 2002 ad
266 1961 365 2005 omne
379 1943 502 2005 bonurn
513 1942 680 2016 instruxit,
690 1941 777 2002 sinat
789 1958 844 1999 eas
855 1937 909 2016 agi
919 1937 986 1998 suis
997 1935 1161 1998 motibus:

60 2037 212 2119 alioquin
228 2040 390 2103 auxilium
406 2041 563 2103 collatum
581 2061 647 2102 non
660 2041 825 2102 videretur
835 2038 1162 2114 fuissesufficiens‚et

61 2140 1161 2224 bonumopusvidereturcoac'tum,necessettantalaudedignum.

63 2244 222 2321 Secundo,
234 2256 271 2308 ut
282 2256 429 2309 creatura
444 2245 614 2309 rationalis
626 2267 698 2308 sese
710 2247 835 2308 excitet
848 2248 888 2308 ad
903 2247 1028 2308 bonum
1041 2245 1161 2306 iacien-

60 2343 146 2404 dum
162 2352 197 2405 et
212 2344 337 2408 malurn
353 2349 535 2426 vitandum,
551 2369 682 2430 semper
696 2349 824 2411 intenta
837 2359 870 2410 et
885 2340 1026 2410 sollicita
1036 2367 1078 2408 ne
1089 2367 1161 2428 gra-

60 2446 119 2508 tiae
129 2447 244 2511 desit...
288 2451 404 2529 Tertio,
413 2455 491 2534 quia
501 2474 544 2515 ex
556 2453 644 2515 malo
657 2453 749 2515 novit
759 2452 874 2514 elicere
882 2443 1035 2514 'maxima
1044 2451 1162 2515 bona'’.

63 2547 168 2611 Unde
180 2550 227 2613 ait
239 2550 274 2614 S.
283 2554 517 2635 Augustinusr
527 2580 539 2619 .·
561 2561 576 2588 ‘¹
590 2556 708 2636 Neque
720 2555 811 2616 Deus
823 2557 1044 2637 omnipotens
1055 2574 1161 2615 rerum

61 2652 116 2713 cui
129 2672 262 2716 summa
272 2666 429 2737 potestaS,
442 2679 518 2721 cum
530 2679 657 2721 summe
669 2659 775 2721 bonus
788 2659 839 2734 sit,
849 2658 916 2720 ullo
929 2658 1030 2719 modo
1042 2657 1163 2717 sineret

63 2753 146 2816 mali
161 2755 288 2838 aliquid
304 2779 376 2822 esse
391 2761 424 2822 in
440 2761 595 2843 operibus
611 2763 687 2836 suis,
704 2762 766 2822 nisi
782 2781 886 2841 usque
898 2760 983 2822 adeo
994 2769 1080 2821 esset
1092 2780 1163 2820 orn-

64 2858 224 2940 nipotens
234 2870 268 2923 et
277 2861 392 2938 bonuS,
402 2874 440 2927 ut
451 2864 658 2927 benefaceret
671 2866 771 2927 etiarn
784 2865 826 2926 de
840 2863 928 2925 malo
940 2863 965 2925 ''.
993 2863 1164 2944 Praecipua

63 2982 144 3023 vero
160 2961 251 3025 bona
265 2985 340 3045 quae
356 2987 400 3028 ex
417 2968 506 3031 malo
521 2968 696 3031 eliciuntur
711 2978 788 3030 sunt
804 2967 952 3030 ostensio
964 2967 1110 3050 justitia
1130 2968 1163 3027 in

65 3065 245 3146 puniendis
260 3072 413 3149 peccatis,
429 3083 486 3135 aut
502 3073 726 3135 irrisericordice
741 3073 773 3133 in
790 3073 837 3133 eis
853 3069 1091 3146 condonandis,
1103 3071 1164 3133 vir·

65 3179 179 3233 tutum
190 3174 395 3252 exercitium,
403 3198 431 3238 v.
442 3196 471 3257 g.
481 3176 649 3255 patientia
659 3197 703 3237 ex
716 3173 949 3237 afflictionibus
962 3176 1112 3254 irrogatis
1123 3175 1165 3234 ab

66 3273 189 3355 impiis,
217 3275 417 3341 humilitatis
445 3300 488 3341 ex
519 3281 642 3361 proprii
673 3279 784 3360 lapsus
811 3279 1075 3340 consideratione
1105 3286 1165 3339 etc.

68 3376 161 3457 Ergo
177 3380 280 3456 Deus,
295 3391 331 3444 ut
346 3383 479 3464 sapiens
494 3385 651 3464 provisor,
666 3393 803 3464 peccata
820 3383 1010 3463 permittere
1025 3391 1145 3462 potest.

212 3524 261 3580 11.
280 3523 334 3580 De
349 3523 620 3595 praerogativis
635 3523 851 3582 voluntatis
867 3522 1024 3578 divinae.

113 3651 181 3700 100.
226 3634 394 3699 Voluntas
410 3635 474 3697 Dei
490 3636 640 3717 plurimis
655 3634 779 3714 gaudet
790 3632 1040 3733 praerogativis:
1064 3652 1166 3712 quum

69 3741 163 3803 Deus
179 3741 223 3804 sit
238 3739 331 3804 adius
347 3760 458 3822 purus,
474 3739 545 3820 ejus
560 3740 713 3802 voluntas
730 3737 772 3799 ab
788 3735 858 3815 ejus
871 3737 1014 3797 essentia
1027 3755 1093 3795 non
1106 3735 1168 3796 dif-
1229 3789 1230 3792 ,

70 3844 140 3921 sert,
156 3864 219 3906 nec
234 3844 387 3907 voluntas
403 3843 446 3905 ab
461 3841 547 3918 adiu,
560 3844 605 3904 ita
617 3852 653 3904 ut
670 3843 702 3902 in
716 3842 791 3902 Deo
804 3839 916 3900 urricus
926 3839 972 3899 sit
982 3839 1087 3908 attus,
1103 3838 1168 3917 qui,

104 4040 220 4096 ¹Exod.
237 4041 288 4103 IX,
307 4055 346 4093 12.
359 4038 521 4092 -³Exod.
535 4038 620 4102 VIII,
642 4049 682 4103 15,
705 4036 742 4102 18,
762 4050 794 4102 32
814 4045 867 4089 etc.
888 4062 916 4070 -
930 4030 940 4060 ³
952 4031 1043 4083 Exod.
1063 4031 1112 4096 IX,
1127 4044 1167 4094 27.

68 4161 103 4168 -
120 4135 132 4166 ⁴
151 4129 204 4196 XI,
226 4140 249 4196 5,
270 4141 359 4195 15.
376 4127 387 4162 ⁵
405 4124 602 4189 Euchiridion,
623 4141 648 4176 n.
669 4137 710 4190 95.
727 4153 760 4160 -
778 4120 789 4151 ⁶
809 4123 860 4189 Op.
876 4119 920 4173 cit.
936 4120 952 4174 l.
970 4120 1022 4183 XI,
1036 4134 1063 4170 n.
1081 4132 1121 4181 27.
1136 4147 1169 4152 -

68 4214 287 4280 'Euchiridion
301 4231 327 4268 n.
345 4229 384 4268 rr.
