2684 4634
129 175 195 226 280
456 214 459 221 .
589 172 728 223 CAPUT
745 172 771 220 1.

160 371 250 424 20-23.
269 352 381 425 Quinta
394 351 475 408 dies:
561 351 676 408 Revera
700 349 730 405 in
755 347 852 405 stratis
876 344 1040 417 geologicis
1066 361 1133 414 quae
1157 338 1216 398 huic

128 441 246 500 “Dixit
259 441 347 499 etiam
370 439 475 497 Deus:
527 439 604 496 aetati
627 437 800 495 secundante
820 432 1003 506 respondent
1021 431 1142 488 inventa
1159 436 1217 485 suut

127 527 475 602 producantaquaerepti-
527 526 637 583 fossilia
654 524 801 598 reptilium
820 520 986 593 ingentium
1000 529 1028 577 et
1042 517 1217 576 volatilium:

125 617 153 675 le
171 617 278 674 animae
297 614 475 687 viventis„ct
527 612 586 669 huc
605 612 753 685 pertinent
771 609 943 667 batrachion
960 607 1080 678 ingens,
1096 602 1219 674 ichthyo-

125 692 242 775 ¹uolatile
267 719 373 774 super
416 711 478 759 ter-
526 717 638 768 saurus,
656 698 862 771 plesiosaurus‚
886 693 1092 768 pterodadlyli
1112 692 1221 749 lacerta

124 790 234 848 ram...'’
525 787 619 856 alatae,
628 786 849 858 megalosaurus
857 793 911 841 etc.
923 817 958 824 -
967 782 1014 839 De
1024 781 1110 838 novis
1120 777 1221 851 plantis

526 866 1221 947 quaeapparueruntnilresertmosaicanarratio.

131 1045 133 1048 ,
160 1018 247 1071 24-31.
285 997 375 1054 Sexta
387 997 446 1053 dz'es
456 1018 466 1054 ·:
562 996 663 1068 Hujus
676 995 736 1054 diei
750 994 866 1053 initium
880 987 1042 1062 respondet
1061 985 1159 1045 stratis
1175 991 1224 1041 ter-

126 1085 303 1142 “Producat
321 1093 396 1142 terra
412 1084 473 1141 ani·¹
525 1083 631 1154 triariis,
652 1083 681 1155 in
703 1081 812 1153 quibus
831 1076 1017 1150 reperiuntur
1033 1072 1148 1132 fossilia
1167 1071 1222 1128 ani·

123 1191 202 1229 mam
217 1172 363 1229 viventem
382 1171 411 1227 in
425 1189 473 1242 ge·
525 1170 647 1228 malium
670 1169 932 1248 mammilerorum,
957 1165 1034 1223 inter
1056 1182 1126 1238 quae
1146 1163 1223 1220 fuere

123 1277 193 1336 nere
212 1276 275 1331 suo,
291 1259 425 1329 jumenta
444 1267 474 1316 et
525 1258 727 1333 corypbodon,
752 1252 985 1334 palaeotberium,
1010 1239 1220 1317 dinotberium

123 1342 246 1414 reptilia,
257 1352 286 1399 et
297 1342 405 1400 bestias
418 1352 472 1400 ter·
525 1343 1223 1421 simiusanthropomorphus,mastodon,anima·

123 1448 190 1487 rae...
208 1429 363 1487 Faciamus
378 1429 472 1486 homi·
524 1432 563 1489 lia
575 1442 701 1504 cetacea,
719 1442 773 1490 etc.
810 1433 898 1490 Tunc
917 1431 1138 1506 prodiit'etiam
1156 1438 1222 1487 aetas

123 1533 191 1574 nem
209 1517 246 1573 ad
268 1515 473 1594 imaginemet
525 1519 627 1577 mundi
642 1519 842 1590 quaternaria,
860 1537 1007 1592 quaecum
1022 1518 1153 1591 periodo'
1167 1517 1222 1589 gla-

122 1603 345 1661 similitudinem
421 1622 472 1661 no·
524 1607 589 1664 ciali
609 1607 732 1679 incipit:
752 1617 823 1665 tunc
841 1608 923 1666 mirae
941 1605 1157 1679 magnitudinis
1175 1603 1222 1660 llo·

122 1691 261 1749 stram...”
486 1701 490 1710 ’
524 1703 644 1752 ruerunt
657 1693 771 1766 belluae,
784 1705 816 1753 ut
825 1695 1040 1767 megatherium
1054 1703 1083 1752 et
1096 1692 1222 1764 megalo·

231 1787 233 1792 '
474 1774 477 1780 ’
524 1800 588 1854 nyx,
606 1774 801 1852 mammouth,
815 1783 1058 1862 hippopotamus,
1074 1792 1223 1861 etc.;quae

524 1868 646 1939 quidem
660 1869 784 1940 species,
795 1887 919 1941 quarum
928 1871 1079 1944 pleraeque
1089 1887 1223 1927 nuncex·

523 1954 632 2024 tinctae,
647 1955 749 2027 primis
763 1956 935 2016 hominibus
948 1975 1057 2016 coaevae
1070 1959 1198 2016 fuerunt.

133 2059 135 2065 '
157 2068 227 2122 Hoc
240 2072 366 2137 systema
380 2074 412 2122 ut
425 2066 608 2138 probabilius
626 2084 643 2123 a
663 2066 763 2124 multis
781 2068 935 2126 catholicis
952 2068 1163 2142 interpretibus
1176 2070 1225 2126 ho-

120 2155 168 2212 die
182 2163 405 2230 propugnatur:
425 2163 469 2211 sat
483 2154 603 2212 feliciter
616 2153 813 2230 narrationem
827 2155 989 2215 mosaicam
1004 2175 1072 2214 cum
1086 2157 1224 2215 naturali·

121 2241 176 2299 bus
190 2240 319 2298 scientiis
332 2240 479 2312 conciliat,
495 2240 662 2299 dummodo
676 2250 775 2299 tamen
789 2259 872 2300 sensu
886 2244 946 2300 lato
965 2243 1154 2316 intelligatur,
1170 2262 1225 2301 nec

119 2337 255 2386 accurata
265 2325 452 2399 exspectetur
462 2327 606 2384 sactorum
617 2338 646 2387 et
654 2325 821 2402 temporum
831 2330 1048 2402 determinatio,
1063 2332 1116 2390 sed
1127 2332 1224 2390 solum

120 2413 280 2471 sunzmuria
294 2413 509 2485 praecipuarum
529 2431 624 2470 rerum
643 2415 799 2488 descrrsptio,
816 2417 897 2474 rudis
916 2417 1019 2491 populi
1038 2418 1161 2489 ingenio
1179 2436 1225 2474 ac·

121 2504 319 2562 commodata.
336 2535 369 2543 -
384 2503 527 2559 Nonnulli
548 2513 646 2560 tamen
661 2503 798 2561 catholici
812 2503 989 2562 illudhodie
1000 2505 1148 2576 rejiciunt,
1160 2515 1224 2562 tum

121 2592 190 2664 quia
203 2609 290 2648 voces
299 2592 372 2660 trane,
389 2590 450 2646 ereb
462 2599 491 2646 et
504 2592 584 2660 bdqer
596 2591 712 2647 nonnisi
732 2607 808 2662 aegre
827 2591 865 2648 de
878 2590 1008 2662 periodis
1020 2591 1143 2663 intelligi
1158 2609 1226 2664 pos·

88 2698 90 2701 ·
120 2690 268 2750 sunt,tuiu
283 2677 351 2749 quia
366 2677 394 2733 in
404 2677 541 2748 geologia
549 2695 598 2734 sex
608 2678 720 2749 periodi
732 2677 878 2736 distinctae
892 2677 1222 2751 minimeinveniuntur‚

120 2779 182 2825 tum
198 2767 266 2838 quia
280 2765 338 2822 dici
353 2765 455 2835 nequit
468 2776 635 2822 accuratam
649 2783 685 2822 ac
697 2765 890 2823 scientificam
905 2766 946 2823 ibi
960 2765 1084 2824 inveniri
1102 2767 1227 2840 originis

120 2874 215 2914 rerum
231 2850 417 2922 relatiunem,
429 2870 520 2923 quum
541 2871 649 2924 scopus
668 2852 797 2911 auctoris
816 2872 875 2911 nou
896 2854 982 2912 suerit
999 2855 1226 2926 cosmogoniam

120 2944 235 3001 docere.
405 2991 407 2995 ,

163 3100 210 3164 34.
253 3079 473 3146 Corollurr'mn.
514 3046 568 3141 Ex
582 3079 632 3141 his
645 3101 719 3161 quae
735 3082 884 3144 diximus
897 3080 966 3162 jam
983 3079 1065 3144 solvi
1082 3094 1226 3164 possunt

60 3243 62 3247 .
119 3186 331 3251 difficultates
341 3182 383 3244 ab
397 3182 576 3245 Incredulis
588 3185 889 3265 propositaecontra
898 3185 1081 3248 Mosaicam
1092 3207 1224 3250 cosmo-

120 3309 263 3375 gomam.
723 3307 725 3312 s

166 3407 230 3497 (A)
250 3409 376 3471 Dicunt
388 3408 520 3499 admitti
535 3428 599 3469 non
613 3428 710 3488 posse
722 3397 923 3470 creationem
937 3417 1033 3471 terrae
1045 3419 1123 3472 ante
1133 3431 1223 3476 crea-

119 3518 242 3580 tionem
260 3512 347 3587 solis,
358 3512 460 3572 centri
474 3512 562 3592 quod
577 3513 663 3573 circa
673 3511 833 3590 volvitur;
849 3513 1068 3594 respondetur
1078 3514 1221 3597 Moysen

118 3623 181 3683 hoc
194 3617 330 3680 minime
342 3615 510 3693 docuisse;
527 3635 603 3691 nam
615 3613 714 3677 verba
724 3613 797 3695 ejus
808 3615 1020 3678 solummodo
1031 3616 1223 3699 significant

118 3721 222 3783 solem
247 3715 440 3809 apparuisse,
456 3735 523 3777 non
543 3724 651 3778 autern
673 3725 820 3777 creatum
842 3714 951 3792 luisse,
967 3725 1085 3805 quarta
1105 3716 1170 3795 die,
1185 3729 1222 3782 ut

118 3844 216 3906 supra
233 3819 482 3901 explicavimus.

161 3942 221 4022 (B)
239 3940 380 4002 Addunt
397 3939 528 4000 admitti
551 3960 615 4000 non
636 3960 734 4020 posse
759 3940 890 4020 plantas
911 3948 988 4003 ante
1003 3940 1219 4005 existentiam

117 4045 195 4107 solis
206 4044 353 4127 floruisse
364 4040 553 4124 fruetusque
563 4043 751 4124 protulisse;
768 4044 986 4125 respondetur
997 4043 1110 4123 solem,
1118 4043 1220 4126 juxta

117 4150 361 4232 expositionem
379 4151 503 4224 datam,
516 4149 586 4230 jam
604 4159 681 4212 ante
698 4150 830 4231 plantas
846 4149 1024 4220 exstitisse,
1040 4149 1116 4213 licet
1140 4164 1219 4213 non-

116 4257 195 4317 dum
208 4254 423 4334 apparuisset,
434 4262 567 4334 propter
577 4273 715 4334 vapores
726 4254 781 4333 qui
793 4251 944 4341 tellurem
955 4252 1219 4343 circumdabant;
