2684 4634
477 165 532 215 DE
551 166 737 216 HOMINE.
1093 166 1153 216 381

53 355 193 420 naturae,
209 345 289 408 satis
306 345 520 427 probabiliter
536 347 666 429 probari
680 353 791 428 potest
804 343 993 425 hujusmodi
1007 342 1155 406 delectus

52 464 125 507 esse
142 445 308 527 poenales;
332 453 365 508 et
381 446 427 507 sic
444 445 554 527 colligi
573 455 683 528 potest
699 448 882 513 humanum
900 470 1005 530 genus
1018 458 1156 530 peccato

52 550 168 631 aliquo
184 549 388 633 originaliter
403 569 474 612 esse
492 545 681 612 inledtum”.

98 653 200 736 Quod
229 653 442 717 confirmatur
467 652 564 714 variis
588 651 785 733 populorum
810 654 1043 717 traditionibus
1067 654 1154 736 apud

52 777 216 839 paganos
232 766 349 838 poetas
366 766 399 820 et
416 754 633 838 philosophos
649 757 861 838 consignatis
880 759 912 819 in
937 758 1058 839 quibus
1082 757 1155 838 plus

54 861 209 922 minusve
225 859 384 941 explicite
406 859 585 922 existentia
610 858 721 940 lapsus
745 862 943 942 agnoscitur.
990 861 1054 937 Sic,
1072 862 1157 923 inter

56 964 193 1038 Gnaeos,
209 963 389 1038 Hesiodus1
406 961 562 1025 describit
578 961 764 1027 Promethei
773 964 888 1040 satum,
900 966 965 1046 qui,
977 976 1154 1046 postquam

54 1068 168 1148 ignem
186 1086 204 1128 e
220 1066 304 1128 coelo
321 1066 449 1146 eripuit,
466 1085 531 1126 non
547 1064 655 1127 solum
675 1067 707 1128 iu
724 1088 759 1129 se
776 1067 923 1130 crudeles
947 1089 1063 1150 poenas
1088 1067 1156 1143 luit,

55 1171 112 1232 sed
131 1170 234 1231 etiam
251 1190 350 1232 causa
367 1167 428 1231 fuit
444 1189 501 1230 cur
524 1168 760 1249 cujuscumque
783 1169 912 1249 generis
936 1168 1024 1231 mala
1047 1176 1155 1230 totum

56 1284 218 1336 terrarum
243 1273 356 1336 orbem
382 1271 610 1353 pervaserint2.
660 1271 750 1333 Inter
772 1271 920 1346 Latt'nos,
947 1270 1071 1335 Ciceros
1088 1292 1154 1334 rem

35 1377 100 1438 'sic
130 1375 296 1438 declarat:
320 1374 464 1437 “Homo
491 1394 556 1436 non
586 1382 621 1435 ut
648 1394 668 1435 a
695 1383 808 1448 matre,
832 1374 889 1439 sed
914 1384 993 1436 uta
1017 1381 1156 1436 noverca

56 1481 176 1541 natura
193 1479 302 1541 editus
320 1478 352 1539 in
370 1478 482 1552 vitam,
499 1497 635 1558 corpore
652 1475 751 1551 nud0‚
767 1485 800 1538 et
818 1476 934 1558 fragili,
952 1486 985 1539 et
1010 1477 1156 1554 infirmo;

55 1583 171 1642 animo
188 1590 299 1643 autem
316 1581 419 1642 anxio
436 1580 478 1642 ad
503 1578 680 1652 molestias,
696 1578 812 1642 humili
836 1581 879 1642 ad
904 1581 1047 1656 timores
1065 1580 1156 1642 molli

56 1685 96 1747 ad
117 1685 257 1758 labores,
274 1704 379 1765 prono
396 1683 437 1745 ad
463 1683 632 1759 libidines;
656 1683 688 1743 in
712 1702 779 1762 quo
804 1692 914 1746 tamen
940 1684 1061 1746 inesset
1085 1694 1156 1746 tan·

56 1807 159 1869 quam
176 1788 308 1849 obrutus
324 1788 460 1869 quidam
477 1785 611 1848 divinus
627 1785 721 1866 ignis,
739 1786 861 1867 ingenii
878 1795 911 1848 et
929 1787 1074 1849 mentis...
1100 1787 1155 1848 Ex

55 1889 179 1972 quibus
195 1890 352 1952 humanae
368 1890 445 1952 vitae
463 1889 625 1952 erroribus
642 1899 675 1952 et
691 1889 847 1951 aerumnis
871 1889 907 1952 fit
931 1898 967 1952 ut
991 1891 1155 1952 interdum

54 2003 185 2057 veteres
201 1993 247 2056 illi
263 2002 364 2070 vates,
382 1994 450 2055 sive
474 1995 505 2055 in
531 1994 630 2055 sacris
654 1994 820 2074 initiisque
844 1993 1013 2056 tradendis
1036 1994 1157 2056 divinae

56 2098 181 2160 mentis
198 2097 403 2178 interpretes,
420 2099 475 2179 qui
494 2119 553 2160 nos
570 2097 606 2160 ob
621 2098 733 2179 aliqua
748 2099 864 2161 scelera
879 2108 1020 2178 suscepta
1036 2098 1075 2160 in·
1087 2098 1157 2161 vital

53 2201 228 2282 superare,
244 2221 418 2282 poenarum
436 2201 630 2264 luendarum
654 2206 753 2264 causa
777 2211 872 2264 natos
896 2222 968 2264 esse
990 2203 1157 2285 dixerunt,

55 2304 184 2386 aliquid
202 2304 323 2367 vidisse
339 2305 522 2381 videantur,
539 2305 637 2367 simili
656 2326 715 2367 nos
739 2304 876 2369 afledtos
900 2327 972 2369 esse
995 2307 1157 2390 supplicio

54 2418 159 2489 atque
175 2428 241 2483 eos
251 2429 390 2489 quorum
408 2429 545 2491 corpora
558 2410 632 2472 viva
645 2430 719 2472 cum
734 2411 880 2487 mortuis,
894 2412 1031 2474 adversa
1044 2413 1156 2474 adver·

55 2512 100 2574 sis
117 2513 381 2588 accommodata,
394 2533 494 2594 quam
508 2515 678 2595 aptissime
691 2514 947 2595 colligabantur;
971 2516 1016 2578 ita
1029 2517 1157 2579 animos

56 2626 191 2678 nostros
203 2637 278 2678 cum
289 2617 480 2698 corporibus
494 2617 675 2699 copulatos,
686 2628 721 2680 ut
735 2618 827 2679 vivos
840 2638 913 2680 cum
929 2619 1075 2695 mortuis
1086 2640 1157 2681 esse

55 2716 284 2800 conjundtos”.
332 2720 469 2782 Eaedem
488 2721 682 2783 traditiones
699 2719 787 2802 apud
815 2720 995 2784 Orientales
1016 2721 1157 2802 vigenn,

54 2833 87 2886 et
106 2822 161 2885 ille
178 2823 364 2886 communis
380 2843 561 2886 consensus
578 2825 658 2886 satis
672 2824 842 2886 evidenter
854 2825 1000 2886 ostendit
1013 2825 1156 2893 miseria·
1208 2871 1210 2875 η

55 2947 128 2989 rum
146 2927 245 3006 hujus
261 2928 338 2990 vitae
355 2928 580 3003 acerbitatem,
597 2928 668 2989 sine
692 2927 851 3009 primaeva
874 2925 981 3006 culpi,
998 2945 1063 2988 non
1088 2936 1156 2989 tam

55 3029 152 3093 facile
169 3029 330 3112 explicari
346 3052 452 3112 posse,
469 3051 569 3111 quam
587 3031 734 3093 admisso
750 3028 899 3110 originali
917 3040 1061 3110 peccato.

90 3233 221 3301 ¹The0g.
239 3234 273 3298 V,
289 3245 339 3301 510
352 3250 393 3302 sq.

88 3323 99 3353 ²
120 3319 199 3386 Quas
220 3318 384 3374 traditiones
406 3319 445 3373 sic
467 3320 576 3388 poetice
597 3321 718 3374 reddidit
740 3320 881 3373 Horatius
901 3319 929 3386 (l.
950 3320 971 3383 Ι,
991 3319 1082 3372 Carm.
1105 3321 1148 3371 ΙΙΙ

56 3418 86 3470 27
102 3404 156 3475 sq.)
169 3424 175 3459 :

442 3494 543 3548 Audax
556 3494 648 3562 Japeti
663 3511 753 3563 genus

338 3581 437 3649 Ignem
450 3581 548 3636 fraude
560 3583 636 3636 malit
648 3583 778 3650 gentibus
792 3580 891 3634 intulit.

408 3669 475 3721 Post
489 3669 581 3737 ignem
595 3669 711 3723 aetheria
725 3669 808 3721 domo

337 3753 521 3823 Subdudium
538 3757 644 3810 macies
658 3765 685 3810 et
698 3773 772 3808 nova
785 3755 905 3809 febrium

407 3843 501 3896 Terris
515 3842 639 3897 incubuit
654 3843 771 3906 cohors;

293 3915 296 3921 ¹
336 3928 498 3998 Semotique
512 3929 588 3998 prius
603 3930 683 3984 tarda
696 3928 852 3983 necessitas

407 4015 488 4070 Lethi
503 4015 636 4084 corripuit
649 4016 777 4084 gradum.

88 4101 99 4135 ³
111 4103 290 4169 Hortensius,
307 4101 365 4156 sive
379 4102 414 4156 de
431 4102 613 4172 Philosophia
626 4103 792 4171 fragmenta.

88 4188 98 4222 ⁴
117 4190 159 4244 Cf.
179 4188 304 4256 M'colas,
324 4189 432 4244 Etudes
451 4188 692 4261 philosophiques,
715 4199 734 4245 t.
754 4191 792 4258 ll,
815 4206 838 4244 c.
854 4204 879 4256 4,
898 4185 957 4260 tl,
980 4185 1166 4252 Lenorntunt„

58 4274 108 4329 les
123 4274 251 4342 Origines
263 4275 299 4326 de
309 4275 460 4342 I'Histoire,
477 4293 498 4330 c.
517 4277 560 4344 113
582 4276 712 4335 Histoire
727 4279 764 4335 rle
778 4276 915 4345 l’Or'tent,
927 4278 949 4333 l.
964 4278 994 4342 l,
1009 4293 1034 4332 c.
1049 4293 1080 4336 22
1090 4271 1112 4343 ἓ
1124 4289 1153 4324 2·
1316 4274 1323 4347 l
