2684 4634
121 171 188 222 608
566 170 704 222 CAPUT
721 171 776 220 IV.

118 353 228 434 'Virgo
244 362 313 414 erat
330 372 395 413 non
419 351 526 414 solum
543 372 688 432 corpore,
706 352 762 414 sed
780 353 880 415 etiam
898 361 1022 427 mente,
1034 330 1114 433 quae
1131 352 1213 414 nullo

121 455 188 518 doli
206 455 333 518 ambitu
350 457 513 519 sincemm
527 456 730 519 adulteraret
746 454 924 536 afledtum3
959 458 1061 519 corde
1078 439 1211 531 humilis,

121 559 229 621 verbis
245 560 364 642 gravis,
381 561 482 623 animi
501 561 656 642 prudens,
672 561 830 642 loquendi
847 560 984 641 parcior,
1001 560 1138 642 legendi
1153 571 1211 623 stu-

121 662 245 723 diosior
263 687 270 724 :
305 683 372 724 non
390 665 422 725 in
440 668 566 727 incerto
582 664 781 740 divitiarum,
798 665 855 726 sed
873 665 905 725 in
919 656 1018 744 prece
1034 685 1208 746 pauperum

122 785 215 846 spem
232 788 408 849 reponens:
433 769 561 831 intenta
571 769 672 849 operi,
681 751 868 830 verecunda
877 771 1040 844 sermone,
1057 769 1207 831 arbitrum

123 871 243 932 mentis
267 871 365 933 solita
389 892 454 933 non
478 871 657 947 hominem,
673 872 731 933 sed
750 871 860 932 Deum
883 890 1058 949 quaerere:
1093 871 1206 934 nullum

123 970 251 1047 laedere,
258 973 341 1035 bene
354 973 437 1036 velle
453 974 607 1036 omnibus
610 994 794 1055 ,assurgere
807 972 987 1053 majoribus
1005 984 1097 1049 natu,
1111 995 1205 1055 aequa·
1248 1006 1252 1075 Ι

124 1056 209 1140 libus
227 1098 293 1140 non
307 1079 463 1149 invidere,
474 1079 586 1158 fugere
600 1077 806 1160 jadiantram
816 1080 977 1141 rationem
993 1080 1099 1159 sequi,
1109 1099 1203 1140 amare

122 1183 328 1244 virtutem..
376 1181 466 1243 Nihil
484 1191 614 1244 torvum
632 1184 665 1245 in
682 1182 795 1258 oculiS,
812 1182 918 1244 nihil
909 1202 942 1243 rn
959 1181 1069 1243 verbis
1085 1202 1201 1263 procax,

123 1280 203 1341 nihil
220 1281 252 1341 in
269 1278 344 1342 adiu
363 1280 639 1345 inverecundum:
668 1300 734 1343 non
750 1290 864 1362 gestus
881 1278 1023 1356 fradtior,
1035 1300 1102 1342 non
1116 1281 1199 1342 inces-

122 1404 177 1445 sus
192 1383 339 1458 solutior,
356 1404 422 1444 non
439 1404 506 1446 vox
523 1385 726 1465 petulantior
733 1407 741 1461 ;
777 1394 813 1447 ut
831 1385 902 1466 ipsa
918 1385 1067 1465 corporis
1092 1384 1197 1465 species

122 1487 333 1550 simulacrum
351 1487 448 1550 suerit
464 1489 593 1563 mentiS,
608 1487 714 1569 figura
729 1488 903 1569 probitatis
913 1489 937 1552 '’.
1244 1496 1248 1533 ¹

162 1649 232 1714 291.
282 1630 495 1696 Corollarircm
512 1653 524 1691 .·
550 1630 602 1692 De
615 1629 845 1710 Assurnptione
859 1628 897 1691 B.
919 1627 1076 1710 Virginis.
1128 1627 1194 1689 Hinc
1243 1566 1248 1665 i

122 1734 260 1814 intelligi
285 1736 384 1796 datur
407 1755 465 1795 cur
481 1733 632 1794 Ecclesia
655 1743 779 1795 canat:
815 1738 830 1764 ‘⁴
845 1732 1007 1794 Exaltata
1030 1743 1081 1794 est
1104 1733 1134 1796 S.
1149 1727 1194 1792 Dei

124 1838 277 1901 Genitrix
294 1857 392 1918 supra
402 1838 519 1899 choros
533 1836 740 1917 Angelorum
754 1837 795 1898 ad
807 1835 956 1898 coelestia
972 1855 1075 1916 regna
1085 1836 1115 1911 ”3
1137 1849 1193 1895 nam

124 1945 155 2003 in
172 1939 373 2023 perfectione
382 1940 600 2014 beatitudinis,
616 1941 701 2002 sicut
718 1941 749 2001 in
764 1931 926 2002 virtutum
939 1936 1194 2019 perfeetioneho-

124 2048 229 2108 mines
245 2055 279 2108 et
296 2045 446 2126 Angelos
462 2052 603 2123 superat.
653 2045 792 2124 Insuper
815 2052 865 2104 est
887 2043 1031 2118 traditio,
1049 2043 1196 2121 utriusque

125 2151 281 2212 Ecclesiae
294 2150 422 2211 Latinae
433 2158 465 2210 et
478 2147 605 2210 Graecae
617 2168 779 2210 consensu
791 2147 930 2222 firmata,
942 2156 976 2208 et
988 2147 1064 2208 festi
1079 2146 1196 2207 Assum·
1247 2136 1252 2247 Ι

124 2256 246 2335 ptionis
271 2254 478 2316 institutione
504 2252 628 2327 innixa,
639 2252 673 2313 B.
688 2251 873 2332 Virginem,
888 2260 965 2332 post
982 2261 1133 2326 mortem,
1148 2265 1197 2310 non

124 2357 230 2417 solum
256 2356 437 2416 secundum
462 2356 618 2429 animam,
634 2355 691 2416 sed
718 2357 818 2416 etiam
839 2356 1021 2417 secundum
1039 2374 1162 2434 corpus,
1176 2351 1200 2410 in

123 2460 438 2538 coelumossmnptam
446 2459 561 2536 suzsse.
610 2459 693 2520 Haec
706 2459 827 2519 veritas
840 2458 881 2518 de
892 2455 957 2519 fide
974 2477 1041 2518 non
1057 2467 1123 2533 est;
1151 2458 1201 2517 imo

124 2564 254 2646 probari
271 2563 386 2642 nequit
402 2582 509 2643 neque
526 2562 707 2642 Scriptura,
725 2582 833 2641 neque
850 2562 1063 2641 antiquorum
1084 2562 1203 2622 Patrurn

124 2667 290 2749 explicitis
321 2666 528 2727 testimoniis,
577 2667 637 2726 Per
664 2675 808 2746 quatuor
835 2665 923 2725 enim
952 2665 1062 2743 priora
1094 2661 1204 2726 saecula

125 2772 204 2834 nihil
221 2770 378 2850 explicite
394 2770 553 2831 traditum
571 2780 621 2831 est
637 2770 679 2830 de
697 2773 855 2849 corporei
873 2768 907 2829 Β».
925 2767 1077 2847 Virginis
1094 2786 1208 2830 assum·

124 2876 237 2956 ptione
264 2873 296 2932 in
321 2872 475 2952 operibus
502 2873 637 2933 Patrum
660 2872 812 2951 genuinis
839 2891 914 2950 quae
939 2880 1129 2950 supersunt,
1156 2868 1206 2932 sed

124 2974 283 3036 nonnulla
303 2974 512 3036 inveniuntur
534 2976 726 3036 testimonia
746 2974 787 3035 de
809 2973 914 3055 gloria
938 2972 1009 3054 ejus
1034 2974 1163 3036 coelesti
1185 2975 1212 3034 in

123 3097 252 3156 genere,
277 3085 309 3135 et
333 3075 374 3135 de
401 3081 439 3136 ea
473 3075 704 3157 intelliguntur
726 3077 827 3139 verba
853 3071 1078 3157 Apocalypsis
1097 3101 1109 3140 .·
1148 3077 1215 3138 “Et

124 3179 254 3258 signum
280 3197 436 3257 magnum
461 3181 615 3260 apparuit
632 3180 664 3239 in
682 3179 767 3241 coelo
787 3203 793 3240 :
821 3179 938 3240 mulier
953 3176 1076 3241 amicta
1092 3180 1171 3257 sole,
1187 3190 1216 3241 et

124 3281 202 3343 luna
222 3277 284 3342 sub
300 3280 440 3360 pedibus
461 3283 541 3362 ejuS,
557 3293 590 3344 et
614 3283 646 3342 in
671 3283 780 3362 capite
804 3282 875 3360 ejus
902 3302 1024 3343 corona
1048 3283 1217 3345 stellarum

123 3366 299 3445 duodecim
311 3385 326 3408 '¹
338 3396 358 3445 1.
406 3383 533 3465 Quinto
549 3383 679 3460 saeculo,
694 3384 763 3465 jam
780 3405 884 3464 pauca
899 3384 1114 3446 inveniuntur
1130 3388 1219 3448 testi·

125 3489 236 3547 monia
260 3489 301 3548 de
329 3488 399 3567 ejus
433 3488 597 3568 corporali
625 3489 862 3568 assumptione,
888 3510 914 3550 v.
941 3508 970 3568 g.
999 3489 1031 3548 in
1063 3490 1221 3568 operibus

125 3591 431 3671 Pseudo-Dionysii.
480 3591 510 3651 A
533 3602 630 3653 sexto
647 3602 758 3654 autem
775 3592 899 3665 saeculo,
917 3610 966 3651 res
982 3590 1104 3652 diserte
1121 3595 1221 3655 tradi-

124 3703 176 3754 tur
192 3712 257 3753 non
274 3693 380 3754 solum
399 3696 430 3755 in
442 3684 595 3774 operibus
611 3696 755 3770 Patrum,
768 3696 825 3756 sed
838 3696 938 3757 etiam
950 3695 982 3754 in
996 3694 1139 3774 liturgiis
1150 3706 1221 3758 tum

123 3797 247 3877 graecis
264 3804 333 3856 tum
353 3796 497 3874 latinis²;
524 3808 565 3872 et,
579 3799 654 3860 licet
671 3800 820 3862 nonnulli
834 3799 1034 3879 quandoque
1051 3797 1113 3859 hac
1130 3800 1223 3863 dere

158 3996 263 4062 ΙΑβοε.
282 3995 350 4060 XII,
368 4010 389 4047 1.

156 4082 246 4148 ²(2uae
260 4080 422 4133 testimonia
435 4082 499 4134 vide
512 4100 557 4150 ap.
574 4083 687 4146 Livius,
704 4099 748 4149 op.
766 4081 823 4148 cit,
840 4099 866 4150 p.
882 4083 934 4147 360
947 4098 987 4149 sq.
996 4101 1002 4145 ;
1021 4081 1061 4134 A.
1077 4079 1173 4150 Latia,
1184 4085 1224 4136 La

123 4164 323 4221 Resurrezione
341 4184 356 4220 e
370 4184 505 4237 corporea
518 4169 684 4222 assunzione
698 4168 772 4222 della
787 4170 815 4222 S.
829 4170 862 4220 V.
879 4168 979 4222 Madre
993 4168 1022 4220 di
1038 4169 1104 4235 Dio,
1122 4172 1223 4237 Roma,

113 4258 195 4325 1880;
231 4258 311 4328 sepe,
334 4271 448 4328 n.1130
470 4275 526 4330 sos,
558 4256 592 4310 ci.
603 4257 794 4326 Jorurcci,l)e
812 4254 993 4321 betparentis
1014 4255 1225 4331 Assumptione
