2684 4634
119 162 184 213 272
579 163 717 215 CAPUT
734 163 760 213 1.
1244 39 1251 235 i

118 346 324 409 concorditer
338 346 460 408 dicunt.
508 345 585 428 Quo
601 355 712 410 autem
730 344 820 408 modo
844 355 876 408 ct
897 343 1011 409 ordine
1036 343 1143 408 faetus
1166 346 1210 420 sit,

118 469 184 510 non
200 450 343 530 pertinet
359 450 401 511 ad
419 449 518 513 iidem
538 452 600 513 nisi
617 472 675 533 per
686 450 850 526 accidens,
863 451 895 512 in
909 459 1073 531 quantum
1088 451 1119 511 in
1134 449 1211 513 Scri-

117 556 213 632 ptura
236 553 387 629 traditur,
402 552 497 632 cujus
523 555 698 617 veritatem
723 554 853 617 diversa
876 554 1091 635 expositione
1114 551 1210 614 sancii

118 651 292 732 salvantes',
307 657 438 718 diversa
455 656 688 721 tradiderunt¹'
700 671 721 721 ¹.

160 801 207 852 22.
255 790 319 851 His
345 791 445 871 igitur
471 788 597 873 positis,
624 792 766 854 dicimus
793 791 838 852 nil
863 790 943 863 certi
969 793 1012 854 de
1042 791 1211 854 creationis

118 894 233 954 ordine
250 893 376 956 definiri
393 915 499 974 posse,
516 916 582 958 non
599 896 678 976 quia
695 895 866 976 Scriptura
881 894 942 956 hac
958 895 1002 956 de
1018 915 1052 956 re
1069 894 1114 956 nil
1132 915 1211 956 reve·
1254 928 1257 964 :

120 996 175 1073 lat,
191 998 248 1059 scd
265 998 342 1079 quia
358 1018 397 1060 ea
413 1018 487 1080 quae
504 999 691 1062 revelantur
706 997 846 1060 obscura
862 1008 939 1061 sunt
951 1007 984 1060 et
996 999 1095 1060 variis
1112 998 1212 1060 modis

120 1103 258 1183 intelligi
275 1111 422 1184 possunt.
470 1103 573 1185 Cujus
589 1103 673 1165 ratio
689 1112 739 1165 est
755 1102 833 1184 quia
858 1102 986 1183 Moysis
1008 1116 1132 1183 scopus·
1154 1121 1212 1163 non

120 1204 181 1266 tuit
196 1204 444 1279 astronomiam,
459 1205 656 1286 geologiam,
669 1206 720 1269 vel
737 1207 933 1288 zoologiam,
943 1205 1104 1269 methodo
1117 1206 1213 1268 scien-

120 1308 210 1370 tifico
226 1308 353 1384 docere,
368 1309 426 1370 sed
453 1308 639 1389 religiosam
663 1310 907 1372 institutionem
932 1309 1071 1386 tradere,
1087 1317 1124 1372 ut
1147 1329 1213 1390 pro·

120 1412 271 1474 bavimus
296 1411 329 1472 in
354 1410 447 1472 thesi¹
463 1411 679 1491 praecedenti;
705 1414 731 1474 si
757 1423 869 1476 autem
892 1413 1000 1477 obiter
1021 1412 1214 1476 scientificas

121 1515 320 1594 quaestiones
330 1513 499 1594 tangit,de
509 1512 559 1573 his
570 1513 716 1596 loquitur
727 1536 792 1579 non
806 1515 1033 1580 doetrinorum
1049 1537 1151 1592 more,
1161 1514 1214 1576 sed

121 1638 332 1681 communem
349 1616 505 1697 loquendi
522 1618 659 1681 modurn
681 1621 848 1701 sequitur:
875 1621 1039 1702 “Moyses
1065 1620 1139 1683 rudi
1163 1639 1215 1702 po-

121 1721 200 1802 pulo
230 1719 431 1800 loquebatur,
457 1738 607 1799 quorum>
629 1721 848 1786 imbecillitati
873 1725 1146 1787 condescendens
1166 1722 1217 1784 illa

121 1825 225 1887 solum
244 1825 303 1885 ¹eis
334 1824 506 1905 proposuit
537 1844 612 1903 quae
643 1826 819 1890 manifeste
850 1828 959 1890 sensui
998 1826 1216 1909 apparent’'².

122 1931 221 2012 Quod
238 1928 436 2011 principium
454 1927 517 1989 Leo
532 1927 634 1990 XIII
646 1931 787 1994 sancivit
804 1931 835 1992 in
855 1930 978 2012 Encyc.
995 1929 1216 1992 Providentis-

121 2030 233 2110 simus,
250 2032 306 2095 ubi
330 2033 397 2094 ait:
424 2031 504 2092 “De
531 2031 625 2112 cujus
649 2034 808 2114 aequita-te
831 2032 953 2113 regulae
976 2033 1010 2094 in
1033 2033 1218 2095 considera-

122 2139 212 2200 tione
239 2136 281 2198 sit
306 2135 449 2216 primum
474 2128 650 2215 scriptores
675 2156 795 2211 sacros
819 2156 876 2199 seu
901 2137 1009 2198 verius
1031 2136 1218 2216 “Spiritum

123 2241 196 2314 Dei,
211 2240 267 2322 qui
284 2258 342 2319 per
358 2238 446 2317 ipsos
459 2236 664 2316 loquebatur,
677 2238 821 2301 noluisse
833 2239 880 2301 ita
890 2238 1056 2320 (videlicet
1067 2239 1218 2301 intimam

123 2341 373 2425 aspectabilium
391 2360 498 2402 rerum
516 2342 806 2423 constitutionem)
829 2341 947 2404 docere
962 2340 1125 2416 homines,
1142 2340 1219 2403 nulli

122 2447 220 2510 saluti
245 2445 472 2526 profutura'’³;
496 2465 597 2525 quare
622 2465 688 2520 eos,
715 2446 928 2527 potiusquam
953 2444 1220 2526 explorationem

123 2560 249 2613 naturae
271 2546 358 2611 reete
382 2557 631 2629 persequantur,
647 2569 697 2610 res
723 2549 811 2629 ipsas
832 2549 1012 2631 aliquando
1036 2548 1222 2610 describere

85 2639 87 2643 ,
123 2667 156 2719 et
172 2653 314 2718 trattare
330 2660 388 2714 aut
403 2652 550 2734 quodam
577 2651 803 2715 translationis
827 2652 937 2728 modo,
953 2662 1011 2714 aut
1032 2651 1120 2713 sicut
1142 2672 1221 2714 com-

122 2760 232 2822 munis
251 2778 355 2820 sermo
377 2776 436 2836 per
459 2775 498 2816 ea
523 2755 647 2820 ferebat
671 2766 831 2838 tempora,
853 2755 1018 2837 hodieque
1042 2754 1085 2818 de
1108 2755 1222 2818 multis

123 2864 185 2925 sert
201 2861 297 2924 rebus
315 2861 346 2922 in
364 2858 560 2939 quotidiana
576 2860 651 2934 vita,
670 2860 758 2939 ipsos
776 2861 861 2922 inter
876 2859 1027 2922 homines
1043 2859 1223 2922 scientissi-

124 2966 226 3029 mos”.
271 2963 476 3026 Addidimus
504 2970 635 3025 autem:
671 2962 869 3026 “dommodo
893 2962 1014 3027 vert'tos
1043 2961 1225 3042 Scriptura

124 3071 306 3130 inconcusso
323 3063 501 3138 teneatur’',
518 3084 605 3140 nam,
622 3073 658 3126 ut
683 3065 730 3126 ait
753 3065 876 3128 ibidem
901 3065 965 3129 Leo
989 3062 1095 3140 XIII,
1120 3069 1138 3096 “
1152 3064 1223 3126 Nec

123 3173 211 3233 enim
228 3169 398 3232 toleranda
415 3174 464 3227 est
481 3186 594 3228 eorum
619 3170 711 3244 rati0,
727 3170 783 3249 qui
807 3191 851 3232 ex
875 3170 947 3232 istis
969 3167 1223 3231 difficultatibus

123 3297 195 3338 sese
218 3273 409 3354 expediunt,
430 3269 461 3330 id
490 3271 645 3333 nimirum
669 3273 749 3335 dare
773 3294 839 3336 non
863 3273 1066 3347 dubitanteS,
1082 3272 1223 3354 inspira-

123 3382 247 3443 tionem
264 3377 408 3440 divinam
427 3377 467 3438 ad
487 3398 536 3437 res
553 3375 629 3437 fidei
647 3396 851 3440 morumque.
868 3376 956 3439 ozItil
968 3385 1128 3456 proterea
1152 3396 1223 3459 per-

123 3483 277 3546 fimmffi
441 3484 442 3487 ’

164 3635 211 3699 23.
263 3618 451 3682 Probatur:
489 3617 530 3680 ad
562 3616 681 3679 thesim
712 3613 1019 3690 demonstrandam,
1049 3611 1132 3675 satis
1163 3613 1224 3675 erit

122 3725 264 3786 breviter
280 3721 397 3783 referre
413 3722 580 3803 praecipua
596 3729 780 3802 systemata
797 3739 816 3780 a
832 3716 1014 3782 Catholicis
1029 3717 1225 3798 excogitata

122 3829 163 3889 ad
195 3826 337 3909 primum
363 3825 501 3888 Genesis
525 3834 626 3905 caput
649 3824 898 3905 exponendum,
924 3829 961 3884 ut
983 3819 1027 3884 de
1049 3819 1097 3882 eis
1121 3819 1226 3884 ledior

121 3931 280 4011 judicium
297 3930 380 3992 ferre
396 3930 514 4003 valeat,
531 3938 563 3991 et
580 3928 624 3990 nil
642 3929 722 3992 certi
738 3928 771 3990 in
788 3926 850 3990 hac
866 3924 1006 3989 materia
1022 3944 1095 3986 esse
1119 3945 1224 4007 agno·

157 4112 163 4132 ¹
180 4107 212 4156 In
226 4105 271 4157 lib.
292 4107 318 4157 ll
337 4106 461 4158 Sentent.
476 4105 539 4159 dist.
555 4105 623 4170 Xll,
638 4121 664 4173 q.
683 4101 707 4169 I,
720 4121 744 4156 a.
764 4120 787 4156 2.

157 4194 166 4222 ‘·'
179 4193 207 4245 S.
227 4193 253 4243 T
250 4192 320 4244 Izom.
341 4193 361 4258 l,
375 4209 401 4260 q.
416 4205 457 4257 70,
472 4209 496 4246 a.
517 4206 538 4256 1,
552 4191 588 4243 ad
602 4203 625 4256 3.
641 4190 682 4244 Cf.
701 4191 743 4242 De
759 4189 892 4242 Fontibus
905 4185 1075 4256 theologicis,
1088 4202 1117 4240 n.
1134 4187 1221 4256 5657.

160 4279 170 4312 ³
183 4279 213 4332 S.
229 4279 313 4347 Aug,
327 4278 362 4331 de
377 4279 447 4332 Gen.
464 4278 501 4331 ad
514 4277 565 4331 litt.
584 4278 622 4342 Il,
637 4292 663 4345 9,
679 4292 721 4329 20.
