2684 4634
119 169 183 218 450
469 172 471 177 ’
574 165 711 215 CA‘PUT
728 165 770 212 11.

118 341 358 422 hydrogenium
383 351 460 403 sunt
481 341 616 421 quidem
634 342 828 413 substantiae
853 341 884 401 in
903 361 938 401 se
955 341 1146 421 completae,
1160 341 1206 400 sed

118 456 380 508 transmutantur
395 445 530 525 quando
547 446 645 507 simul
660 446 822 507 *uniuntur
838 446 879 506 ad
897 465 1025 525 aquam
1043 443 1207 505 efforman-

117 552 203 611 dam.
251 549 459 628 Hypastatica
475 569 531 610 seu
541 550 725 629 personalis
740 549 819 610 unio
835 568 875 609 ea
889 558 949 624 est,
965 551 1040 629 qua'
1061 569 1106 610 ex
1123 548 1207 630 pluri-

118 654 179 715 bus
197 655 321 714 naturis
344 654 511 734 completis,
527 663 562 715 et
582 654 718 734 integris
739 651 987 726 remanentibus,
1005 653 1107 713 unica
1123 650 1206 712 effici-

118 767 171 818 tur
186 777 334 838 persona.
383 757 445 818 His
463 757 587 837 positis,
604 757 683 817 unio
707 765 834 817 naturae
858 755 981 815 divinae
1003 763 1047 816 et
1066 754 1206 814 humana

119 861 151 920 in
176 859 307 922 Christo
330 860 450 923 dicitur
471 859 675 940 hypostatica,
700 860 716 919 i.
738 880 763 921 e.
788 879 853 920 non
879 877 968 919 mere
994 856 1206 929 accidentalis,

119 985 175 1026 seu
193 985 250 1045 per
265 966 474 1026 concordiam
486 965 695 1027 voluntatum
713 973 771 1026 aut
787 983 911 1025 meram
929 961 1206 1032 inhabitationem,

119 1069 169 1129 vel
186 1068 397 1130 collationem
415 1068 553 1148 alicujus
569 1069 768 1129 extrinsecae
785 1067 967 1148 dignitatis
979 1067 1041 1128 sed
1059 1086 1135 1127 vere
1149 1065 1206 1126 sab·

119 1171 285 1232 stantialis
297 1185 326 1242 1,·
351 1193 404 1232 nec
419 1182 524 1234 tamen
541 1172 705 1234 naturalis
720 1192 777 1233 seu
794 1192 838 1232 ex
854 1171 984 1233 duabus
1003 1171 1132 1232 naturis
1148 1169 1207 1231 uni-

120 1295 193 1335 cam
219 1273 362 1335 efficiens
390 1286 553 1351 naturam,
569 1277 626 1337 sed
646 1267 837 1356 personalis,
854 1274 898 1335 ita
924 1282 961 1335 ut
982 1273 1062 1336 duae
1086 1282 1207 1344 natura,

121 1400 195 1459 quae
212 1379 376 1453 uniuntur,
393 1381 529 1461 inte'grae
548 1390 713 1454 maneant,
726 1388 759 1441 et
776 1389 887 1441 tamen
899 1378 1034 1440 unicam
1046 1375 1208 1438 efsorment

121 1503 323 1563 personam:
350 1489 542 1564 “nusquam
568 1484 699 1545 sublati
722 1481 907 1545 differentia
927 1488 1124 1543 naturarum
1148 1500 1207 1560 pro-

122 1596 194 1667 pter
211 1587 365 1647 unionem
377 1587 401 1660 ”,
418 1597 454 1648 ut
470 1588 517 1649 ait
534 1586 567 1649 C.
591 1586 841 1649 Chalcedonense.

165 1688 223 1769 (C)
232 1689 374 1750 Naturae
385 1689 506 1750 divinae
520 1699 551 1750 et
565 1689 716 1751 ailinane
729 1710 739 1750 :
766 1688 817 1749 his
831 1687 939 1749 verbis
950 1688 1145 1750 indicantur
1156 1689 1210 1749 duo

123 1802 274 1859 extrema
284 1805 358 1873 quae
370 1814 411 1853 un
419 1793 663 1868 iuntur,scilicet
673 1803 794 1854 natura
803 1791 918 1853 divina
931 1791 1069 1867 Verbi‚et
1079 1792 1211 1860 humana

124 1907 301 1958 naturaei<
324 1916 461 1976 corpore
484 1906 517 1959 et
538 1898 648 1958 anima
672 1897 867 1978 composita,
882 1904 1024 1974 utraque
1047 1876 1211 1975 completa,
1253 1948 1255 1969 ,

125 2010 264 2081 utraque
274 1998 428 2062 distindla
442 2010 474 2062 et
486 2000 658 2062 inconfusa
670 1999 955 2072 remanensetiam
967 2007 1045 2077 post
1057 1999 1212 2062 unionem.
1253 1996 1255 2001 ’

168 2104 230 2184 (D)
255 2104 295 2165 ln
318 2103 412 2165 anicet
439 2104 533 2166 Verbi
549 2102 688 2184 persanat
705 2126 716 2164 .·
752 2105 872 2183 quibus
897 2104 1005 2164 verbis
1037 2104 1214 2165 ostenditur

125 2217 301 2287 utramque
319 2216 470 2269 naturam
489 2208 534 2268 ita
551 2207 645 2281 uniri,
657 2216 693 2269 ut
705 2208 836 2269 unicam
847 2206 1025 2268 efforment
1037 2224 1216 2286 personam.

126 2312 276 2391 hancque
289 2331 463 2392 personam
478 2331 549 2372 esse
562 2331 736 2391 personam
746 2311 857 2387 Verbi,
867 2331 951 2391 quae,
961 2309 1082 2371 eadem
1094 2328 1216 2390 semper
1238 2313 1255 2369 '.

128 2435 274 2489 manenS,
299 2415 479 2476 humanam
497 2424 649 2476 naturam
666 2415 727 2475 sibi
744 2416 891 2488 assumit,
907 2423 940 2475 et
957 2408 1028 2493 ejus
1045 2413 1219 2494 personali-

128 2530 231 2582 tatem
256 2519 397 2600 snpplct.
446 2519 586 2580 Proinde
610 2520 688 2580 unio
705 2519 808 2580 Verbi
832 2538 907 2580 cum
924 2517 1080 2579 >humana
1110 2521 1219 2579 natural

128 2621 214 2685 salta
230 2622 291 2683 suit
310 2624 341 2682 in
351 2621 500 2702 pensanti,
517 2642 582 2682 non
601 2623 632 2682 in
651 2625 777 2696 natura,
794 2641 850 2682 seu
875 2619 947 2681 aliis
970 2619 1092 2694 verbiS,
1109 2629 1221 2682 natura

128 2728 273 2788 humana
285 2726 504 2787 de'relleunita
520 2725 581 2787 luit
594 2745 744 2805 personae
757 2724 870 2799 Verbi,
883 2744 948 2784 non
966 2732 1080 2784 autem
1100 2733 1220 2785 naturae

128 2852 202 2913 quae
220 2830 325 2891 tribus
339 2829 488 2909 personis
501 2826 687 2889 communis
703 2837 769 2904 est;
793 2828 927 2908 insuper
937 2826 1088 2890 Verbum
1101 2847 1222 2889 assum-

130 2935 194 3015 psit
220 2944 371 2994 naturam
400 2933 579 2993 humanam
605 2933 777 3012 integram,
794 2951 860 2992 non
884 2939 994 2992 autem
1014 2932 1223 3010 personalita-

130 3049 197 3099 tem
215 3038 405 3110 humanam,
416 3038 473 3096 sed
490 3038 603 3116 Ipsum
616 3037 703 3097 vices
720 3034 817 3114 hujus
830 3033 1078 3115 personalitatis
1095 3033 1223 3116 supple·

131 3141 197 3214 bat,
207 3128 377 3220 operando
388 3139 542 3202 videlicet
558 3138 719 3220 quidquid
738 3157 879 3218 persona
894 3136 1042 3198 humana
1058 3159 1158 3218 agere
1172 3157 1222 3218 po-

132 3244 255 3306 tuisset.

175 3344 240 3432 (E)
259 3348 313 3408 Ea
325 3346 390 3427 aad
404 3347 520 3421 stitione
527 3346 575 3427 fit
593 3345 750 3418 Cleristns,
763 3364 840 3405 nam
857 3363 900 3404 ex
915 3341 969 3402 itta
986 3343 1112 3403 unione
1129 3344 1224 3404 oritur

134 3455 228 3515 unica
245 3472 385 3533 persona
402 3442 605 3525 theandrica,
621 3469 696 3529 quae
720 3457 769 3508 est
793 3446 889 3509 simul
908 3446 999 3507 Deus
1021 3455 1054 3507 et
1070 3445 1174 3510 homo
1195 3454 1223 3506 et

133 3568 269 3618 vocatur
283 3557 379 3636 Jesus
396 3555 553 3617 Christus

170 3758 279 3809 ¹Patres
293 3755 366 3806 hanc
375 3753 506 3805 unionem
518 3761 619 3804 vocant
629 3748 850 3811 substantialem,
863 3746 883 3774 “
892 3764 948 3800 non
962 3747 1038 3816 quod
1052 3747 1118 3801 duae
1127 3757 1226 3801 natura⁵

134 3861 218 3897 unam
230 3841 415 3909 compositam
424 3849 553 3892 naturam
567 3837 774 3902 effecerint,sed
789 3834 865 3904 quod
875 3834 904 3887 in
918 3850 1003 3886 unam
1015 3833 1080 3886 Filii
1092 3834 1147 3888 Dei
1158 3849 1226 3887 com·

134 3933 254 4000 positam
280 3929 454 3997 hypostasim
481 3927 553 3979 inter
580 3943 610 3979 se
637 3915 724 3981 unitae
752 3923 876 3976 luerint''
900 3919 1118 3988 (Damascenus,
1149 3921 1227 3974 Fides

136 4019 253 4073 Orthod.
269 4019 322 4079 Ill,
337 4016 372 4083 3).
404 4018 429 4067 N
433 4014 537 4068 onnulli
547 4031 611 4066 eam
619 4022 721 4066 vocant
732 4012 818 4066 etiam
822 4011 969 4080 physicam
980 4019 1010 4062 ut
1024 4008 1065 4062 sic
1078 4009 1227 4076 distingua-

135 4121 178 4163 tur
192 4126 208 4159 a
221 4107 318 4158 morali
333 4106 443 4169 unione,
458 4104 514 4155 imo
528 4102 689 4155 naturalem
704 4110 731 4153 et
744 4099 926 4161 essentialem,
941 4114 998 4151 non
1008 4114 1043 4150 eo
1058 4114 1143 4151 sensu
1158 4095 1227 4166 quod

132 4197 215 4252 unica
229 4195 265 4249 sit
279 4194 307 4247 in
322 4194 378 4247 Xto
393 4202 493 4245 natura
512 4201 561 4243 aut
579 4188 711 4252 essentia,
725 4187 774 4240 sed
793 4197 823 4239 ut
843 4184 1002 4255 significent
1016 4184 1153 4239 unionem
1172 4199 1228 4237 esse

124 4307 234 4355 reram,
253 4287 370 4353 realem,
386 4280 644 4354 obietliuammon
656 4287 754 4328 autem
762 4273 908 4324 muralem.
