2684 4634
117 190 186 240 548
559 188 701 239 canuc
719 188 779 240 111.
800 156 802 159 ’
847 199 851 204 -

118 370 151 433 S.
166 370 258 433 Pauli
273 394 280 432 :
293 377 309 403 “
321 371 510 434 Gloriamur
522 371 553 433 in
568 370 846 444 tribulationibus,
860 368 1004 430 scientes
1012 368 1111 456 quod
1125 365 1212 429 tribu-

118 472 198 534 latio
228 475 424 554 patientiam
455 484 618 554 operatur,
645 475 807 555 patientia
833 482 945 536 autem
979 471 1212 551 probationem,

117 577 269 656 probatio
284 596 359 638 vero
375 598 467 657 spem
482 579 497 603 ''
555 583 571 608 “
582 586 854 646 momentaneum
867 584 900 636 et
913 575 986 636 leve
997 574 1211 636 tribulationis

117 688 238 741 nostrae
254 689 414 741 aeternum
432 679 546 760 gloriae
562 680 692 760 pondus
709 687 864 759 operatur
880 678 912 738 in
930 676 1028 738 nobis
1043 677 1060 701 ''
1074 689 1094 739 1.

160 795 228 859 214.
277 783 332 862 (C)
349 782 501 845 Tandem
526 782 676 845 Christus
701 782 820 844 meruit
844 789 880 842 ut
899 799 1018 842 omnes
1044 778 1114 840 illae
1137 776 1210 839 infir·

118 883 249 946 mitates
266 884 458 946 tollerentur
475 886 506 945 in
524 883 627 947 altera
648 885 723 947 vita.
770 883 858 945 Nam
884 882 1005 948 meruit
1029 901 1094 962 pro
1117 880 1208 942 omni·

117 983 177 1046 bus
192 987 303 1048 *vitam
327 995 484 1049 aeternam
506 996 540 1049 et
563 986 723 1048 visionem
747 984 960 1047 beatificam:
984 984 1081 1064 atqui
1104 984 1134 1044 in
1151 983 1206 1043 vita

116 1092 239 1149 aeterna
256 1088 345 1150 nulla
362 1087 535 1150 infirmitas
551 1088 735 1151 remanebit
751 1109 758 1164 ;
782 1108 870 1168 ergo.

319 1245 389 1300 ΙΙΙ.
413 1243 516 1315 Quid
540 1203 719 1302 Christus
743 1242 818 1300 sibi
840 1233 1016 1314 meruit?

160 1382 220 1448 215
269 1384 300 1433 10
326 1370 476 1435 Christus
496 1371 561 1432 sibi
582 1371 702 1432 meruit
725 1381 796 1433 tam
813 1371 957 1452 gloriam
984 1371 1124 1450 corporis
1145 1378 1203 1429 lam
1249 1384 1251 1447 ξ

117 1475 257 1536 nominis
270 1475 499 1537 exaltationem.
867 1520 871 1524 -
1249 1460 1251 1475 Ι

161 1577 219 1658 (A)
245 1565 415 1658 seratura
438 1587 551 1658 aperte
574 1578 722 1641 declarat
745 1577 913 1640 Christum
936 1584 1074 1657 propter
1094 1574 1201 1655 passio·
1249 1576 1251 1631 ζ

118 1701 193 1742 nem
222 1701 313 1743 suam
340 1679 560 1762 glorificatum
587 1680 710 1743 fuisse:
733 1680 924 1742 “Videmus
950 1679 1068 1759 Jesum
1088 1685 1204 1757 propter

110 1769 292 1865 passionem
309 1786 433 1857 mortis,
450 1784 554 1864 gloria
570 1793 604 1845 et
619 1784 745 1845 honore
760 1791 955 1845 coronatum
967 1781 983 1806 ''
996 1795 1030 1859 2;
1054 1781 1143 1860 atqui
1160 1779 1202 1838 hic

118 1888 227 1967 agitur
242 1887 283 1949 de
300 1889 403 1968 gloria
420 1888 575 1967 corporiS,
592 1887 670 1966 quia
687 1886 837 1948 Christus
851 1886 919 1966 jam
938 1885 981 1947 ab
999 1885 1094 1945 initio
1115 1881 1202 1963 possi·

117 1989 219 2052 debat
235 1990 373 2071 gloriam
391 1991 511 2052 animae
528 2011 585 2052 seu
602 1990 762 2051 visionem
781 1987 988 2051 beatificam:
1011 2007 1099 2068 ergo

163 2094 312 2155 Christus
328 2095 429 2155 etiam
448 2092 567 2155 meruit
576 2092 708 2173 proprii
721 2092 862 2154 nominis
883 2091 1117 2166 exaltationem,
1133 2088 1206 2150 scili-

118 2206 177 2272 cet,
195 2198 344 2281 gentium
368 2196 606 2271 adorationem,
632 2196 790 2257 Ecclesiae
815 2215 883 2257 suae
906 2193 1129 2267 diffusionem,
1150 2210 1209 2252 uno

118 2299 218 2360 verbo
233 2319 349 2360 omnes
366 2300 509 2359 honores
525 2319 609 2379 quos
622 2299 693 2379 jam
707 2299 834 2379 accepit
856 2307 913 2360 aut
934 2297 1084 2377 accipiet.
1131 2295 1209 2356 Nam

119 2413 194 2483 post
212 2403 331 2464 relatas
348 2404 418 2482 ejus
433 2402 678 2464 humiliationes
691 2411 724 2462 et
736 2401 914 2482 passiones,
927 2400 958 2463 S.
971 2398 1095 2460 Paulus
1108 2399 1211 2460 addit:

118 2509 133 2535 “
147 2507 287 2585 Propter
299 2507 385 2586 qaod
398 2515 431 2567 et
445 2507 537 2566 Deus
554 2505 715 2567 exaltavit
732 2505 833 2579 illum,
844 2512 876 2565 et
888 2503 1026 2564 donavit
1037 2502 1084 2563 illi
1100 2521 1211 2563 nornen

117 2610 206 2690 quod
224 2618 273 2671 est
290 2630 388 2689 super
403 2630 502 2671 omne
519 2629 650 2685 nornen,
661 2618 697 2672 ut
715 2609 747 2669 in
765 2608 898 2668 nomine
914 2606 993 2686 Jesu
1016 2625 1119 2668 omne
1134 2624 1213 2686 genu

118 2714 328 2778 flettatur’'³.

161 2820 220 2898 (B)
247 2819 392 2879 Aliunde
414 2815 591 2897 perfeetius
615 2826 664 2877 est
688 2814 810 2875 habere
834 2813 958 2893 aliquid
982 2833 1042 2892 per
1067 2814 1213 2875 meritum

116 2944 216 3003 quam
236 2923 306 2982 sine
331 2922 456 2995 merit0,
473 2921 590 2982 ceteris
614 2920 769 3000 paribus;
795 2917 886 2997 atqui
908 2915 1060 2978 Christus
1082 2927 1215 3001 poterat,

117 3026 241 3103 absque
259 3025 324 3084 ulla
342 3022 599 3104 imperiettione,
617 3023 732 3084 mereri
746 3022 886 3102 gloriam
904 3021 1051 3099 corporis
1068 3031 1102 3084 et
1120 3023 1214 3082 nomi-

118 3129 167 3187 nis
185 3127 433 3202 exaltationem,
451 3149 553 3208 quum
571 3127 642 3188 illas
660 3127 701 3187 ab
719 3126 811 3187 initio
828 3143 893 3184 non
912 3123 1107 3203 possideret.

119 3250 120 3253 ’
160 3227 227 3291 216.
274 3243 309 3289 20
326 3230 475 3292 Christus
492 3251 557 3291 aaa
578 3229 699 3290 tamaii
717 3228 781 3290 sibi
793 3225 942 3308 gratiam
958 3227 1157 3290 habitualem
1172 3228 1218 3289 tal

116 3335 237 3394 alama
255 3332 397 3413 gloriam
454 3333 506 3393 Ita
537 3333 763 3417 communiter.
817 3333 913 3406 Nam,
941 3351 984 3391 ex
1012 3328 1125 3408 ditiis,
1151 3332 1214 3392 haec

151 3502 251 3555 lRom.
269 3504 302 3568 V,
316 3517 379 3570 3-43
399 3504 435 3555 II
446 3504 505 3556 Cor.
523 3505 572 3569 IV,
589 3518 628 3568 17.
645 3502 799 3555 -2Hebr.
817 3505 854 3570 ll,
867 3518 892 3571 9.

151 3588 160 3617 ³³
173 3590 278 3656 l’la'lip.
299 3590 334 3654 ll,
352 3604 423 3655 9-10.
466 3590 579 3656 Optime
598 3589 797 3643 animadvertit
817 3590 848 3642 S.
868 3590 988 3643 Thomas
1002 3590 1174 3657 (Comment.
1190 3593 1213 3644 in

118 3678 170 3742 Ep.
186 3678 212 3727 S.
229 3676 304 3726 Paul.
320 3675 369 3741 ibi)
390 3676 527 3743 triplicem
543 3675 588 3728 hic
607 3675 820 3729 commemorari
840 3677 1041 3730 exaltationem
1056 3679 1161 3733 Christi
1175 3679 1214 3731 tri-

117 3753 182 3831 plici
201 3761 386 3814 humiliationi
407 3763 644 3828 respondentem:
665 3763 703 3829 (a)
719 3764 845 3832 gloriam
867 3763 1038 3831 resurgentis
1059 3765 1214 3820 “exaltavit

117 3849 212 3902 illum’'
236 3866 299 3916 quae
324 3850 474 3916 respondet
500 3849 679 3902 exinanitioni
705 3851 765 3918 ejus
788 3849 967 3904 “exinanivit
992 3851 1213 3921 semetipsum'’;

117 3936 156 4003 (b)
176 3936 389 4001 notificationem
402 3937 565 3987 divinitatis
587 3934 728 3988 “donavit
743 3935 780 3988 illi
801 3934 961 4004 nomen...”,
983 3954 1048 4004 quae
1067 3940 1213 4008 respondet

117 4021 265 4084 humilitati
280 4023 334 4089 qua
348 4022 524 4075 divinitatem
538 4040 618 4075 suam
632 4024 772 4076 celaverat
789 4015 937 4076 “formam
948 4024 1021 4077 servi
1035 4026 1176 4095 accipiens
1183 4028 1195 4052 ’³
1207 4045 1212 4088 ;

117 4109 155 4174 (c)
169 4110 351 4160 mmmntiam
365 4108 448 4161 totius
462 4120 596 4162 creaturae
613 4107 722 4163 “omne
736 4127 809 4177 genu
824 4109 980 4176 fleilatur”,
993 4129 1056 4180 quae
1070 4115 1214 4182 opponitur

117 4194 265 4262 humilitati
277 4195 427 4262 opprobria
437 4196 585 4264 sustinenti
593 4197 613 4228 ·“
622 4197 779 4248 humiliavit
791 4197 973 4265 semetipsum
981 4197 1074 4252 iatius
1083 4200 1212 4262 obediens

116 4298 204 4348 usque
217 4281 253 4332 ad
267 4292 385 4333 mortem
394 4282 434 4335 ’'...
