<?xml version="1.0" encoding="UTF-8"?>
<!DOCTYPE html PUBLIC "-//W3C//DTD XHTML 1.0 Transitional//EN"
    "http://www.w3.org/TR/xhtml1/DTD/xhtml1-transitional.dtd">
<html xmlns="http://www.w3.org/1999/xhtml" xml:lang="en" lang="en">
 <head>
  <title>
</title>
<meta http-equiv="Content-Type" content="text/html;charset=utf-8" />
  <meta name='ocr-system' content='tesseract 3.04.00' />
  <meta name='ocr-capabilities' content='ocr_page ocr_carea ocr_par ocr_line ocrx_word'/>
</head>
<body>
  <div class='ocr_page' id='page_1' title='image "./synopsistheolog00tanqgoog_0531.png"; bbox 0 0 2684 4634; ppageno 0'>
   <div class='ocr_carea' id='block_1_1' title="bbox 201 36 1333 363">
    <p class='ocr_par' dir='ltr' id='par_1_1' title="bbox 201 36 1333 363">
     <span class='ocr_line' id='line_1_1' title="bbox 201 36 1333 363; baseline -0.004 -120"><span class='ocrx_word' id='word_1_1' title='bbox 201 193 263 243; x_wconf 84' lang='lat'>510</span> <span class='ocrx_word' id='word_1_2' title='bbox 654 192 794 243; x_wconf 79' lang='lat' dir='ltr'>CAPUT</span> <span class='ocrx_word' id='word_1_3' title='bbox 811 192 853 241; x_wconf 91' lang='lat'>11.</span> <span class='ocrx_word' id='word_1_4' title='bbox 942 227 945 235; x_wconf 87' lang='lat'><em>.</em></span> <span class='ocrx_word' id='word_1_5' title='bbox 1322 36 1333 363; x_wconf 59' lang='grc'>1</span> 
     </span>
    </p>
   </div>
   <div class='ocr_carea' id='block_1_2' title="bbox 200 371 1334 556">
    <p class='ocr_par' dir='ltr' id='par_1_2' title="bbox 200 371 1334 556">
     <span class='ocr_line' id='line_1_2' title="bbox 200 371 1334 473; baseline -0.004 -37"><span class='ocrx_word' id='word_1_6' title='bbox 200 375 322 455; x_wconf 89' lang='lat' dir='ltr'>saepius</span> <span class='ocrx_word' id='word_1_7' title='bbox 338 376 379 437; x_wconf 90' lang='lat' dir='ltr'>ad</span> <span class='ocrx_word' id='word_1_8' title='bbox 398 374 520 447; x_wconf 82' lang='lat' dir='ltr'>illicita,</span> <span class='ocrx_word' id='word_1_9' title='bbox 535 375 614 437; x_wconf 91' lang='lat' dir='ltr'>dum</span> <span class='ocrx_word' id='word_1_10' title='bbox 636 375 668 436; x_wconf 95' lang='lat' dir='ltr'>in</span> <span class='ocrx_word' id='word_1_11' title='bbox 692 374 825 438; x_wconf 90' lang='lat' dir='ltr'>Christo</span> <span class='ocrx_word' id='word_1_12' title='bbox 845 372 1030 435; x_wconf 87' lang='lat' dir='ltr'>tendebant</span> <span class='ocrx_word' id='word_1_13' title='bbox 1046 371 1161 433; x_wconf 92' lang='lat' dir='ltr'>solum</span> <span class='ocrx_word' id='word_1_14' title='bbox 1185 371 1227 433; x_wconf 92' lang='lat' dir='ltr'>ad</span> <span class='ocrx_word' id='word_1_15' title='bbox 1247 371 1294 432; x_wconf 90' lang='lat' dir='ltr'>bo·</span> <span class='ocrx_word' id='word_1_16' title='bbox 1329 380 1334 473; x_wconf 59' lang='lat' dir='ltr'>I</span> 
     </span>
     <span class='ocr_line' id='line_1_3' title="bbox 201 474 1334 556; baseline -0.004 -18"><span class='ocrx_word' id='word_1_17' title='bbox 201 497 279 538; x_wconf 90' lang='lat' dir='ltr'>num</span> <span class='ocrx_word' id='word_1_18' title='bbox 297 478 483 540; x_wconf 89' lang='lat' dir='ltr'>honestum.</span> <span class='ocrx_word' id='word_1_19' title='bbox 518 475 569 554; x_wconf 81' lang='lat' dir='ltr'>(b)</span> <span class='ocrx_word' id='word_1_20' title='bbox 582 476 702 556; x_wconf 80' lang='lat' dir='ltr'>Quoad</span> <span class='ocrx_word' id='word_1_21' title='bbox 712 475 935 556; x_wconf 61' lang='lat' dir='ltr'>princtpium</span> <span class='ocrx_word' id='word_1_22' title='bbox 952 474 984 535; x_wconf 95' lang='lat' dir='ltr'>in</span> <span class='ocrx_word' id='word_1_23' title='bbox 1002 474 1100 536; x_wconf 92' lang='lat' dir='ltr'>nobis</span> <span class='ocrx_word' id='word_1_24' title='bbox 1115 494 1209 555; x_wconf 84' lang='lat' dir='ltr'>saepe</span> <span class='ocrx_word' id='word_1_25' title='bbox 1223 493 1292 554; x_wconf 86' lang='lat' dir='ltr'>prae·</span> <span class='ocrx_word' id='word_1_26' title='bbox 1331 486 1334 499; x_wconf 81' lang='lat'><em>¹</em></span> 
     </span>
    </p>
   </div>
   <div class='ocr_carea' id='block_1_3' title="bbox 200 574 1334 1074">
    <p class='ocr_par' dir='ltr' id='par_1_3' title="bbox 200 574 1334 1074">
     <span class='ocr_line' id='line_1_4' title="bbox 201 574 1292 658; baseline -0.005 -18"><span class='ocrx_word' id='word_1_27' title='bbox 201 580 346 654; x_wconf 86' lang='lat' dir='ltr'>veniunt,</span> <span class='ocrx_word' id='word_1_28' title='bbox 370 581 448 642; x_wconf 91' lang='lat' dir='ltr'>dum</span> <span class='ocrx_word' id='word_1_29' title='bbox 476 580 508 641; x_wconf 94' lang='lat' dir='ltr'>in</span> <span class='ocrx_word' id='word_1_30' title='bbox 537 574 679 642; x_wconf 87' lang='lat' dir='ltr'>Christo</span> <span class='ocrx_word' id='word_1_31' title='bbox 697 579 922 658; x_wconf 86' lang='lat' dir='ltr'>sequebantur</span> <span class='ocrx_word' id='word_1_32' title='bbox 946 577 1124 657; x_wconf 88' lang='lat' dir='ltr'>imperium</span> <span class='ocrx_word' id='word_1_33' title='bbox 1154 575 1292 651; x_wconf 84' lang='lat' dir='ltr'>rati0nis;</span> 
     </span>
     <span class='ocr_line' id='line_1_5' title="bbox 200 677 1291 763; baseline -0.005 -21"><span class='ocrx_word' id='word_1_34' title='bbox 200 681 277 744; x_wconf 93' lang='lat' dir='ltr'>hinc</span> <span class='ocrx_word' id='word_1_35' title='bbox 307 683 448 746; x_wconf 88' lang='lat' dir='ltr'>dicitur:</span> <span class='ocrx_word' id='word_1_36' title='bbox 478 682 674 743; x_wconf 83' lang='lat' dir='ltr'>“infremuit</span> <span class='ocrx_word' id='word_1_37' title='bbox 704 682 830 763; x_wconf 91' lang='lat' dir='ltr'>spiritu,</span> <span class='ocrx_word' id='word_1_38' title='bbox 854 690 888 742; x_wconf 92' lang='lat' dir='ltr'>et</span> <span class='ocrx_word' id='word_1_39' title='bbox 918 678 1065 742; x_wconf 90' lang='lat' dir='ltr'>turbavit</span> <span class='ocrx_word' id='word_1_40' title='bbox 1096 678 1241 758; x_wconf 90' lang='lat' dir='ltr'>seipsum</span> <span class='ocrx_word' id='word_1_41' title='bbox 1253 677 1291 736; x_wconf 81' lang='lat'>&#39;’¹‚</span> 
     </span>
     <span class='ocr_line' id='line_1_6' title="bbox 201 781 1334 867; baseline -0.005 -21"><span class='ocrx_word' id='word_1_42' title='bbox 201 784 249 864; x_wconf 85' lang='lat' dir='ltr'>(c)</span> <span class='ocrx_word' id='word_1_43' title='bbox 276 786 395 866; x_wconf 80' lang='lat' dir='ltr'>Quoad</span> <span class='ocrx_word' id='word_1_44' title='bbox 426 786 595 867; x_wconf 59' lang='lat' dir='ltr'>effeliuw</span> <span class='ocrx_word' id='word_1_45' title='bbox 625 785 795 866; x_wconf 89' lang='lat' dir='ltr'>passiones</span> <span class='ocrx_word' id='word_1_46' title='bbox 826 805 887 847; x_wconf 94' lang='lat' dir='ltr'>nos</span> <span class='ocrx_word' id='word_1_47' title='bbox 917 804 1007 865; x_wconf 83' lang='lat' dir='ltr'>saepe</span> <span class='ocrx_word' id='word_1_48' title='bbox 1036 781 1239 844; x_wconf 85' lang='lat' dir='ltr'>conturbant</span> <span class='ocrx_word' id='word_1_49' title='bbox 1264 790 1290 840; x_wconf 89' lang='lat' dir='ltr'>et</span> <span class='ocrx_word' id='word_1_50' title='bbox 1332 802 1334 831; x_wconf 76' lang='grc' dir='ltr'>ι</span> 
     </span>
     <span class='ocr_line' id='line_1_7' title="bbox 201 879 1290 966; baseline -0.006 -19"><span class='ocrx_word' id='word_1_51' title='bbox 201 901 421 963; x_wconf 86' lang='lat' dir='ltr'>commovent,</span> <span class='ocrx_word' id='word_1_52' title='bbox 436 889 516 951; x_wconf 91' lang='lat' dir='ltr'>dum</span> <span class='ocrx_word' id='word_1_53' title='bbox 534 889 566 950; x_wconf 93' lang='lat' dir='ltr'>in</span> <span class='ocrx_word' id='word_1_54' title='bbox 584 887 716 950; x_wconf 91' lang='lat' dir='ltr'>Christo</span> <span class='ocrx_word' id='word_1_55' title='bbox 733 886 882 966; x_wconf 87' lang='lat' dir='ltr'>regimini</span> <span class='ocrx_word' id='word_1_56' title='bbox 900 884 1036 947; x_wconf 92' lang='lat' dir='ltr'>rationis</span> <span class='ocrx_word' id='word_1_57' title='bbox 1058 879 1207 958; x_wconf 70' lang='lat' dir='ltr'>perfecte</span> <span class='ocrx_word' id='word_1_58' title='bbox 1225 881 1290 943; x_wconf 91' lang='lat' dir='ltr'>sub·</span> 
     </span>
     <span class='ocr_line' id='line_1_8' title="bbox 200 989 724 1074; baseline 0.002 -23"><span class='ocrx_word' id='word_1_59' title='bbox 200 989 366 1053; x_wconf 90' lang='lat' dir='ltr'>debantur</span> <span class='ocrx_word' id='word_1_60' title='bbox 380 992 430 1072; x_wconf 87' lang='lat' dir='ltr'>(S.</span> <span class='ocrx_word' id='word_1_61' title='bbox 453 993 483 1054; x_wconf 87' lang='grc' dir='ltr'><em>Τ</em></span> <span class='ocrx_word' id='word_1_62' title='bbox 480 993 509 1055; x_wconf 73' lang='lat' dir='ltr'>lt.</span> <span class='ocrx_word' id='word_1_63' title='bbox 525 1014 556 1074; x_wconf 93' lang='lat' dir='ltr'>q.</span> <span class='ocrx_word' id='word_1_64' title='bbox 577 1006 622 1072; x_wconf 82' lang='lat'>15,</span> <span class='ocrx_word' id='word_1_65' title='bbox 639 1013 665 1053; x_wconf 90' lang='lat' dir='ltr'>a.</span> <span class='ocrx_word' id='word_1_66' title='bbox 681 996 724 1071; x_wconf 90' lang='lat'>4).</span> 
     </span>
    </p>
   </div>
   <div class='ocr_carea' id='block_1_4' title="bbox 468 1170 1029 1256">
    <p class='ocr_par' dir='ltr' id='par_1_4' title="bbox 468 1170 1029 1256">
     <span class='ocr_line' id='line_1_9' title="bbox 468 1170 1029 1256; baseline -0.007 -20"><span class='ocrx_word' id='word_1_67' title='bbox 468 1170 484 1256; x_wconf 61' lang='lat' dir='ltr'>g</span> <span class='ocrx_word' id='word_1_68' title='bbox 513 1175 553 1236; x_wconf 91' lang='lat' dir='ltr'>V.</span> <span class='ocrx_word' id='word_1_69' title='bbox 578 1175 635 1236; x_wconf 80' lang='lat' dir='ltr'>Du</span> <span class='ocrx_word' id='word_1_70' title='bbox 661 1174 836 1237; x_wconf 72' lang='lat' dir='ltr'>conpone</span> <span class='ocrx_word' id='word_1_71' title='bbox 864 1171 1029 1235; x_wconf 79' lang='lat' dir='ltr'>Cumsrr.</span> 
     </span>
    </p>
   </div>
   <div class='ocr_carea' id='block_1_5' title="bbox 200 1337 1291 1626">
    <p class='ocr_par' dir='ltr' id='par_1_5' title="bbox 200 1337 1291 1626">
     <span class='ocr_line' id='line_1_10' title="bbox 246 1337 1290 1427; baseline 0.004 -30"><span class='ocrx_word' id='word_1_72' title='bbox 246 1337 428 1419; x_wconf 88' lang='lat' dir='ltr'>Hucusque</span> <span class='ocrx_word' id='word_1_73' title='bbox 446 1341 488 1402; x_wconf 91' lang='lat' dir='ltr'>de</span> <span class='ocrx_word' id='word_1_74' title='bbox 508 1343 619 1403; x_wconf 77' lang='lat' dir='ltr'>anima</span> <span class='ocrx_word' id='word_1_75' title='bbox 635 1363 654 1402; x_wconf 93' lang='lat' dir='ltr'>a</span> <span class='ocrx_word' id='word_1_76' title='bbox 670 1342 790 1427; x_wconf 88' lang='lat' dir='ltr'>Verbo</span> <span class='ocrx_word' id='word_1_77' title='bbox 804 1344 975 1421; x_wconf 73' lang='lat' dir='ltr'>assumpta</span> <span class='ocrx_word' id='word_1_78' title='bbox 989 1364 995 1419; x_wconf 90' lang='grc'>;</span> <span class='ocrx_word' id='word_1_79' title='bbox 1016 1360 1105 1402; x_wconf 93' lang='lat' dir='ltr'>nunc</span> <span class='ocrx_word' id='word_1_80' title='bbox 1120 1340 1290 1402; x_wconf 89' lang='lat' dir='ltr'>dicendum</span> 
     </span>
     <span class='ocr_line' id='line_1_11' title="bbox 200 1440 1291 1526; baseline 0.003 -26"><span class='ocrx_word' id='word_1_81' title='bbox 200 1449 250 1500; x_wconf 88' lang='lat' dir='ltr'>est</span> <span class='ocrx_word' id='word_1_82' title='bbox 276 1440 318 1502; x_wconf 90' lang='lat' dir='ltr'>de</span> <span class='ocrx_word' id='word_1_83' title='bbox 343 1441 476 1505; x_wconf 91' lang='lat' dir='ltr'>dotibus</span> <span class='ocrx_word' id='word_1_84' title='bbox 499 1446 644 1526; x_wconf 90' lang='lat' dir='ltr'>corporis</span> <span class='ocrx_word' id='word_1_85' title='bbox 670 1445 712 1507; x_wconf 93' lang='lat' dir='ltr'>ab</span> <span class='ocrx_word' id='word_1_86' title='bbox 739 1444 796 1505; x_wconf 86' lang='lat' dir='ltr'>ilio</span> <span class='ocrx_word' id='word_1_87' title='bbox 821 1443 991 1525; x_wconf 80' lang='lat' dir='ltr'>assumpti,</span> <span class='ocrx_word' id='word_1_88' title='bbox 1016 1450 1137 1523; x_wconf 86' lang='lat' dir='ltr'>nempe</span> <span class='ocrx_word' id='word_1_89' title='bbox 1165 1441 1208 1504; x_wconf 92' lang='lat' dir='ltr'>de</span> <span class='ocrx_word' id='word_1_90' title='bbox 1228 1441 1291 1522; x_wconf 90' lang='lat' dir='ltr'>ejus</span> 
     </span>
     <span class='ocr_line' id='line_1_12' title="bbox 200 1543 614 1626; baseline 0.019 -24"><span class='ocrx_word' id='word_1_91' title='bbox 200 1543 325 1623; x_wconf 88' lang='lat' dir='ltr'>origine</span> <span class='ocrx_word' id='word_1_92' title='bbox 341 1555 374 1606; x_wconf 93' lang='lat' dir='ltr'>et</span> <span class='ocrx_word' id='word_1_93' title='bbox 390 1547 614 1626; x_wconf 88' lang='lat' dir='ltr'>passibilitate.</span> 
     </span>
    </p>
   </div>
   <div class='ocr_carea' id='block_1_6' title="bbox 407 1713 1092 1787">
    <p class='ocr_par' dir='ltr' id='par_1_6' title="bbox 407 1713 1092 1787">
     <span class='ocr_line' id='line_1_13' title="bbox 407 1713 1092 1787; baseline -0.007 -12"><span class='ocrx_word' id='word_1_94' title='bbox 407 1720 434 1776; x_wconf 91' lang='lat' dir='ltr'>I.</span> <span class='ocrx_word' id='word_1_95' title='bbox 459 1720 514 1777; x_wconf 85' lang='lat' dir='ltr'>Do</span> <span class='ocrx_word' id='word_1_96' title='bbox 535 1719 691 1787; x_wconf 77' lang='lat' dir='ltr'>origine</span> <span class='ocrx_word' id='word_1_97' title='bbox 712 1715 892 1786; x_wconf 86' lang='lat' dir='ltr'>Corporis</span> <span class='ocrx_word' id='word_1_98' title='bbox 916 1713 1092 1775; x_wconf 59' lang='lat' dir='ltr'>Christii.</span> 
     </span>
    </p>
   </div>
   <div class='ocr_carea' id='block_1_7' title="bbox 199 1852 1295 2131">
    <p class='ocr_par' dir='ltr' id='par_1_7' title="bbox 199 1852 1295 2131">
     <span class='ocr_line' id='line_1_14' title="bbox 240 1852 1293 1937; baseline 0.002 -21"><span class='ocrx_word' id='word_1_99' title='bbox 240 1853 308 1919; x_wconf 85' lang='lat'>161.</span> <span class='ocrx_word' id='word_1_100' title='bbox 356 1868 388 1919; x_wconf 89' lang='lat'>1⁰</span> <span class='ocrx_word' id='word_1_101' title='bbox 413 1858 549 1937; x_wconf 84' lang='lat' dir='ltr'>Corpus</span> <span class='ocrx_word' id='word_1_102' title='bbox 573 1857 705 1922; x_wconf 88' lang='lat' dir='ltr'>Christi</span> <span class='ocrx_word' id='word_1_103' title='bbox 730 1872 814 1919; x_wconf 87' lang='lat' dir='ltr'>vere</span> <span class='ocrx_word' id='word_1_104' title='bbox 838 1854 1036 1918; x_wconf 88' lang='lat' dir='ltr'>humanum</span> <span class='ocrx_word' id='word_1_105' title='bbox 1061 1854 1137 1932; x_wconf 81' lang='lat' dir='ltr'>ruit,</span> <span class='ocrx_word' id='word_1_106' title='bbox 1166 1852 1204 1919; x_wconf 83' lang='lat' dir='ltr'>et</span> <span class='ocrx_word' id='word_1_107' title='bbox 1228 1873 1293 1919; x_wconf 89' lang='lat' dir='ltr'>non</span> 
     </span>
     <span class='ocr_line' id='line_1_15' title="bbox 199 1951 1292 2034; baseline 0.004 -22"><span class='ocrx_word' id='word_1_108' title='bbox 199 1951 475 2034; x_wconf 85' lang='lat' dir='ltr'>phantasticum,</span> <span class='ocrx_word' id='word_1_109' title='bbox 490 1974 531 2020; x_wconf 90' lang='lat' dir='ltr'>ac</span> <span class='ocrx_word' id='word_1_110' title='bbox 553 1973 635 2018; x_wconf 86' lang='lat' dir='ltr'>vere</span> <span class='ocrx_word' id='word_1_111' title='bbox 657 1955 820 2033; x_wconf 81' lang='lat' dir='ltr'>genitum</span> <span class='ocrx_word' id='word_1_112' title='bbox 842 1972 865 2016; x_wconf 92' lang='lat' dir='ltr'>a</span> <span class='ocrx_word' id='word_1_113' title='bbox 885 1952 992 2017; x_wconf 75' lang='lat' dir='ltr'>beata</span> <span class='ocrx_word' id='word_1_114' title='bbox 1007 1952 1126 2016; x_wconf 77' lang='lat' dir='ltr'>Maria</span> <span class='ocrx_word' id='word_1_115' title='bbox 1139 1952 1292 2033; x_wconf 88' lang='lat' dir='ltr'>Virgine.</span> 
     </span>
     <span class='ocr_line' id='line_1_16' title="bbox 199 2048 1295 2131; baseline 0.004 -21"><span class='ocrx_word' id='word_1_116' title='bbox 199 2048 251 2110; x_wconf 86' lang='lat' dir='ltr'>De</span> <span class='ocrx_word' id='word_1_117' title='bbox 255 2050 327 2130; x_wconf 82' lang='lat' dir='ltr'>fide</span> <span class='ocrx_word' id='word_1_118' title='bbox 341 2064 456 2115; x_wconf 90' lang='lat' dir='ltr'>contra</span> <span class='ocrx_word' id='word_1_119' title='bbox 473 2055 626 2126; x_wconf 88' lang='lat' dir='ltr'>Docetas‚</span> <span class='ocrx_word' id='word_1_120' title='bbox 637 2074 681 2114; x_wconf 89' lang='lat' dir='ltr'>ex</span> <span class='ocrx_word' id='word_1_121' title='bbox 698 2053 794 2114; x_wconf 90' lang='lat' dir='ltr'>variis</span> <span class='ocrx_word' id='word_1_122' title='bbox 813 2051 983 2130; x_wconf 80' lang='lat' dir='ltr'>Symbolis,</span> <span class='ocrx_word' id='word_1_123' title='bbox 993 2051 1178 2131; x_wconf 86' lang='lat' dir='ltr'>praesertIm</span> <span class='ocrx_word' id='word_1_124' title='bbox 1194 2053 1295 2114; x_wconf 71' lang='lat' dir='ltr'>Atta-</span> 
     </span>
    </p>
   </div>
   <div class='ocr_carea' id='block_1_8' title="bbox 199 2152 1297 2544">
    <p class='ocr_par' dir='ltr' id='par_1_8' title="bbox 199 2152 1297 2544">
     <span class='ocr_line' id='line_1_17' title="bbox 200 2152 1296 2230; baseline 0.005 -19"><span class='ocrx_word' id='word_1_125' title='bbox 200 2152 353 2216; x_wconf 83' lang='lat' dir='ltr'>nasiano:</span> <span class='ocrx_word' id='word_1_126' title='bbox 369 2160 384 2185; x_wconf 87' lang='lat'><strong>“</strong></span> <span class='ocrx_word' id='word_1_127' title='bbox 396 2155 498 2217; x_wconf 91' lang='lat' dir='ltr'>homo</span> <span class='ocrx_word' id='word_1_128' title='bbox 514 2166 563 2218; x_wconf 91' lang='lat' dir='ltr'>est</span> <span class='ocrx_word' id='word_1_129' title='bbox 579 2175 623 2217; x_wconf 88' lang='lat' dir='ltr'>ex</span> <span class='ocrx_word' id='word_1_130' title='bbox 639 2155 825 2217; x_wconf 76' lang='lat' dir='ltr'>substantia</span> <span class='ocrx_word' id='word_1_131' title='bbox 842 2155 956 2216; x_wconf 91' lang='lat' dir='ltr'>matris</span> <span class='ocrx_word' id='word_1_132' title='bbox 973 2155 1004 2215; x_wconf 84' lang='lat' dir='ltr'>In</span> <span class='ocrx_word' id='word_1_133' title='bbox 1021 2153 1144 2215; x_wconf 88' lang='lat' dir='ltr'>saeculo</span> <span class='ocrx_word' id='word_1_134' title='bbox 1162 2166 1260 2218; x_wconf 90' lang='lat' dir='ltr'>natus</span> <span class='ocrx_word' id='word_1_135' title='bbox 1271 2157 1296 2230; x_wconf 90' lang='lat'>’&#39;;</span> 
     </span>
     <span class='ocr_line' id='line_1_18' title="bbox 200 2255 1296 2321; baseline 0.004 -6"><span class='ocrx_word' id='word_1_136' title='bbox 200 2275 218 2315; x_wconf 92' lang='lat' dir='ltr'>e</span> <span class='ocrx_word' id='word_1_137' title='bbox 242 2255 364 2320; x_wconf 90' lang='lat' dir='ltr'>Concil.</span> <span class='ocrx_word' id='word_1_138' title='bbox 387 2257 632 2321; x_wconf 72' lang='lat' dir='ltr'>chalcedonensi</span> <span class='ocrx_word' id='word_1_139' title='bbox 656 2257 834 2320; x_wconf 88' lang='lat' dir='ltr'>definiente</span> <span class='ocrx_word' id='word_1_140' title='bbox 858 2256 1025 2320; x_wconf 90' lang='lat' dir='ltr'>Christum</span> <span class='ocrx_word' id='word_1_141' title='bbox 1049 2276 1121 2317; x_wconf 89' lang='lat' dir='ltr'>esse</span> <span class='ocrx_word' id='word_1_142' title='bbox 1145 2257 1296 2319; x_wconf 81' lang='lat' dir='ltr'>“consub-</span> 
     </span>
     <span class='ocr_line' id='line_1_19' title="bbox 199 2359 1297 2438; baseline 0.005 -22"><span class='ocrx_word' id='word_1_143' title='bbox 199 2360 383 2420; x_wconf 80' lang='lat' dir='ltr'>stantialem</span> <span class='ocrx_word' id='word_1_144' title='bbox 407 2361 495 2422; x_wconf 79' lang='lat' dir='ltr'>nobis</span> <span class='ocrx_word' id='word_1_145' title='bbox 517 2364 698 2422; x_wconf 91' lang='lat' dir='ltr'>secundum</span> <span class='ocrx_word' id='word_1_146' title='bbox 723 2359 974 2433; x_wconf 81' lang='lat' dir='ltr'>humanitatem,</span> <span class='ocrx_word' id='word_1_147' title='bbox 990 2378 1048 2438; x_wconf 88' lang='lat' dir='ltr'>per</span> <span class='ocrx_word' id='word_1_148' title='bbox 1068 2359 1185 2420; x_wconf 94' lang='lat' dir='ltr'>omnia</span> <span class='ocrx_word' id='word_1_149' title='bbox 1206 2361 1297 2423; x_wconf 91' lang='lat' dir='ltr'>nobis</span> 
     </span>
     <span class='ocr_line' id='line_1_20' title="bbox 200 2459 669 2544; baseline 0.013 -26"><span class='ocrx_word' id='word_1_150' title='bbox 200 2459 340 2521; x_wconf 85' lang='lat' dir='ltr'>similem</span> <span class='ocrx_word' id='word_1_151' title='bbox 357 2462 482 2543; x_wconf 82' lang='lat' dir='ltr'>absque</span> <span class='ocrx_word' id='word_1_152' title='bbox 497 2473 634 2544; x_wconf 87' lang='lat' dir='ltr'>peccato</span> <span class='ocrx_word' id='word_1_153' title='bbox 645 2464 669 2524; x_wconf 92' lang='lat'>&#39;&#39;.</span> 
     </span>
    </p>
   </div>
   <div class='ocr_carea' id='block_1_9' title="bbox 155 2561 1300 3788">
    <p class='ocr_par' dir='ltr' id='par_1_9' title="bbox 155 2561 1300 3788">
     <span class='ocr_line' id='line_1_21' title="bbox 243 2561 1298 2657; baseline 0 -17"><span class='ocrx_word' id='word_1_154' title='bbox 243 2573 301 2654; x_wconf 81' lang='lat' dir='ltr'>(A)</span> <span class='ocrx_word' id='word_1_155' title='bbox 328 2575 500 2657; x_wconf 80' lang='lat' dir='ltr'>Scriptura</span> <span class='ocrx_word' id='word_1_156' title='bbox 526 2578 611 2639; x_wconf 90' lang='lat' dir='ltr'>clare</span> <span class='ocrx_word' id='word_1_157' title='bbox 636 2579 734 2638; x_wconf 88' lang='lat' dir='ltr'>docet</span> <span class='ocrx_word' id='word_1_158' title='bbox 761 2577 810 2657; x_wconf 83' lang='lat' dir='ltr'>(a)</span> <span class='ocrx_word' id='word_1_159' title='bbox 838 2575 959 2639; x_wconf 89' lang='lat' dir='ltr'>Christi</span> <span class='ocrx_word' id='word_1_160' title='bbox 985 2561 1104 2655; x_wconf 86' lang='lat' dir='ltr'>corpus</span> <span class='ocrx_word' id='word_1_161' title='bbox 1132 2596 1201 2638; x_wconf 93' lang='lat' dir='ltr'>non</span> <span class='ocrx_word' id='word_1_162' title='bbox 1230 2599 1298 2640; x_wconf 91' lang='lat' dir='ltr'>esse</span> 
     </span>
     <span class='ocr_line' id='line_1_22' title="bbox 199 2663 1298 2760; baseline 0.005 -22"><span class='ocrx_word' id='word_1_163' title='bbox 199 2675 449 2756; x_wconf 90' lang='lat' dir='ltr'>phantasticum.</span> <span class='ocrx_word' id='word_1_164' title='bbox 498 2681 584 2742; x_wconf 84' lang='lat' dir='ltr'>Nam</span> <span class='ocrx_word' id='word_1_165' title='bbox 603 2663 721 2760; x_wconf 82' lang='lat' dir='ltr'>legitur</span> <span class='ocrx_word' id='word_1_166' title='bbox 733 2680 821 2758; x_wconf 90' lang='lat' dir='ltr'>apud</span> <span class='ocrx_word' id='word_1_167' title='bbox 837 2678 871 2741; x_wconf 82' lang='lat' dir='ltr'>S.</span> <span class='ocrx_word' id='word_1_168' title='bbox 886 2678 1032 2740; x_wconf 75' lang='lat' dir='ltr'>Lucams</span> <span class='ocrx_word' id='word_1_169' title='bbox 1047 2699 1054 2740; x_wconf 77' lang='grc' dir='ltr'><em>τ</em></span> <span class='ocrx_word' id='word_1_170' title='bbox 1070 2679 1222 2742; x_wconf 88' lang='lat' dir='ltr'>“Videte</span> <span class='ocrx_word' id='word_1_171' title='bbox 1234 2703 1298 2743; x_wconf 92' lang='lat' dir='ltr'>ma-</span> 
     </span>
     <span class='ocr_line' id='line_1_23' title="bbox 155 2780 1300 2863; baseline 0.009 -25"><span class='ocrx_word' id='word_1_172' title='bbox 155 2832 158 2837; x_wconf 94' lang='lat'>.</span> <span class='ocrx_word' id='word_1_173' title='bbox 201 2799 261 2841; x_wconf 89' lang='lat' dir='ltr'>nus</span> <span class='ocrx_word' id='word_1_174' title='bbox 281 2802 370 2843; x_wconf 90' lang='lat' dir='ltr'>meas</span> <span class='ocrx_word' id='word_1_175' title='bbox 392 2794 424 2845; x_wconf 89' lang='lat' dir='ltr'>et</span> <span class='ocrx_word' id='word_1_176' title='bbox 447 2786 557 2863; x_wconf 85' lang='lat' dir='ltr'>pedes,</span> <span class='ocrx_word' id='word_1_177' title='bbox 575 2785 652 2863; x_wconf 86' lang='lat' dir='ltr'>quia</span> <span class='ocrx_word' id='word_1_178' title='bbox 673 2803 735 2863; x_wconf 84' lang='lat' dir='ltr'>ego</span> <span class='ocrx_word' id='word_1_179' title='bbox 757 2784 826 2862; x_wconf 87' lang='lat' dir='ltr'>ipse</span> <span class='ocrx_word' id='word_1_180' title='bbox 847 2801 946 2842; x_wconf 90' lang='lat' dir='ltr'>sum:</span> <span class='ocrx_word' id='word_1_181' title='bbox 974 2780 1108 2861; x_wconf 90' lang='lat' dir='ltr'>palpate</span> <span class='ocrx_word' id='word_1_182' title='bbox 1127 2791 1161 2843; x_wconf 92' lang='lat' dir='ltr'>et</span> <span class='ocrx_word' id='word_1_183' title='bbox 1180 2785 1300 2858; x_wconf 88' lang='lat' dir='ltr'>videte,</span> 
     </span>
     <span class='ocr_line' id='line_1_24' title="bbox 200 2883 1299 2964; baseline 0.007 -22"><span class='ocrx_word' id='word_1_184' title='bbox 200 2884 277 2962; x_wconf 87' lang='lat' dir='ltr'>qnia</span> <span class='ocrx_word' id='word_1_185' title='bbox 303 2887 436 2964; x_wconf 89' lang='lat' dir='ltr'>spiritus</span> <span class='ocrx_word' id='word_1_186' title='bbox 463 2907 594 2948; x_wconf 89' lang='lat' dir='ltr'>carnem</span> <span class='ocrx_word' id='word_1_187' title='bbox 619 2895 652 2946; x_wconf 86' lang='lat' dir='ltr'>et</span> <span class='ocrx_word' id='word_1_188' title='bbox 678 2905 753 2945; x_wconf 91' lang='lat' dir='ltr'>ossa</span> <span class='ocrx_word' id='word_1_189' title='bbox 777 2905 841 2945; x_wconf 92' lang='lat' dir='ltr'>non</span> <span class='ocrx_word' id='word_1_190' title='bbox 867 2884 967 2945; x_wconf 89' lang='lat' dir='ltr'>habet</span> <span class='ocrx_word' id='word_1_191' title='bbox 990 2883 1075 2944; x_wconf 92' lang='lat' dir='ltr'>sicut</span> <span class='ocrx_word' id='word_1_192' title='bbox 1098 2903 1152 2944; x_wconf 89' lang='lat' dir='ltr'>me</span> <span class='ocrx_word' id='word_1_193' title='bbox 1180 2887 1299 2950; x_wconf 88' lang='lat' dir='ltr'>videtis</span> 
     </span>
     <span class='ocr_line' id='line_1_25' title="bbox 200 2985 1300 3069; baseline 0.01 -25"><span class='ocrx_word' id='word_1_194' title='bbox 200 2985 320 3047; x_wconf 87' lang='lat' dir='ltr'>habere</span> <span class='ocrx_word' id='word_1_195' title='bbox 330 2987 353 3048; x_wconf 84' lang='lat'>&#39;&#39;.</span> <span class='ocrx_word' id='word_1_196' title='bbox 402 2991 449 3052; x_wconf 94' lang='lat' dir='ltr'>Ut</span> <span class='ocrx_word' id='word_1_197' title='bbox 466 3000 558 3069; x_wconf 92' lang='lat' dir='ltr'>patet</span> <span class='ocrx_word' id='word_1_198' title='bbox 574 3010 616 3049; x_wconf 84' lang='lat' dir='ltr'>ex</span> <span class='ocrx_word' id='word_1_199' title='bbox 635 2988 697 3048; x_wconf 87' lang='lat' dir='ltr'>iilis</span> <span class='ocrx_word' id='word_1_200' title='bbox 713 2987 829 3059; x_wconf 84' lang='lat' dir='ltr'>verbis,</span> <span class='ocrx_word' id='word_1_201' title='bbox 847 2986 996 3049; x_wconf 88' lang='lat' dir='ltr'>Christus</span> <span class='ocrx_word' id='word_1_202' title='bbox 1016 2988 1086 3067; x_wconf 94' lang='lat' dir='ltr'>ipse</span> <span class='ocrx_word' id='word_1_203' title='bbox 1102 2986 1250 3054; x_wconf 86' lang='lat' dir='ltr'>affirmat</span> <span class='ocrx_word' id='word_1_204' title='bbox 1267 3013 1300 3054; x_wconf 91' lang='lat' dir='ltr'>se</span> 
     </span>
     <span class='ocr_line' id='line_1_26' title="bbox 200 3085 1300 3173; baseline 0.011 -28"><span class='ocrx_word' id='word_1_205' title='bbox 200 3087 320 3149; x_wconf 90' lang='lat' dir='ltr'>habere</span> <span class='ocrx_word' id='word_1_206' title='bbox 337 3112 448 3152; x_wconf 83' lang='lat' dir='ltr'>uerum</span> <span class='ocrx_word' id='word_1_207' title='bbox 471 3113 597 3172; x_wconf 88' lang='lat' dir='ltr'>corpus,</span> <span class='ocrx_word' id='word_1_208' title='bbox 613 3092 754 3171; x_wconf 71' lang='lat' dir='ltr'>(cantem</span> <span class='ocrx_word' id='word_1_209' title='bbox 771 3100 804 3151; x_wconf 90' lang='lat' dir='ltr'>et</span> <span class='ocrx_word' id='word_1_210' title='bbox 819 3085 906 3173; x_wconf 86' lang='lat' dir='ltr'>ossa)</span> <span class='ocrx_word' id='word_1_211' title='bbox 932 3110 996 3151; x_wconf 95' lang='lat' dir='ltr'>non</span> <span class='ocrx_word' id='word_1_212' title='bbox 1020 3099 1132 3151; x_wconf 91' lang='lat' dir='ltr'>autem</span> <span class='ocrx_word' id='word_1_213' title='bbox 1157 3093 1300 3172; x_wconf 90' lang='lat' dir='ltr'>phanta-</span> 
     </span>
     <span class='ocr_line' id='line_1_27' title="bbox 200 3191 1300 3273; baseline 0.009 -24"><span class='ocrx_word' id='word_1_214' title='bbox 200 3191 326 3252; x_wconf 88' lang='lat' dir='ltr'>sticum.</span> <span class='ocrx_word' id='word_1_215' title='bbox 384 3194 482 3256; x_wconf 89' lang='lat' dir='ltr'>Unde</span> <span class='ocrx_word' id='word_1_216' title='bbox 497 3195 705 3273; x_wconf 74' lang='lat' dir='ltr'>Augustinus</span> <span class='ocrx_word' id='word_1_217' title='bbox 720 3195 791 3254; x_wconf 63' lang='lat' dir='ltr'>aits</span> <span class='ocrx_word' id='word_1_218' title='bbox 808 3215 813 3255; x_wconf 95' lang='lat'><strong>:</strong></span> <span class='ocrx_word' id='word_1_219' title='bbox 830 3192 892 3256; x_wconf 87' lang='lat' dir='ltr'>“Si</span> <span class='ocrx_word' id='word_1_220' title='bbox 917 3192 1116 3273; x_wconf 91' lang='lat' dir='ltr'>phantasma</span> <span class='ocrx_word' id='word_1_221' title='bbox 1139 3193 1204 3257; x_wconf 88' lang='lat' dir='ltr'>suit</span> <span class='ocrx_word' id='word_1_222' title='bbox 1232 3218 1300 3259; x_wconf 93' lang='lat' dir='ltr'>cor·</span> 
     </span>
     <span class='ocr_line' id='line_1_28' title="bbox 200 3295 1298 3375; baseline 0.006 -20"><span class='ocrx_word' id='word_1_223' title='bbox 200 3314 260 3375; x_wconf 90' lang='lat' dir='ltr'>pus</span> <span class='ocrx_word' id='word_1_224' title='bbox 284 3295 415 3369; x_wconf 89' lang='lat' dir='ltr'>Christi,</span> <span class='ocrx_word' id='word_1_225' title='bbox 438 3298 552 3358; x_wconf 85' lang='lat' dir='ltr'>fefellit</span> <span class='ocrx_word' id='word_1_226' title='bbox 578 3297 737 3367; x_wconf 85' lang='lat' dir='ltr'>Christus,</span> <span class='ocrx_word' id='word_1_227' title='bbox 759 3297 879 3356; x_wconf 85' lang='lat' dir='ltr'>veritas</span> <span class='ocrx_word' id='word_1_228' title='bbox 904 3315 969 3356; x_wconf 89' lang='lat' dir='ltr'>non</span> <span class='ocrx_word' id='word_1_229' title='bbox 994 3304 1052 3356; x_wconf 92' lang='lat' dir='ltr'>est.</span> <span class='ocrx_word' id='word_1_230' title='bbox 1099 3296 1162 3358; x_wconf 90' lang='lat' dir='ltr'>Est</span> <span class='ocrx_word' id='word_1_231' title='bbox 1186 3309 1298 3362; x_wconf 91' lang='lat' dir='ltr'>autem</span> 
     </span>
     <span class='ocr_line' id='line_1_29' title="bbox 200 3398 1263 3479; baseline 0.008 -23"><span class='ocrx_word' id='word_1_232' title='bbox 200 3399 319 3458; x_wconf 88' lang='lat' dir='ltr'>veritas</span> <span class='ocrx_word' id='word_1_233' title='bbox 336 3399 505 3462; x_wconf 88' lang='lat' dir='ltr'>Christus:</span> <span class='ocrx_word' id='word_1_234' title='bbox 527 3421 592 3460; x_wconf 93' lang='lat' dir='ltr'>non</span> <span class='ocrx_word' id='word_1_235' title='bbox 610 3401 710 3479; x_wconf 84' lang='lat' dir='ltr'>igitur</span> <span class='ocrx_word' id='word_1_236' title='bbox 726 3398 787 3459; x_wconf 86' lang='lat' dir='ltr'>fuit</span> <span class='ocrx_word' id='word_1_237' title='bbox 805 3398 1003 3478; x_wconf 89' lang='lat' dir='ltr'>phantasma</span> <span class='ocrx_word' id='word_1_238' title='bbox 1019 3418 1139 3479; x_wconf 91' lang='lat' dir='ltr'>corpus</span> <span class='ocrx_word' id='word_1_239' title='bbox 1155 3400 1229 3479; x_wconf 85' lang='lat' dir='ltr'>ejus</span> <span class='ocrx_word' id='word_1_240' title='bbox 1240 3403 1263 3465; x_wconf 89' lang='lat'>&#39;&#39;.</span> 
     </span>
     <span class='ocr_line' id='line_1_30' title="bbox 200 3498 1298 3581; baseline 0.006 -20"><span class='ocrx_word' id='word_1_241' title='bbox 200 3498 250 3579; x_wconf 82' lang='lat' dir='ltr'>(b)</span> <span class='ocrx_word' id='word_1_242' title='bbox 272 3502 411 3563; x_wconf 87' lang='lat' dir='ltr'>Disertis</span> <span class='ocrx_word' id='word_1_243' title='bbox 434 3504 541 3564; x_wconf 82' lang='lat' dir='ltr'>verbis</span> <span class='ocrx_word' id='word_1_244' title='bbox 568 3502 683 3562; x_wconf 84' lang='lat' dir='ltr'>asserit</span> <span class='ocrx_word' id='word_1_245' title='bbox 709 3499 875 3563; x_wconf 89' lang='lat' dir='ltr'>Christum</span> <span class='ocrx_word' id='word_1_246' title='bbox 901 3510 1099 3581; x_wconf 91' lang='lat' dir='ltr'>conceptum</span> <span class='ocrx_word' id='word_1_247' title='bbox 1123 3511 1157 3563; x_wconf 90' lang='lat' dir='ltr'>et</span> <span class='ocrx_word' id='word_1_248' title='bbox 1180 3516 1298 3568; x_wconf 90' lang='lat' dir='ltr'>natum</span> 
     </span>
     <span class='ocr_line' id='line_1_31' title="bbox 200 3603 1299 3685; baseline 0.005 -21"><span class='ocrx_word' id='word_1_249' title='bbox 200 3624 270 3664; x_wconf 86' lang='lat' dir='ltr'>esse</span> <span class='ocrx_word' id='word_1_250' title='bbox 287 3625 329 3664; x_wconf 84' lang='lat' dir='ltr'>ex</span> <span class='ocrx_word' id='word_1_251' title='bbox 349 3606 383 3666; x_wconf 87' lang='lat' dir='ltr'>B.</span> <span class='ocrx_word' id='word_1_252' title='bbox 399 3606 554 3685; x_wconf 85' lang='lat' dir='ltr'>Virgine:</span> <span class='ocrx_word' id='word_1_253' title='bbox 571 3613 586 3636; x_wconf 74' lang='lat'>‘⁸</span> <span class='ocrx_word' id='word_1_254' title='bbox 602 3606 688 3665; x_wconf 84' lang='lat' dir='ltr'>Ecce</span> <span class='ocrx_word' id='word_1_255' title='bbox 704 3605 870 3684; x_wconf 85' lang='lat' dir='ltr'>concipies</span> <span class='ocrx_word' id='word_1_256' title='bbox 897 3603 929 3663; x_wconf 82' lang='lat' dir='ltr'>In</span> <span class='ocrx_word' id='word_1_257' title='bbox 957 3612 1050 3663; x_wconf 88' lang='lat' dir='ltr'>utero</span> <span class='ocrx_word' id='word_1_258' title='bbox 1071 3612 1103 3664; x_wconf 90' lang='lat' dir='ltr'>et</span> <span class='ocrx_word' id='word_1_259' title='bbox 1119 3605 1230 3684; x_wconf 89' lang='lat' dir='ltr'>paries</span> <span class='ocrx_word' id='word_1_260' title='bbox 1249 3610 1275 3669; x_wconf 85' lang='lat' dir='ltr'>F</span> <span class='ocrx_word' id='word_1_261' title='bbox 1278 3610 1299 3670; x_wconf 96' lang='lat' dir='ltr'>i-</span> 
     </span>
     <span class='ocr_line' id='line_1_32' title="bbox 200 3707 1298 3788; baseline 0.007 -21"><span class='ocrx_word' id='word_1_262' title='bbox 200 3707 278 3767; x_wconf 88' lang='lat' dir='ltr'>lium</span> <span class='ocrx_word' id='word_1_263' title='bbox 296 3718 328 3768; x_wconf 90' lang='lat' dir='ltr'>et</span> <span class='ocrx_word' id='word_1_264' title='bbox 344 3709 476 3771; x_wconf 86' lang='lat' dir='ltr'>vocabis</span> <span class='ocrx_word' id='word_1_265' title='bbox 494 3729 613 3770; x_wconf 89' lang='lat' dir='ltr'>nomen</span> <span class='ocrx_word' id='word_1_266' title='bbox 631 3707 701 3788; x_wconf 89' lang='lat' dir='ltr'>ejus</span> <span class='ocrx_word' id='word_1_267' title='bbox 717 3708 830 3787; x_wconf 88' lang='lat' dir='ltr'>Jesum</span> <span class='ocrx_word' id='word_1_268' title='bbox 845 3708 884 3762; x_wconf 85' lang='lat'>”5</span> <span class='ocrx_word' id='word_1_269' title='bbox 899 3731 905 3786; x_wconf 88' lang='lat'>;</span> <span class='ocrx_word' id='word_1_270' title='bbox 923 3708 1077 3768; x_wconf 89' lang='lat' dir='ltr'>eumdem</span> <span class='ocrx_word' id='word_1_271' title='bbox 1099 3728 1171 3770; x_wconf 90' lang='lat' dir='ltr'>csse</span> <span class='ocrx_word' id='word_1_272' title='bbox 1193 3709 1298 3774; x_wconf 86' lang='lat' dir='ltr'>filium</span> 
     </span>
    </p>
   </div>
   <div class='ocr_carea' id='block_1_10' title="bbox 200 3862 250 3870">
    <p class='ocr_par' dir='ltr' id='par_1_10' title="bbox 200 3862 250 3870">
     <span class='ocr_line' id='line_1_33' title="bbox 200 3862 250 3870; baseline 0 -3"><span class='ocrx_word' id='word_1_273' title='bbox 200 3862 250 3870; x_wconf 76' lang='lat'><em>...—</em></span> 
     </span>
    </p>
   </div>
   <div class='ocr_carea' id='block_1_11' title="bbox 198 3939 1296 4266">
    <p class='ocr_par' dir='ltr' id='par_1_11' title="bbox 233 3939 438 3991">
     <span class='ocr_line' id='line_1_34' title="bbox 233 3939 438 3991; baseline 0.01 -2"><span class='ocrx_word' id='word_1_274' title='bbox 233 3941 240 3962; x_wconf 86' lang='lat'>¹</span> <span class='ocrx_word' id='word_1_275' title='bbox 272 3955 313 3989; x_wconf 80' lang='lat' dir='ltr'>oo.</span> <span class='ocrx_word' id='word_1_276' title='bbox 331 3939 371 3989; x_wconf 91' lang='lat' dir='ltr'>XI</span> <span class='ocrx_word' id='word_1_277' title='bbox 433 3980 438 3991; x_wconf 90' lang='lat'>.</span> 
     </span>
    </p>

    <p class='ocr_par' dir='ltr' id='par_1_12' title="bbox 198 3939 1296 4266">
     <span class='ocr_line' id='line_1_35' title="bbox 232 3939 1296 4093; baseline 0.001 -17"><span class='ocrx_word' id='word_1_278' title='bbox 232 3939 296 4077; x_wconf 69' lang='lat' dir='ltr'>²Ci.</span> <span class='ocrx_word' id='word_1_279' title='bbox 314 4026 343 4077; x_wconf 85' lang='lat' dir='ltr'>S.</span> <span class='ocrx_word' id='word_1_280' title='bbox 364 3951 456 4078; x_wconf 49' lang='lat' dir='ltr'>deoin.</span> <span class='ocrx_word' id='word_1_281' title='bbox 475 4042 499 4093; x_wconf 91' lang='lat' dir='ltr'>q.</span> <span class='ocrx_word' id='word_1_282' title='bbox 515 4039 612 4093; x_wconf 82' lang='lat'>31·33;</span> <span class='ocrx_word' id='word_1_283' title='bbox 633 4026 749 4088; x_wconf 70' lang='lat' dir='ltr'>Srcares,</span> <span class='ocrx_word' id='word_1_284' title='bbox 763 4024 797 4075; x_wconf 93' lang='lat' dir='ltr'>de</span> <span class='ocrx_word' id='word_1_285' title='bbox 819 4022 960 4091; x_wconf 82' lang='lat' dir='ltr'>Mysteriis</span> <span class='ocrx_word' id='word_1_286' title='bbox 982 4022 1094 4084; x_wconf 89' lang='lat' dir='ltr'>Christi,</span> <span class='ocrx_word' id='word_1_287' title='bbox 1113 4021 1184 4090; x_wconf 91' lang='lat' dir='ltr'>disp.</span> <span class='ocrx_word' id='word_1_288' title='bbox 1201 4025 1296 4088; x_wconf 88' lang='lat' dir='ltr'>X-XI;</span> 
     </span>
     <span class='ocr_line' id='line_1_36' title="bbox 200 4109 1294 4178; baseline 0.001 -16"><span class='ocrx_word' id='word_1_289' title='bbox 200 4112 341 4175; x_wconf 66' lang='lat' dir='ltr'>Pedanius,</span> <span class='ocrx_word' id='word_1_290' title='bbox 356 4112 372 4163; x_wconf 90' lang='grc' dir='ltr'>Ι.</span> <span class='ocrx_word' id='word_1_291' title='bbox 390 4113 468 4173; x_wconf 87' lang='lat' dir='ltr'>XIV,</span> <span class='ocrx_word' id='word_1_292' title='bbox 484 4129 507 4164; x_wconf 89' lang='lat' dir='ltr'>c.</span> <span class='ocrx_word' id='word_1_293' title='bbox 521 4124 547 4178; x_wconf 79' lang='lat'>33</span> <span class='ocrx_word' id='word_1_294' title='bbox 570 4111 705 4178; x_wconf 60' lang='lat' dir='ltr'>Legrand,</span> <span class='ocrx_word' id='word_1_295' title='bbox 717 4110 782 4163; x_wconf 79' lang='lat' dir='ltr'>diss,</span> <span class='ocrx_word' id='word_1_296' title='bbox 798 4111 846 4174; x_wconf 86' lang='lat' dir='ltr'>IX,</span> <span class='ocrx_word' id='word_1_297' title='bbox 861 4126 882 4162; x_wconf 89' lang='lat' dir='ltr'>c.</span> <span class='ocrx_word' id='word_1_298' title='bbox 896 4125 918 4161; x_wconf 81' lang='lat'>2.</span> <span class='ocrx_word' id='word_1_299' title='bbox 928 4127 953 4162; x_wconf 88' lang='lat' dir='ltr'>a.</span> <span class='ocrx_word' id='word_1_300' title='bbox 969 4121 991 4176; x_wconf 82' lang='grc'>5,</span> <span class='ocrx_word' id='word_1_301' title='bbox 1006 4109 1094 4161; x_wconf 91' lang='lat' dir='ltr'>concl.</span> <span class='ocrx_word' id='word_1_302' title='bbox 1108 4125 1135 4172; x_wconf 84' lang='lat'>2;</span> <span class='ocrx_word' id='word_1_303' title='bbox 1155 4111 1294 4173; x_wconf 75' lang='lat' dir='ltr'>Billuarr,</span> 
     </span>
     <span class='ocr_line' id='line_1_37' title="bbox 198 4195 1292 4266; baseline 0.003 -18"><span class='ocrx_word' id='word_1_304' title='bbox 198 4196 233 4248; x_wconf 90' lang='lat' dir='ltr'>de</span> <span class='ocrx_word' id='word_1_305' title='bbox 248 4197 389 4265; x_wconf 80' lang='lat' dir='ltr'>Mysteriis</span> <span class='ocrx_word' id='word_1_306' title='bbox 403 4197 514 4265; x_wconf 85' lang='lat' dir='ltr'>Christi,</span> <span class='ocrx_word' id='word_1_307' title='bbox 531 4198 597 4250; x_wconf 90' lang='lat' dir='ltr'>diss.</span> <span class='ocrx_word' id='word_1_308' title='bbox 614 4198 683 4260; x_wconf 87' lang='lat' dir='ltr'>I-II;</span> <span class='ocrx_word' id='word_1_309' title='bbox 702 4197 846 4262; x_wconf 70' lang='lat' dir='ltr'>Stenlrup,</span> <span class='ocrx_word' id='word_1_310' title='bbox 864 4197 901 4249; x_wconf 89' lang='lat' dir='ltr'>th.</span> <span class='ocrx_word' id='word_1_311' title='bbox 919 4195 1137 4261; x_wconf 77' lang='lat' dir='ltr'>113Fran2elin,</span> <span class='ocrx_word' id='word_1_312' title='bbox 1151 4196 1190 4247; x_wconf 90' lang='lat' dir='ltr'>th.</span> <span class='ocrx_word' id='word_1_313' title='bbox 1205 4212 1292 4266; x_wconf 76' lang='grc'>14-15.</span> 
     </span>
    </p>
   </div>
   <div class='ocr_carea' id='block_1_12' title="bbox 224 4278 1294 4358">
    <p class='ocr_par' dir='ltr' id='par_1_13' title="bbox 224 4278 1294 4358">
     <span class='ocr_line' id='line_1_38' title="bbox 224 4278 1294 4358; baseline -0.007 -17"><span class='ocrx_word' id='word_1_314' title='bbox 224 4279 311 4342; x_wconf 74' lang='lat' dir='ltr'>³er</span> <span class='ocrx_word' id='word_1_315' title='bbox 328 4287 440 4356; x_wconf 85' lang='lat' dir='ltr'>XXIV,</span> <span class='ocrx_word' id='word_1_316' title='bbox 456 4302 497 4358; x_wconf 76' lang='lat'>39.</span> <span class='ocrx_word' id='word_1_317' title='bbox 515 4284 572 4325; x_wconf 80' lang='lat'>—⁴</span> <span class='ocrx_word' id='word_1_318' title='bbox 586 4285 649 4340; x_wconf 88' lang='lat' dir='ltr'>Lib.</span> <span class='ocrx_word' id='word_1_319' title='bbox 666 4284 704 4337; x_wconf 90' lang='lat' dir='ltr'>de</span> <span class='ocrx_word' id='word_1_320' title='bbox 716 4283 772 4336; x_wconf 79' lang='lat' dir='ltr'>diu.</span> <span class='ocrx_word' id='word_1_321' title='bbox 786 4281 1011 4350; x_wconf 45' lang='lat' dir='ltr'>quaesumus.</span> <span class='ocrx_word' id='word_1_322' title='bbox 1024 4294 1069 4340; x_wconf 66' lang='lat' dir='ltr'>aa.</span> <span class='ocrx_word' id='word_1_323' title='bbox 1079 4278 1130 4316; x_wconf 68' lang='grc'>-“</span> <span class='ocrx_word' id='word_1_324' title='bbox 1144 4283 1208 4332; x_wconf 80' lang='lat' dir='ltr'>Luc.</span> <span class='ocrx_word' id='word_1_325' title='bbox 1219 4283 1243 4344; x_wconf 72' lang='grc' dir='ltr'>Ι,</span> <span class='ocrx_word' id='word_1_326' title='bbox 1256 4299 1294 4351; x_wconf 72' lang='lat'>3¹·</span> 
     </span>
    </p>
   </div>
   <div class='ocr_carea' id='block_1_13' title="bbox 0 0 1346 4634">
    <p class='ocr_par' dir='ltr' id='par_1_14' title="bbox 0 0 1346 4634">
     <span class='ocr_line' id='line_1_39' title="bbox 0 0 1346 4634; baseline 0 0"><span class='ocrx_word' id='word_1_327' title='bbox 0 0 1346 4634; x_wconf 95' lang='lat' dir='ltr'> </span> 
     </span>
    </p>
   </div>
  </div>
 </body>
</html>
